{"host":"o98f72bjn8jxgroo","time":1612046974,"event":{"mods":["Act Like it!","BaseMod","ChefMod","Dio Mod","Fox Events","GifTheSpireLib","Hermit","Jedi Mod","Minty Spire (QoL Compilation)","Morshu Shopkeeper","Relic Stats","Reliquary","Smile Girya","Spicy Shops","StSLib","The Blackbeard","The Saiyan"],"gold_per_floor":[213,213,213,226,226,226,246,131,185,185,236,255,276,291,291,291,291],"floor_reached":16,"language":"PTB","playtime":880,"items_purged":[],"score":92,"play_id":"ef8dbeb5-c5bf-4ca0-b6e5-2f89c659ed0e","local_time":"20210130204934","is_ascension_mode":false,"campfire_choices":[{"data":"hermit:CursedWeapon","floor":6,"key":"SMITH"},{"data":"hermit:Snapshot","floor":15,"key":"SMITH"}],"circlet_count":0,"master_deck":["hermit:Strike_Hermit","hermit:Strike_Hermit+1","hermit:Strike_Hermit+1","hermit:Strike_Hermit","hermit:Defend_Hermit","hermit:Defend_Hermit","hermit:Defend_Hermit","hermit:Defend_Hermit+1","hermit:Snapshot+1","hermit:Covet","hermit:CursedWeapon+1","Injury","hermit:FullyLoaded","Regret","hermit:Shortfuse+1","hermit:CalledShot","hermit:ShadowCloak","hermit:PistolWhip"],"relics":["hermit:Momento","The Courier","Golden Idol","Question Card","reliquary:SharkskinSheath","Whetstone","Bronze Scales"],"acts_visited":["Exordium"],"potions_floor_usage":[14],"damage_taken":[{"damage":1,"enemies":"Jaw Worm","floor":1,"turns":3},{"damage":3,"enemies":"2 Louse","floor":4,"turns":3},{"damage":9,"enemies":"Small Slimes","floor":7,"turns":3},{"damage":12,"enemies":"Looter","floor":12,"turns":3},{"damage":17,"enemies":"2 Fungi Beasts","floor":13,"turns":3},{"damage":9,"enemies":"Large Slime","floor":14,"turns":3},{"damage":2,"enemies":"Slime Boss","floor":16,"turns":2}],"seed_played":"2181572944779216157","potions_obtained":[{"floor":1,"key":"DistilledChaos"},{"floor":7,"key":"hermit:Eclipse"},{"floor":12,"key":"BlessingOfTheForge"}],"is_trial":false,"path_per_floor":["M","?","?","M","?","R","M","$","T","?","T","M","M","M","R","B"],"character_chosen":"HERMIT","items_purchased":["reliquary:SharkskinSheath"],"campfire_rested":0,"item_purchase_floors":[8],"current_hp_per_floor":[74,67,67,64,64,64,55,55,55,40,40,28,11,2,2,0,0],"gold":291,"neow_bonus":"HUNDRED_GOLD","is_daily":false,"chose_seed":false,"campfire_upgraded":2,"win_rate":0.0,"timestamp":1612046974,"path_taken":["M","?","?","M","?","R","M","?","T","?","?","M","?","?","R","BOSS"],"items_purchased_type":["Relic"],"build_version":"2020-12-22","purchased_purges":0,"victory":false,"max_hp_per_floor":[75,75,75,75,75,75,75,75,75,75,75,75,75,75,75,75,75],"relic_stats":{"counters":[7,20],"Golden Idol":18,"Bronze Scales":[18],"Whetstone":["hermit:Strike_Hermit","hermit:Strike_Hermit"],"Question Card":4,"obtain_stats":[{"Golden Idol":3,"Bronze Scales":11,"The Courier":2,"Whetstone":9,"Question Card":5,"hermit:Momento":0,"reliquary:SharkskinSheath":8},{"Golden Idol":1,"Bronze Scales":3,"The Courier":1,"Whetstone":3,"Question Card":2,"hermit:Momento":0,"reliquary:SharkskinSheath":3},{"Golden Idol":3,"Bronze Scales":9,"The Courier":3,"Whetstone":9,"Question Card":6,"hermit:Momento":0,"reliquary:SharkskinSheath":9}]},"card_choices":[{"not_picked":["hermit:NoHoldsBarred","hermit:Horror"],"picked":"hermit:CursedWeapon","floor":1},{"not_picked":["hermit:NoHoldsBarred","hermit:WideOpen"],"picked":"hermit:FullyLoaded","floor":4},{"not_picked":["hermit:Snipe","hermit:Manifest","hermit:HighCaliber"],"picked":"hermit:Shortfuse","floor":7},{"not_picked":["hermit:Headshot","hermit:FullyLoaded","hermit:Combo"],"picked":"hermit:CalledShot","floor":12},{"not_picked":["hermit:Headshot","hermit:Shortfuse","hermit:Ricochet"],"picked":"hermit:ShadowCloak","floor":13},{"not_picked":["hermit:Ricochet","hermit:Desperado","hermit:CalledShot"],"picked":"hermit:PistolWhip","floor":14}],"player_experience":384351,"relics_obtained":[{"floor":9,"key":"Whetstone"},{"floor":11,"key":"Bronze Scales"}],"event_choices":[{"damage_healed":0,"gold_gain":0,"player_choice":"Success","damage_taken":7,"relics_obtained":["The Courier"],"max_hp_gain":0,"max_hp_loss":0,"event_name":"Scrap Ooze","floor":2,"gold_loss":0},{"damage_healed":0,"gold_gain":0,"player_choice":"Take Wound","damage_taken":0,"relics_obtained":["Golden Idol"],"max_hp_gain":0,"max_hp_loss":0,"event_name":"Golden Idol","floor":3,"gold_loss":0,"cards_obtained":["Injury"]},{"damage_healed":0,"gold_gain":0,"player_choice":"Box","damage_taken":0,"relics_obtained":["Question Card"],"max_hp_gain":0,"max_hp_loss":0,"event_name":"Big Fish","floor":5,"gold_loss":0,"cards_obtained":["Regret"]},{"damage_healed":0,"gold_gain":0,"player_choice":"Entered Light","damage_taken":15,"max_hp_gain":0,"max_hp_loss":0,"event_name":"Shining Light","floor":10,"gold_loss":0,"cards_upgraded":["hermit:Shortfuse","hermit:Defend_Hermit"]}],"is_beta":false,"boss_relics":[],"items_purged_floors":[],"is_endless":false,"potions_floor_spawned":[1,7,12],"killed_by":"Slime Boss","ascension_level":0}}