{"host":"1ewexarttg8tjb6w","time":1612012633,"event":{"mods":["ATMod(°¢èªMod)","Act Like it!","Arknights The Spire","Aspiration","BaseMod","Colored Powertips","Downfall","Gensokyo","Marisa£¨ìFÓê¡¡Ä§ÀíÉ³£©","Minty Spire (QoL Compilation)","SIMod","StSLib","The Bug Knight","The Construct","The Jungle","The Servant 0.9.4"],"gold_per_floor":[99,115,132,132,144,144,144,144,144,154,154,154,57,84,101,101,101,101],"floor_reached":16,"language":"ZHS","playtime":1062,"items_purged":[],"score":100,"play_id":"600c4101-c018-4aa0-970a-30366b677889","local_time":"20210130211713","is_ascension_mode":false,"campfire_choices":[],"circlet_count":0,"master_deck":["sneckomod:Strike","sneckomod:Strike","sneckomod:Strike","sneckomod:Defend","sneckomod:Defend","sneckomod:Defend","sneckomod:TailWhip","sneckomod:SnekBite","AT_FamilyPortrait","sneckomod:Unknown1Cost","sneckomod:UnknownWeak","ReinventMyself","sneckomod:Nope","Loyalty","sneckomod:Unknown2Cost","sneckomod:SnakeSap","sneckomod:ImprovisedGuard","sneckomod:UnendingSupply"],"relics":["sneckomod:SneckoSoul","AT_ATBox","Regal Pillow","Pyrelight","aspiration:HummingbirdHeart","Gremlin Horn"],"acts_visited":["Exordium"],"potions_floor_usage":[14,16,16],"damage_taken":[{"damage":0,"enemies":"Small Slimes","floor":2,"turns":4},{"damage":2,"enemies":"2 Louse","floor":3,"turns":2},{"damage":6,"enemies":"Cultist","floor":5,"turns":4},{"damage":11,"enemies":"Large Slime","floor":10,"turns":4},{"damage":0,"enemies":"downfall:FleeingMerchant","floor":13,"turns":4},{"damage":35,"enemies":"3 Sentries","floor":14,"turns":11},{"damage":0,"enemies":"3 Louse","floor":15,"turns":3},{"damage":116,"enemies":"WA_ARCHETYPE_RETAIN","floor":16,"turns":10}],"seed_played":"6234301249132832549","potions_obtained":[{"floor":2,"key":"FairyPotion"},{"floor":12,"key":"Energy Potion"},{"floor":12,"key":"Fire Potion"},{"floor":14,"key":"Block Potion"}],"is_trial":false,"path_per_floor":["R","M","M","?","M","?","T","R","?","M","R","?","$","E","M","B"],"character_chosen":"THE_SNECKO","items_purchased":["sneckomod:SnakeSap"],"campfire_rested":0,"item_purchase_floors":[13],"current_hp_per_floor":[99,99,97,97,91,91,91,91,91,80,80,80,80,54,54,0,0,0],"gold":101,"neow_bonus":"TEN_PERCENT_HP_BONUS","is_daily":false,"chose_seed":false,"campfire_upgraded":0,"win_rate":0.0,"timestamp":1612012633,"path_taken":["R","M","M","?","M","?","T","R","?","M","R","?","$","E","M","BOSS"],"items_purchased_type":["Card"],"build_version":"2020-12-22","purchased_purges":0,"victory":false,"max_hp_per_floor":[99,99,99,99,99,99,99,99,99,99,99,99,99,99,99,99,99,99],"card_choices":[{"not_picked":["sneckomod:RainOfDice","sneckomod:UnknownWeak"],"picked":"sneckomod:Unknown1Cost","floor":2},{"not_picked":["sneckomod:UnknownVulnerable","sneckomod:DiceBlock"],"picked":"sneckomod:UnknownExhaust","floor":3},{"not_picked":["sneckomod:UnknownBlock","sneckomod:Mudshield"],"picked":"sneckomod:UnknownWeak","floor":5},{"not_picked":["sneckomod:UnknownVulnerable","sneckomod:MasterEye"],"picked":"sneckomod:Nope","floor":10},{"not_picked":["sneckomod:MasterEye","sneckomod:DiceCrush"],"picked":"sneckomod:Unknown2Cost","floor":13},{"not_picked":["sneckomod:UnknownCommonSkill","sneckomod:RainOfDice"],"picked":"sneckomod:ImprovisedGuard","floor":14},{"not_picked":["sneckomod:UnknownCommonSkill","sneckomod:QuickMove"],"picked":"sneckomod:UnendingSupply","floor":15}],"player_experience":78520,"relics_obtained":[{"floor":7,"key":"aspiration:HummingbirdHeart"},{"floor":14,"key":"Gremlin Horn"}],"event_choices":[{"cards_removed":["Yay"],"damage_healed":0,"gold_gain":0,"player_choice":"Card Removal","damage_taken":0,"max_hp_gain":0,"max_hp_loss":0,"event_name":"The Cleric","floor":9,"gold_loss":0},{"damage_healed":0,"gold_gain":0,"player_choice":"Got Potions","damage_taken":0,"max_hp_gain":0,"max_hp_loss":0,"event_name":"Lab","floor":12,"gold_loss":0}],"is_beta":false,"boss_relics":[],"items_purged_floors":[],"is_endless":false,"potions_floor_spawned":[2,14,15],"killed_by":"WA_ARCHETYPE_RETAIN","ascension_level":0}}