{"host":"6xsbn6ynqlzwllfm","time":1612001862,"event":{"mods":["2.2 Compatiblity","BaseMod","Bestiary","Colored Map","Colored Powertips","Curses Come First","Highlight Path","Keyboard Shortcuts","Minty Spire (QoL Compilation)","Relic Stats","Slay the Relics Exporter","StSLib","SuperFastMode"],"gold_per_floor":[113,113,123,123,136,163,163,183,183,212,212,177,202,217,217,294,294,309,309,27,27,27,27,27],"floor_reached":23,"language":"ENG","playtime":824,"items_purged":[],"score":514,"play_id":"9996f593-198e-4ad6-bb9b-9d493f544673","local_time":"20210130051742","is_ascension_mode":true,"campfire_choices":[{"data":"LessonLearned","floor":7.0,"key":"SMITH"},{"data":"Tantrum","floor":15.0,"key":"SMITH"}],"circlet_count":0,"master_deck":["AscendersBane","Strike_P+1","Strike_P+1","Strike_P+1","Strike_P+1","Defend_P+1","Defend_P+1","Defend_P+1","Defend_P+1","Eruption+1","Vigilance","FlyingSleeves+1","EmptyFist","LessonLearned+1","SandsOfTime+1","JustLucky","Tantrum+1","DevaForm+1","Vigilance"],"relics":["PureWater","Dream Catcher","Juzu Bracelet","Orichalcum","Meat on the Bone","Mercury Hourglass","Frozen Egg 2","Sozu","Mummified Hand"],"acts_visited":["Exordium","TheCity"],"potions_floor_usage":[23],"damage_taken":[{"damage":14.0,"enemies":"2 Louse","floor":1.0,"turns":3.0},{"damage":0.0,"enemies":"Small Slimes","floor":3.0,"turns":2.0},{"damage":0.0,"enemies":"Cultist","floor":5.0,"turns":2.0},{"damage":7.0,"enemies":"Lagavulin","floor":6.0,"turns":7.0},{"damage":23.0,"enemies":"Large Slime","floor":8.0,"turns":6.0},{"damage":10.0,"enemies":"Gremlin Nob","floor":10.0,"turns":3.0},{"damage":5.0,"enemies":"Lagavulin","floor":13.0,"turns":5.0},{"damage":9.0,"enemies":"Looter","floor":14.0,"turns":3.0},{"damage":0.0,"enemies":"Slime Boss","floor":16.0,"turns":3.0},{"damage":12.0,"enemies":"3 Byrds","floor":18.0,"turns":5.0},{"damage":51,"enemies":"Book of Stabbing","floor":23,"turns":5}],"seed_played":"7663430038143142293","potions_obtained":[{"floor":1.0,"key":"EntropicBrew"},{"floor":3.0,"key":"BottledMiracle"},{"floor":10.0,"key":"DistilledChaos"},{"floor":13.0,"key":"Explosive Potion"}],"is_trial":false,"path_per_floor":["M","?","M","?","M","E","R","M","T","E","?","?","E","M","R","B",null,"M","?","$","?","?","E"],"character_chosen":"WATCHER","items_purchased":["Mummified Hand"],"campfire_rested":0,"item_purchase_floors":[20],"current_hp_per_floor":[47,47,47,47,47,40,40,17,17,7,2,19,26,29,29,41,61,49,49,49,49,49,0,0],"gold":27,"neow_bonus":"RANDOM_COMMON_RELIC","is_daily":false,"chose_seed":false,"campfire_upgraded":2,"win_rate":0.0,"timestamp":1612001862,"path_taken":["M","?","M","?","M","E","R","M","T","E","?","?","E","M","R","BOSS","M","?","$","?","?","E"],"items_purchased_type":["Relic"],"build_version":"2020-12-22","purchased_purges":0,"victory":false,"max_hp_per_floor":[68,68,68,68,68,68,68,68,68,68,68,68,68,68,68,68,68,68,68,68,68,68,68,68],"relic_stats":{"Sozu":1,"Dream Catcher":0,"counters":[11,44],"Mummified Hand":[2],"Juzu Bracelet":2,"Orichalcum":[48],"obtain_stats":[{"Sozu":17,"Dream Catcher":0,"Mummified Hand":20,"Juzu Bracelet":6,"PureWater":0,"Orichalcum":9,"Frozen Egg 2":13,"Meat on the Bone":10,"Mercury Hourglass":11},{"Sozu":9,"Dream Catcher":0,"Mummified Hand":10,"Juzu Bracelet":4,"PureWater":0,"Orichalcum":5,"Frozen Egg 2":7,"Meat on the Bone":6,"Mercury Hourglass":6},{"Sozu":34,"Dream Catcher":0,"Mummified Hand":39,"Juzu Bracelet":14,"PureWater":0,"Orichalcum":20,"Frozen Egg 2":28,"Meat on the Bone":23,"Mercury Hourglass":23}],"Meat on the Bone":36,"Mercury Hourglass":[69]},"card_choices":[{"not_picked":["EmptyMind","Nirvana"],"picked":"FlyingSleeves","floor":1.0},{"not_picked":["FollowUp","FlyingSleeves"],"picked":"EmptyFist","floor":5.0},{"not_picked":["CutThroughFate","Wallop"],"picked":"LessonLearned","floor":6.0},{"not_picked":["FlyingSleeves","Crescendo"],"picked":"SandsOfTime","floor":8.0},{"not_picked":["ClearTheMind","Swivel"],"picked":"JustLucky","floor":10.0},{"not_picked":["Adaptation+1","Protect"],"picked":"Tantrum","floor":14.0},{"not_picked":["Judgement","ConjureBlade"],"picked":"DevaForm+1","floor":16.0}],"player_experience":1269027,"relics_obtained":[{"floor":6.0,"key":"Juzu Bracelet"},{"floor":9.0,"key":"Orichalcum"},{"floor":10.0,"key":"Meat on the Bone"},{"floor":13.0,"key":"Frozen Egg 2"}],"event_choices":[{"damage_healed":0.0,"max_hp_gain":0.0,"max_hp_loss":0.0,"gold_gain":0.0,"event_name":"Liars Game","player_choice":"Ignored","floor":2.0,"gold_loss":0.0,"damage_taken":0.0},{"damage_healed":0.0,"max_hp_gain":0.0,"max_hp_loss":0.0,"gold_gain":0.0,"event_name":"Upgrade Shrine","player_choice":"Upgraded","floor":4.0,"gold_loss":0.0,"damage_taken":0.0,"cards_upgraded":["FlyingSleeves"]},{"damage_healed":0.0,"max_hp_gain":0.0,"max_hp_loss":0.0,"gold_gain":0.0,"event_name":"Scrap Ooze","player_choice":"Success","floor":11.0,"gold_loss":0.0,"damage_taken":5.0,"relics_obtained":["Mercury Hourglass"]},{"damage_healed":17.0,"max_hp_gain":0.0,"max_hp_loss":0.0,"gold_gain":0.0,"event_name":"The Cleric","player_choice":"Healed","floor":12.0,"gold_loss":35.0,"damage_taken":0.0},{"damage_healed":0.0,"max_hp_gain":0.0,"max_hp_loss":0.0,"gold_gain":0.0,"event_name":"The Mausoleum","player_choice":"Ignored","floor":19.0,"gold_loss":0.0,"damage_taken":0.0},{"damage_healed":0.0,"max_hp_gain":0.0,"max_hp_loss":0.0,"gold_gain":0.0,"event_name":"Duplicator","player_choice":"Copied","floor":21.0,"gold_loss":0.0,"damage_taken":0.0,"cards_obtained":["Vigilance"]},{"damage_healed":0.0,"max_hp_gain":0.0,"max_hp_loss":0.0,"gold_gain":0.0,"event_name":"Back to Basics","player_choice":"Simplicity","floor":22.0,"gold_loss":0.0,"damage_taken":0.0,"cards_upgraded":["Strike_P","Strike_P","Defend_P","Defend_P","Defend_P"]}],"is_beta":false,"boss_relics":[{"not_picked":["Calling Bell","Astrolabe"],"picked":"Sozu"}],"items_purged_floors":[],"is_endless":false,"potions_floor_spawned":[1,3,10,13,14,18],"killed_by":"Book of Stabbing","ascension_level":20}}