{"host":"nt5s8w9te9kjrjx1","time":1612046312,"event":{"mods":["100% Spire Juice","2.2 Compatiblity","A Penny For Your Troubles","Abigail Mod","AchievementEnabler","Act Like it!","Aspiration","BaseMod","Better Altar","Better Match","Better Note","Better Sensory Stone","Better Skull","Better Third Choice","Better Vampires","Better-Laid Plans","BetterRewards","CapriCore","Card Forge","Colored Powertips","Conspire","Curses Come First","Displayed Cursed Tome","Energized Spire","Evolution","Gensokyo","Gold Saver","Good Game Mod","GungeonMod","Halation","Hallownest","Hermit","HexUI Lib","Highlight Path","HololiveMod","Hubris","Infinite Spire","Jess\u0027s Bottle","Jorbs\u0027s Wanderer Trilogy","Koishi","Luminous","Mari Mod (Legacy)","Mari\u0027s V1 Patch","Marisa????????","Marked Mod","Mimic Mod","Minty Spire (QoL Compilation)","MostiFishMod","Pale of the Ancients","Quick Restart","Rare Cards Sparkle","Red Circlet Mod","Reimu??????","Relic Filter Mod","Reliquary","Remilia??????","Reorder Act Four","Replay The Spire","Retaliation","Shade Mod","Small Relic Pack","Smile Girya","Spicy Shops","Spikes Relics","Spire Arcade","StS++","StSLib","Steal the Spire","The Administrix","The Animator","The Blue Laboratory","The Caster","The Construct","The Cursed","The Gatherer","The Jungle","The Marked","The Mystic","The Necromancer","The Sage","The Servant 0.9.4","The Wild Card","TheVacant","Transform Curses","Uncapped","Virulent Crown","WarShipGirlsR/????R mod"],"gold_per_floor":[121431,121446,121446,121436,120069,120080,120110,120129,120129,120129,120129,118996,118502,118516,118516,118636,118636,118636],"floor_reached":17,"language":"ENG","playtime":499,"items_purged":[],"score":403,"play_id":"a6c817a1-ec3d-4a1c-88c3-d8bc45c13d31","local_time":"20210130223832","is_ascension_mode":true,"campfire_choices":[{"data":"aspiration:Polymerization","floor":11,"key":"SMITH"},{"data":"hubris:InfiniteBlow+1","floor":15,"key":"SMITH"}],"circlet_count":0,"master_deck":["Compile Driver+1","Compile Driver+1","Compile Driver+1","Compile Driver+1","Leap+1","Leap+1","Leap+1","Leap+1","Zap+1","Dualcast+1","Rage+1","Cold Snap+1","BootSequence+1","StSpp:CopyPaste+1","StSpp:CopyPaste+1","Undo+1","Undo+1","Recycle+1","Loop+1","aspiration:Polymerization+1","BootSequence+1","hubris:InfiniteBlow+2","MostiFishMod:ActiveDefenseSystem+1","Core Surge"],"relics":["Cracked Core","Hammer of Thor","Seething Fire","Anvil of the Gods","EVO:Axolotl","DaveBox","REME:ComplimentaryCards","SnailShell","Civilization","SynthV:TestCard","relicPack:AllForOne","FossilizedHelix","hubris:MysteriousPyramids","relicPack:SpireResearchBook","DemoMod:ClearGuonStone","hubris:GlazedTorus","halation:NonexistentMirror","DemoMod:GlassGuonStoneRelic","Replay:Rubber Ducky","DemoMod:MonsterBlood","Golden Idol","StSpp:WoodenPendulum","aspiration:FaultyCoupler","Lee\u0027s Waffle","hubris:EmptyBottle","hubris:CrystalStatue","energizedSpire:OldTV"],"acts_visited":["Exordium","Exordium"],"potions_floor_usage":[],"damage_taken":[{"damage":0,"enemies":"Small Slimes","floor":1,"turns":2},{"damage":0,"enemies":"conspire:RoseBush","floor":2,"turns":2},{"damage":0,"enemies":"Jaw Worm","floor":6,"turns":2},{"damage":0,"enemies":"Replay:BlueRogue","floor":7,"turns":2},{"damage":0,"enemies":"conspire:2 RoseBushes","floor":8,"turns":2},{"damage":0,"enemies":"Blue Slaver","floor":14,"turns":2},{"damage":0,"enemies":"Slime Boss","floor":16,"turns":2}],"seed_played":"-8913019349617561755","potions_obtained":[{"floor":6,"key":"FocusPotion"},{"floor":7,"key":"blueLaboratory:CoolantVial"}],"is_trial":false,"path_per_floor":["M","M","?","?","$","M","E","M","T","?","R","$","?","M","R","B",null],"character_chosen":"DEFECT","items_purchased":["FossilizedHelix","hubris:MysteriousPyramids","relicPack:SpireResearchBook","DemoMod:ClearGuonStone","hubris:GlazedTorus","halation:NonexistentMirror","StSpp:CopyPaste","Undo+1","StSpp:WoodenPendulum","aspiration:FaultyCoupler","Lee\u0027s Waffle","hubris:EmptyBottle","hubris:CrystalStatue","BootSequence"],"campfire_rested":0,"item_purchase_floors":[5,5,5,5,5,5,5,5,12,12,12,12,12,12],"current_hp_per_floor":[80,83,83,83,83,87,92,97,104,96,96,103,103,108,108,113,113,113],"gold":118636,"neow_bonus":"RANDOM_COMMON_RELIC","is_daily":false,"chose_seed":false,"campfire_upgraded":2,"win_rate":0.0,"timestamp":1612046312,"path_taken":["M","M","?","?","$","M","E","M","T","?","R","$","?","M","R","BOSS"],"items_purchased_type":["Relic","Relic","Relic","Relic","Relic","Relic","Card","Card","Relic","Relic","Relic","Relic","Relic","Card"],"build_version":"2020-12-22","purchased_purges":0,"victory":false,"max_hp_per_floor":[80,83,83,83,83,87,92,97,104,96,96,103,103,108,108,113,113,113],"card_choices":[{"not_picked":["Leap","BasicCrystalCard"],"picked":"Cold Snap","floor":1},{"not_picked":["Compile Driver","Undo","Skim","Panic Button"],"picked":"BootSequence","floor":2},{"not_picked":["Leap","StSpp:CopyPaste","Hologram","Redo"],"picked":"Recycle","floor":6},{"not_picked":["Barrage","Defragment","Compile Driver","Panic Button"],"picked":"Loop","floor":7},{"not_picked":["Self Repair","Cold Snap","Steam","MostiFishMod:PushDownKick"],"picked":"aspiration:Polymerization","floor":8},{"not_picked":["infinitespire:FinalStrike","infinitespire:Starlight"],"picked":"hubris:InfiniteBlow","floor":13},{"not_picked":["Coolheaded","Conserve Battery","Double Energy","Barrage","Streamline","hubris:Ukulele"],"picked":"MostiFishMod:ActiveDefenseSystem","floor":14},{"not_picked":["ReplayTheSpireMod:Omega Cannon","Multi-Cast","Biased Cognition","Seek","MostiFishMod:TalkingToTheRain","Reboot"],"picked":"Core Surge","floor":16}],"player_experience":202781,"relics_obtained":[{"floor":1,"key":"SynthV:TestCard"},{"floor":7,"key":"Replay:Rubber Ducky"},{"floor":9,"key":"DemoMod:MonsterBlood"}],"event_choices":[{"damage_healed":0,"gold_gain":0,"player_choice":"Lose Max HP","damage_taken":0,"relics_obtained":["Golden Idol"],"max_hp_gain":0,"max_hp_loss":8,"event_name":"Golden Idol","floor":10,"gold_loss":0}],"is_beta":false,"boss_relics":[{"not_picked":["StSpp:Balance","halation:LoveArrow"],"picked":"energizedSpire:OldTV"}],"items_purged_floors":[],"is_endless":false,"potions_floor_spawned":[6,7,14],"ascension_level":2}}