{"host":"szp1d6dso4pv7ddl","time":1612043664,"event":{"mods":["AchievementEnabler","Alarm Clock","BaseMod","Bestiary","Block Reminder","Colored Map","Colored Powertips","Curses Come First","Dark Map","Displayed Cursed Tome","Highlight Path","Minty Spire (QoL Compilation)","Permanent Neow","Quick Restart","Relic Sorter","Relic Stats","StSLib","Synergy Search"],"gold_per_floor":[111,111,36,36,46,46,60,21,21,35,47,67,67,85,85,161,161,180,180,180,199,250,250,263,88,113,125,0,14,49,77,77,150,150,169,169,169,185,238,264,274,274,274,294,91,102,120,135,135,135,135,135,84,119,119,119],"floor_reached":55,"language":"ENG","playtime":3496,"items_purged":["Heatsinks","Zap","Dualcast","Rebound"],"score":1160,"play_id":"8fb7f515-3c31-41d3-ac2f-bedf438c9afc","local_time":"20210130135424","is_ascension_mode":true,"campfire_choices":[{"data":"Skim","floor":6.0,"key":"SMITH"},{"data":"Reprogram","floor":13.0,"key":"SMITH"},{"floor":15.0,"key":"REST"},{"data":"Scrape","floor":23.0,"key":"SMITH"},{"floor":32,"key":"REST"},{"floor":42,"key":"RECALL"},{"data":"1","floor":49,"key":"LIFT"},{"data":"2","floor":52,"key":"LIFT"}],"circlet_count":0,"master_deck":["AscendersBane","Reinforced Body","Skim+1","Gash","BootSequence","Scrape+1","Go for the Eyes","Conserve Battery","Reinforced Body","Reprogram+1","BootSequence","Steam","Gash","Hyperbeam","Scrape","Gash"],"relics":["Pandora\u0027s Box","Pen Nib","Shuriken","Busted Crown","Lantern","Centennial Puzzle","Orichalcum","Red Mask","Fusion Hammer","Girya","Meat on the Bone","Bronze Scales"],"acts_visited":["Exordium","TheCity","TheBeyond","TheEnding"],"potions_floor_usage":[31,33,39,46,55],"damage_taken":[{"damage":0.0,"enemies":"Cultist","floor":1.0,"turns":3.0},{"damage":4.0,"enemies":"Small Slimes","floor":5.0,"turns":5.0},{"damage":0.0,"enemies":"Jaw Worm","floor":7.0,"turns":3.0},{"damage":0.0,"enemies":"2 Fungi Beasts","floor":10.0,"turns":4.0},{"damage":0.0,"enemies":"Blue Slaver","floor":11.0,"turns":3.0},{"damage":2.0,"enemies":"Red Slaver","floor":12.0,"turns":4.0},{"damage":0.0,"enemies":"Large Slime","floor":14.0,"turns":5.0},{"damage":16.0,"enemies":"The Guardian","floor":16.0,"turns":10.0},{"damage":0.0,"enemies":"Chosen","floor":18.0,"turns":3.0},{"damage":3.0,"enemies":"3 Byrds","floor":21.0,"turns":5.0},{"damage":1.0,"enemies":"Cultist and Chosen","floor":24.0,"turns":6.0},{"damage":0.0,"enemies":"Snake Plant","floor":27.0,"turns":5.0},{"damage":0.0,"enemies":"Chosen and Byrds","floor":29.0,"turns":2.0},{"damage":10.0,"enemies":"Slavers","floor":30.0,"turns":4.0},{"damage":17,"enemies":"Masked Bandits","floor":31,"turns":3},{"damage":49,"enemies":"Collector","floor":33,"turns":8},{"damage":6,"enemies":"Orb Walker","floor":35,"turns":3},{"damage":1,"enemies":"3 Darklings","floor":38,"turns":3},{"damage":3,"enemies":"2 Orb Walkers","floor":39,"turns":3},{"damage":5,"enemies":"Giant Head","floor":40,"turns":6},{"damage":0,"enemies":"Maw","floor":41,"turns":6},{"damage":8,"enemies":"Jaw Worm Horde","floor":44,"turns":4},{"damage":0,"enemies":"Writhing Mass","floor":46,"turns":5},{"damage":0,"enemies":"Maw","floor":47,"turns":7},{"damage":0,"enemies":"Jaw Worm Horde","floor":48,"turns":3},{"damage":10,"enemies":"Donu and Deca","floor":50,"turns":6},{"damage":0,"enemies":"Shield and Spear","floor":54,"turns":4},{"damage":101,"enemies":"The Heart","floor":55,"turns":5}],"seed_played":"8673623412476270547","potions_obtained":[{"floor":1.0,"key":"Dexterity Potion"},{"floor":5.0,"key":"EntropicBrew"},{"floor":18.0,"key":"Block Potion"},{"floor":27.0,"key":"EntropicBrew"},{"floor":30.0,"key":"EssenceOfSteel"},{"floor":33,"key":"PowerPotion"},{"floor":39,"key":"SmokeBomb"},{"floor":44,"key":"Regen Potion"},{"floor":46,"key":"SkillPotion"},{"floor":47,"key":"Fire Potion"}],"is_trial":false,"path_per_floor":["M","?","$","?","M","R","M","$","T","M","M","M","R","M","R","B",null,"M","?","?","M","T","R","M","$","T","M","$","M","E","?","R","B",null,"M","?","?","M","?","E","M","R","T","M","$","M","M","M","R","B",null,"R","$","E","B"],"character_chosen":"DEFECT","items_purchased":["Reprogram","Scrape","Gash","Strength Potion"],"campfire_rested":2,"item_purchase_floors":[8,25,45,53],"current_hp_per_floor":[68,50,50,43,39,39,39,39,39,39,39,37,37,37,59,43,67,67,67,67,64,64,64,63,63,63,63,63,63,53,36,58,9,59,53,53,71,70,67,62,62,62,62,54,54,68,68,68,68,58,68,68,68,68,0,0],"gold":119,"neow_bonus":"BOSS_RELIC","is_daily":false,"chose_seed":false,"campfire_upgraded":3,"win_rate":0.0,"timestamp":1612043664,"path_taken":["M","?","$","?","M","R","?","?","T","M","M","M","R","M","R","BOSS","M","?","?","M","?","R","M","?","T","M","$","?","E","?","R","BOSS","M","?","?","?","?","E","M","R","T","M","?","M","?","M","R","BOSS","R","$","E","BOSS"],"items_purchased_type":["Card","Card","Card","Potion"],"build_version":"2020-12-22","purchased_purges":4,"victory":false,"max_hp_per_floor":[75,75,75,75,75,75,75,75,75,75,75,75,75,75,75,75,75,75,75,75,75,75,75,75,75,75,75,75,75,75,75,75,75,75,75,71,71,71,71,71,71,71,71,71,71,71,71,71,71,71,71,71,71,71,71,71],"relic_stats":{"Centennial Puzzle":[30],"Busted Crown":36,"counters":[28,127],"Shuriken":[71],"Bronze Scales":[48],"Pandora\u0027s Box":["Loop","Reinforced Body","Skim","Gash","Steam Power","BootSequence","Scrape","Heatsinks"],"Pen Nib":[34],"Orichalcum":[48],"obtain_stats":[{"Girya":39,"Lantern":22,"Pen Nib":2,"Orichalcum":30,"Centennial Puzzle":26,"Busted Crown":17,"Shuriken":9,"Bronze Scales":54,"Pandora\u0027s Box":0,"Fusion Hammer":34,"Red Mask":31,"Cracked Core":0,"Meat on the Bone":40},{"Girya":19,"Lantern":10,"Pen Nib":1,"Orichalcum":14,"Centennial Puzzle":11,"Busted Crown":8,"Shuriken":3,"Bronze Scales":27,"Pandora\u0027s Box":0,"Fusion Hammer":16,"Red Mask":15,"Cracked Core":0,"Meat on the Bone":20},{"Girya":81,"Lantern":44,"Pen Nib":3,"Orichalcum":61,"Centennial Puzzle":50,"Busted Crown":36,"Shuriken":11,"Bronze Scales":122,"Pandora\u0027s Box":0,"Fusion Hammer":72,"Red Mask":64,"Cracked Core":0,"Meat on the Bone":87}],"Meat on the Bone":0},"card_choices":[{"not_picked":["Blizzard","FTL"],"picked":"Go for the Eyes","floor":1.0},{"not_picked":["Redo","Go for the Eyes"],"picked":"Conserve Battery","floor":5.0},{"not_picked":["Ball Lightning","Storm"],"picked":"Reinforced Body","floor":7.0},{"not_picked":["Sweeping Beam","Streamline"],"picked":"BootSequence","floor":10.0},{"not_picked":["Sunder","Barrage"],"picked":"Steam","floor":11.0},{"not_picked":["Recycle","Biased Cognition"],"picked":"Rebound","floor":12.0},{"not_picked":["Barrage","Doom and Gloom"],"picked":"Gash","floor":14.0},{"not_picked":["Rainbow","Thunder Strike"],"picked":"Hyperbeam","floor":16.0},{"not_picked":["Conserve Battery"],"picked":"SKIP","floor":18.0},{"not_picked":["Sunder"],"picked":"SKIP","floor":21.0},{"not_picked":["Streamline"],"picked":"SKIP","floor":24.0},{"not_picked":["Genetic Algorithm+1"],"picked":"SKIP","floor":27.0},{"not_picked":["Conserve Battery"],"picked":"SKIP","floor":29.0},{"not_picked":["Go for the Eyes"],"picked":"SKIP","floor":30.0},{"not_picked":["Rebound+1"],"picked":"SKIP","floor":35},{"not_picked":["Go for the Eyes+1"],"picked":"SKIP","floor":38},{"not_picked":["Compile Driver"],"picked":"SKIP","floor":40},{"not_picked":["White Noise"],"picked":"SKIP","floor":41},{"not_picked":["Fusion+1"],"picked":"SKIP","floor":44},{"not_picked":["Stack"],"picked":"SKIP","floor":46},{"not_picked":["Sweeping Beam"],"picked":"SKIP","floor":47},{"not_picked":["Blizzard"],"picked":"SKIP","floor":48},{"not_picked":["Sweeping Beam"],"picked":"SKIP","floor":54}],"player_experience":1318373,"relics_obtained":[{"floor":9.0,"key":"Shuriken"},{"floor":22.0,"key":"Lantern"},{"floor":26.0,"key":"Centennial Puzzle"},{"floor":30.0,"key":"Orichalcum"},{"floor":31,"key":"Red Mask"},{"floor":39,"key":"Girya"},{"floor":40,"key":"Meat on the Bone"},{"floor":54,"key":"Bronze Scales"}],"event_choices":[{"damage_healed":0.0,"max_hp_gain":0.0,"max_hp_loss":0.0,"gold_gain":0.0,"event_name":"Scrap Ooze","player_choice":"Success","floor":2.0,"gold_loss":0.0,"damage_taken":18.0,"relics_obtained":["Pen Nib"]},{"damage_healed":0.0,"max_hp_gain":0.0,"max_hp_loss":0.0,"gold_gain":0.0,"event_name":"Wheel of Change","player_choice":"Damaged","floor":4.0,"gold_loss":0.0,"damage_taken":7.0},{"cards_removed":["Loop"],"damage_healed":0.0,"max_hp_gain":0.0,"max_hp_loss":0.0,"gold_gain":0.0,"event_name":"Back to Basics","player_choice":"Elegance","floor":19.0,"gold_loss":0.0,"damage_taken":0.0},{"damage_healed":0.0,"max_hp_gain":0.0,"max_hp_loss":0.0,"gold_gain":0.0,"event_name":"Vampires","player_choice":"Ignored","floor":20.0,"gold_loss":0.0,"damage_taken":0.0},{"damage_healed":0,"gold_gain":0,"player_choice":"Fought Bandits","damage_taken":0,"max_hp_gain":0,"max_hp_loss":0,"event_name":"Masked Bandits","floor":31,"gold_loss":0},{"damage_healed":0,"gold_gain":0,"player_choice":"Max HP","damage_taken":0,"max_hp_gain":0,"max_hp_loss":4,"event_name":"Winding Halls","floor":36,"gold_loss":0},{"cards_removed":["Steam Power"],"damage_healed":18,"gold_gain":0,"player_choice":"Offered Uncommon","damage_taken":0,"max_hp_gain":0,"max_hp_loss":0,"event_name":"Bonfire Elementals","floor":37,"gold_loss":0},{"damage_healed":0,"gold_gain":0,"player_choice":"Fight","damage_taken":0,"max_hp_gain":0,"max_hp_loss":0,"event_name":"Mysterious Sphere","floor":39,"gold_loss":0}],"is_beta":false,"boss_relics":[{"not_picked":["Runic Dome","Inserter"],"picked":"Busted Crown"},{"not_picked":["Astrolabe","Calling Bell"],"picked":"Fusion Hammer"}],"items_purged_floors":[3,25,28,45],"is_endless":false,"potions_floor_spawned":[1,5,16,18,27,30,33,39,44,46,47],"killed_by":"The Heart","ascension_level":13}}