{"host":"bxn2em57qlx5u4i0","time":1612011071,"event":{"mods":["BaseMod","Colored Map","Colored Powertips","Highlight Path","Minty Spire (QoL Compilation)","Random Character Button","Relic Sorter","Relic Stats","StSLib","SuperFastMode"],"gold_per_floor":[114,264,4,4,14,49,49,63,63,63,92,111,140,160,160,238,238,249,71,87,120,120,120,149,149,175,175,208,219,239,253,253,330,330,342,367,367,378,600,626,643,643,643,48,75,75,75,91,91,91,91,91,91,21,46,46,46],"floor_reached":56,"language":"ENG","playtime":1771,"items_purged":["Doubt","Strike_G","Strike_G"],"score":1976,"play_id":"f973ba49-82df-46df-83e9-c4dfdb938b33","local_time":"20210130075111","is_ascension_mode":true,"campfire_choices":[{"data":"Bane","floor":7.0,"key":"SMITH"},{"data":"Quick Slash","floor":10.0,"key":"SMITH"},{"data":"Bane","floor":15.0,"key":"SMITH"},{"data":"Noxious Fumes","floor":23.0,"key":"SMITH"},{"data":"Footwork","floor":25.0,"key":"SMITH"},{"floor":27.0,"key":"REST"},{"data":"After Image","floor":32.0,"key":"SMITH"},{"data":"After Image","floor":42.0,"key":"SMITH"},{"floor":46.0,"key":"RECALL"},{"floor":49.0,"key":"REST"},{"data":"Survivor","floor":53.0,"key":"SMITH"}],"circlet_count":0,"master_deck":["AscendersBane","Strike_G","Strike_G+1","Strike_G","Defend_G","Defend_G","Defend_G","Defend_G","Survivor+1","Neutralize","Crippling Poison+1","Flash of Steel+1","Bane+1","Quick Slash+1","Blur+1","Deadly Poison+1","Bane+1","Terror+1","Escape Plan+1","After Image+1","Catalyst+1","Footwork+1","Dodge and Roll+1","Noxious Fumes+1","Crippling Poison+1","Clumsy","Escape Plan+1","After Image+1","Purity+1","Backflip+1","Backflip+1"],"relics":["Ring of the Snake","Toxic Egg 2","Whetstone","Gremlin Horn","Singing Bowl","Cursed Key","Red Mask","MutagenicStrength","StrikeDummy","StoneCalendar","Busted Crown","Ginger","The Courier","Bag of Preparation","Regal Pillow","Eternal Feather","Ancient Tea Set","Happy Flower"],"acts_visited":["Exordium","TheCity","TheBeyond","TheEnding"],"potions_floor_usage":[56,56],"damage_taken":[{"damage":3.0,"enemies":"Small Slimes","floor":1.0,"turns":5.0},{"damage":0.0,"enemies":"2 Louse","floor":5.0,"turns":4.0},{"damage":28.0,"enemies":"3 Sentries","floor":6.0,"turns":11.0},{"damage":0.0,"enemies":"Cultist","floor":8.0,"turns":3.0},{"damage":4.0,"enemies":"Lagavulin","floor":11.0,"turns":6.0},{"damage":0.0,"enemies":"2 Fungi Beasts","floor":12.0,"turns":2.0},{"damage":8.0,"enemies":"Gremlin Nob","floor":13.0,"turns":3.0},{"damage":0.0,"enemies":"Blue Slaver","floor":14.0,"turns":2.0},{"damage":4.0,"enemies":"Slime Boss","floor":16.0,"turns":5.0},{"damage":10.0,"enemies":"3 Byrds","floor":18.0,"turns":4.0},{"damage":3.0,"enemies":"2 Thieves","floor":20.0,"turns":3.0},{"damage":24.0,"enemies":"Masked Bandits","floor":21.0,"turns":4.0},{"damage":16.0,"enemies":"Gremlin Leader","floor":24.0,"turns":6.0},{"damage":0.0,"enemies":"Slavers","floor":28.0,"turns":4.0},{"damage":16.0,"enemies":"Snake Plant","floor":29.0,"turns":4.0},{"damage":0.0,"enemies":"Cultist and Chosen","floor":30.0,"turns":3.0},{"damage":6.0,"enemies":"Centurion and Healer","floor":31.0,"turns":5.0},{"damage":2.0,"enemies":"Champ","floor":33.0,"turns":9.0},{"damage":2.0,"enemies":"Orb Walker","floor":35.0,"turns":4.0},{"damage":0.0,"enemies":"Mind Bloom Boss Battle","floor":36.0,"turns":6.0},{"damage":0.0,"enemies":"3 Shapes","floor":38.0,"turns":3.0},{"damage":42.0,"enemies":"Reptomancer","floor":40.0,"turns":6.0},{"damage":8.0,"enemies":"Spire Growth","floor":41.0,"turns":4.0},{"damage":7.0,"enemies":"Giant Head","floor":45.0,"turns":7.0},{"damage":0.0,"enemies":"3 Darklings","floor":48.0,"turns":5.0},{"damage":32.0,"enemies":"Awakened One","floor":50.0,"turns":15.0},{"damage":20.0,"enemies":"Donu and Deca","floor":51.0,"turns":13.0},{"damage":75.0,"enemies":"Shield and Spear","floor":55.0,"turns":8.0},{"damage":22,"enemies":"The Heart","floor":56,"turns":3}],"seed_played":"-4170560643208457213","potions_obtained":[{"floor":1.0,"key":"ColorlessPotion"},{"floor":6.0,"key":"BlessingOfTheForge"},{"floor":12.0,"key":"Weak Potion"},{"floor":24.0,"key":"CunningPotion"},{"floor":28.0,"key":"BlessingOfTheForge"},{"floor":29.0,"key":"Strength Potion"},{"floor":30.0,"key":"Fruit Juice"},{"floor":33.0,"key":"SkillPotion"},{"floor":35.0,"key":"SkillPotion"},{"floor":41.0,"key":"SpeedPotion"},{"floor":45.0,"key":"LiquidMemories"},{"floor":55.0,"key":"CultistPotion"}],"is_trial":false,"path_per_floor":["M","?","$","?","M","E","R","M","T","R","E","M","E","M","R","B",null,"M","$","M","?","?","R","E","R","T","R","E","M","M","M","R","B",null,"M","?","?","M","?","E","M","R","T","$","E","R","T","M","R","B","B",null,"R","$","E","B"],"character_chosen":"THE_SILENT","items_purchased":["Flash of Steel","Bane","Fire Potion","Footwork","Bag of Preparation","Regal Pillow","Eternal Feather","PowerPotion","DistilledChaos"],"campfire_rested":2,"item_purchase_floors":[3,3,3,19,44,44,44,44,54],"current_hp_per_floor":[56,56,56,56,56,28,28,28,28,28,24,24,18,18,18,14,55,45,45,42,18,18,18,2,2,2,22,22,8,10,11,11,9,62,62,64,58,60,60,20,14,14,14,14,9,24,24,24,85,53,33,80,95,95,20,0,0],"gold":46,"neow_bonus":"REMOVE_CARD","is_daily":false,"chose_seed":false,"campfire_upgraded":8,"win_rate":0.0,"timestamp":1612011071,"path_taken":["M","?","$","?","?","E","R","M","T","R","E","M","E","M","R","BOSS","M","$","M","?","?","R","E","R","T","R","E","M","M","M","R","BOSS","M","?","?","M","?","E","M","R","T","$","E","R","?","M","R","BOSS","BOSS","R","$","E","BOSS"],"items_purchased_type":["Card","Card","Potion","Card","Relic","Relic","Relic","Potion","Potion"],"build_version":"2020-12-22","purchased_purges":3,"victory":false,"max_hp_per_floor":[66,66,66,66,66,66,66,66,66,66,66,66,68,68,68,68,68,68,68,68,68,68,68,68,68,68,68,68,70,72,79,79,79,79,81,83,87,89,89,91,93,93,93,93,95,95,95,95,95,95,95,95,95,95,95,95,95],"relic_stats":{"Regal Pillow":15,"Gremlin Horn":[30,30],"Singing Bowl":24,"Happy Flower":[1],"counters":[29,157],"StoneCalendar":[235],"Eternal Feather":48,"Bag of Preparation":[12],"Whetstone":["Flash of Steel","Strike_G"],"Ginger":[5],"Cursed Key":1,"Busted Crown":22,"obtain_stats":[{"Regal Pillow":44,"Gremlin Horn":11,"Singing Bowl":13,"Happy Flower":55,"StoneCalendar":28,"Eternal Feather":44,"The Courier":40,"Bag of Preparation":44,"Whetstone":9,"Ginger":36,"Cursed Key":17,"Ancient Tea Set":45,"Busted Crown":34,"MutagenicStrength":22,"Red Mask":21,"Toxic Egg 2":6,"StrikeDummy":24,"Ring of the Snake":0},{"Regal Pillow":23,"Gremlin Horn":5,"Singing Bowl":7,"Happy Flower":28,"StoneCalendar":14,"Eternal Feather":23,"The Courier":22,"Bag of Preparation":23,"Whetstone":4,"Ginger":20,"Cursed Key":9,"Ancient Tea Set":24,"Busted Crown":18,"MutagenicStrength":12,"Red Mask":12,"Toxic Egg 2":3,"StrikeDummy":13,"Ring of the Snake":0},{"Regal Pillow":106,"Gremlin Horn":29,"Singing Bowl":34,"Happy Flower":154,"StoneCalendar":62,"Eternal Feather":106,"The Courier":102,"Bag of Preparation":106,"Whetstone":23,"Ginger":93,"Cursed Key":41,"Ancient Tea Set":113,"Busted Crown":83,"MutagenicStrength":52,"Red Mask":52,"Toxic Egg 2":20,"StrikeDummy":58,"Ring of the Snake":0}],"Ring of the Snake":[58]},"card_choices":[{"not_picked":["Sucker Punch","Blur"],"picked":"Crippling Poison","floor":1.0},{"not_picked":["Finisher","Dodge and Roll"],"picked":"Quick Slash","floor":5.0},{"not_picked":["Slice","Concentrate+1"],"picked":"Blur+1","floor":6.0},{"not_picked":["Caltrops","Poisoned Stab"],"picked":"Deadly Poison+1","floor":8.0},{"not_picked":["Deadly Poison+1","Underhanded Strike"],"picked":"Bane","floor":11.0},{"not_picked":["Dash","Blade Dance+1"],"picked":"Terror+1","floor":12.0},{"not_picked":["Storm of Steel+1","Dash","Setup+1"],"picked":"Singing Bowl","floor":13.0},{"not_picked":["Acrobatics+1","Outmaneuver+1"],"picked":"Escape Plan+1","floor":14.0},{"not_picked":["Corpse Explosion+1","Doppelganger+1"],"picked":"After Image","floor":16.0},{"not_picked":["Flechettes","Dagger Throw"],"picked":"Catalyst+1","floor":18.0},{"not_picked":["Dagger Spray+1","Deadly Poison+1"],"picked":"Dodge and Roll+1","floor":20.0},{"not_picked":["All Out Attack+1","Dagger Throw"],"picked":"Noxious Fumes","floor":21.0},{"not_picked":["Dagger Spray","Predator"],"picked":"Crippling Poison+1","floor":24.0},{"not_picked":["Well Laid Plans","PiercingWail+1"],"picked":"Escape Plan+1","floor":28.0},{"not_picked":["Quick Slash","Noxious Fumes","Slice"],"picked":"Singing Bowl","floor":29.0},{"not_picked":["Glass Knife","Backstab","Flying Knee"],"picked":"Singing Bowl","floor":30.0},{"not_picked":["Terror+1","Leg Sweep+1","Deadly Poison+1"],"picked":"Singing Bowl","floor":31.0},{"not_picked":["Venomology+1","Doppelganger+1"],"picked":"After Image","floor":33.0},{"not_picked":["Cloak And Dagger+1"],"picked":"Singing Bowl","floor":35.0},{"not_picked":["Dagger Throw"],"picked":"Singing Bowl","floor":36.0},{"not_picked":["Dramatic Entrance"],"picked":"Singing Bowl","floor":37.0},{"not_picked":["Forethought+1"],"picked":"Singing Bowl","floor":37.0},{"not_picked":[],"picked":"Purity+1","floor":37.0},{"not_picked":["Cloak And Dagger+1"],"picked":"Singing Bowl","floor":38.0},{"not_picked":["Flechettes"],"picked":"Singing Bowl","floor":40.0},{"not_picked":["Bane"],"picked":"Singing Bowl","floor":41.0},{"not_picked":["Underhanded Strike"],"picked":"Singing Bowl","floor":45.0},{"not_picked":[],"picked":"Backflip+1","floor":48.0},{"not_picked":[],"picked":"Backflip+1","floor":55.0}],"player_experience":2968267,"relics_obtained":[{"floor":6.0,"key":"Toxic Egg 2"},{"floor":9.0,"key":"Whetstone"},{"floor":11.0,"key":"Gremlin Horn"},{"floor":13.0,"key":"Singing Bowl"},{"floor":21.0,"key":"Red Mask"},{"floor":24.0,"key":"StrikeDummy"},{"floor":28.0,"key":"StoneCalendar"},{"floor":36.0,"key":"Ginger"},{"floor":40.0,"key":"The Courier"},{"floor":45.0,"key":"Ancient Tea Set"},{"floor":55.0,"key":"Happy Flower"}],"event_choices":[{"damage_healed":0.0,"max_hp_gain":0.0,"max_hp_loss":0.0,"gold_gain":150.0,"event_name":"Liars Game","player_choice":"AGREE","floor":2.0,"gold_loss":0.0,"damage_taken":0.0,"cards_obtained":["Doubt"]},{"damage_healed":0.0,"max_hp_gain":0.0,"max_hp_loss":0.0,"gold_gain":0.0,"event_name":"Upgrade Shrine","player_choice":"Upgraded","floor":4.0,"gold_loss":0.0,"damage_taken":0.0,"cards_upgraded":["Crippling Poison"]},{"damage_healed":0.0,"max_hp_gain":0.0,"max_hp_loss":0.0,"gold_gain":0.0,"event_name":"Masked Bandits","player_choice":"Fought Bandits","floor":21.0,"gold_loss":0.0,"damage_taken":0.0},{"damage_healed":0.0,"max_hp_gain":0.0,"max_hp_loss":0.0,"gold_gain":0.0,"event_name":"Drug Dealer","player_choice":"Inject Mutagens","floor":22.0,"gold_loss":0.0,"damage_taken":0.0,"relics_obtained":["MutagenicStrength"]},{"damage_healed":0.0,"max_hp_gain":0.0,"max_hp_loss":0.0,"gold_gain":0.0,"event_name":"MindBloom","player_choice":"Fight","floor":36.0,"gold_loss":0.0,"damage_taken":0.0},{"damage_healed":0.0,"max_hp_gain":0.0,"max_hp_loss":0.0,"gold_gain":0.0,"event_name":"SensoryStone","player_choice":"Memory 3","floor":37.0,"gold_loss":0.0,"damage_taken":10.0},{"damage_healed":0.0,"max_hp_gain":0.0,"max_hp_loss":0.0,"gold_gain":222.0,"event_name":"Tomb of Lord Red Mask","player_choice":"Wore Mask","floor":39.0,"gold_loss":0.0,"damage_taken":0.0}],"is_beta":false,"boss_relics":[{"not_picked":["Runic Dome","SlaversCollar"],"picked":"Cursed Key"},{"not_picked":["Velvet Choker","SacredBark"],"picked":"Busted Crown"}],"items_purged_floors":[3,19,44],"is_endless":false,"potions_floor_spawned":[1,6,12,14,24,28,29,30,33,35,41,45,55],"killed_by":"The Heart","ascension_level":20}}