{"host":"ffjrj7fisyni1ebk","time":1612022584,"event":{"mods":["2.2 Compatiblity","BaseMod","Bestiary","Colored Map","Colored Powertips","Curses Come First","Highlight Path","Keyboard Shortcuts","Minty Spire (QoL Compilation)","Relic Stats","Slay the Relics Exporter","StSLib","SuperFastMode"],"gold_per_floor":[114,129,129,89,104,104,134,134,184,199,214,214,14,29,29,129,129,144,144,159,174,199,229,229,229,279,279,309,324,49,49,49,49,49],"floor_reached":33,"language":"ENG","playtime":2175,"items_purged":["Strike_R","Strike_R"],"score":310,"play_id":"a1c37c1a-13c9-4f88-b6a3-66a680b166ad","local_time":"20210130180304","daily_mods":["Specialized","Colorless Cards","Terminal"],"is_ascension_mode":false,"campfire_choices":[{"data":"Body Slam","floor":6,"key":"SMITH"},{"data":"Armaments","floor":12,"key":"SMITH"},{"data":"Searing Blow","floor":15,"key":"SMITH"},{"data":"Armaments","floor":25,"key":"SMITH"},{"data":"Spot Weakness","floor":27,"key":"SMITH"},{"floor":32,"key":"REST"}],"circlet_count":0,"master_deck":["Strike_R","Strike_R","Strike_R","Defend_R","Defend_R","Defend_R","Defend_R","Bash","Flame Barrier","Flame Barrier","Flame Barrier","Flame Barrier","Flame Barrier","Pommel Strike","Searing Blow+1","Body Slam+1","Armaments+1","Body Slam+1","Demon Form","CurseOfTheBell","Spot Weakness+1","Armaments+1","Juggernaut","Ghostly Armor"],"relics":["Burning Blood","Potion Belt","Smiling Mask","Juzu Bracelet","DollysMirror","Calling Bell","PreservedInsect","HornCleat","Charon\u0027s Ashes","Bag of Preparation","Pear","Strawberry","Tiny Chest","Membership Card","Red Skull","Vajra"],"acts_visited":["Exordium","TheCity"],"potions_floor_usage":[21,23,23,23,29,29,29,33],"damage_taken":[{"damage":0,"enemies":"Cultist","floor":1,"turns":4},{"damage":0,"enemies":"Jaw Worm","floor":2,"turns":6},{"damage":3,"enemies":"Small Slimes","floor":5,"turns":4},{"damage":15,"enemies":"3 Sentries","floor":7,"turns":11},{"damage":0,"enemies":"Exordium Wildlife","floor":10,"turns":5},{"damage":2,"enemies":"Blue Slaver","floor":11,"turns":4},{"damage":0,"enemies":"Large Slime","floor":14,"turns":6},{"damage":33,"enemies":"Hexaghost","floor":16,"turns":13},{"damage":0,"enemies":"3 Byrds","floor":18,"turns":6},{"damage":5,"enemies":"Shell Parasite","floor":20,"turns":7},{"damage":16,"enemies":"Cultist and Chosen","floor":21,"turns":7},{"damage":12,"enemies":"Book of Stabbing","floor":23,"turns":5},{"damage":56,"enemies":"Gremlin Leader","floor":28,"turns":7},{"damage":7,"enemies":"Sentry and Sphere","floor":29,"turns":6},{"damage":35,"enemies":"Champ","floor":33,"turns":11}],"seed_played":"-828330817948855686","potions_obtained":[{"floor":2,"key":"AttackPotion"},{"floor":4,"key":"Dexterity Potion"},{"floor":4,"key":"SmokeBomb"},{"floor":4,"key":"Energy Potion"},{"floor":10,"key":"LiquidMemories"},{"floor":11,"key":"Dexterity Potion"},{"floor":19,"key":"Explosive Potion"},{"floor":21,"key":"SkillPotion"},{"floor":28,"key":"Energy Potion"},{"floor":29,"key":"Dexterity Potion"}],"is_trial":false,"path_per_floor":["M","M","?","?","M","R","E","?","T","M","M","R","$","M","R","B",null,"M","?","M","M","T","E","?","R","T","R","E","M","$","T","R","B"],"character_chosen":"IRONCLAD","items_purchased":["DollysMirror","Membership Card","Red Skull"],"campfire_rested":1,"item_purchase_floors":[13,30,30],"current_hp_per_floor":[78,77,76,75,74,73,64,64,64,69,68,67,66,65,64,37,62,61,60,59,49,49,53,53,53,60,60,10,9,9,9,28,0,0],"gold":49,"neow_bonus":"","is_daily":true,"chose_seed":false,"campfire_upgraded":5,"win_rate":0.0,"timestamp":1612022584,"path_taken":["M","M","?","?","?","R","E","?","T","M","M","R","$","M","R","BOSS","M","?","M","M","?","E","?","R","T","R","E","M","$","?","R","BOSS"],"items_purchased_type":["Relic","Relic","Relic"],"build_version":"2020-12-22","purchased_purges":2,"victory":false,"max_hp_per_floor":[78,77,76,75,74,73,72,71,70,69,68,67,66,65,64,63,62,61,60,59,58,57,66,65,64,70,69,68,67,66,65,64,64,64],"relic_stats":{"counters":[15,102],"Tiny Chest":0,"PreservedInsect":85,"Charon\u0027s Ashes":[12],"Juzu Bracelet":1,"Bag of Preparation":[8],"Smiling Mask":25,"obtain_stats":[{"Potion Belt":3,"Pear":23,"Vajra":31,"PreservedInsect":17,"Charon\u0027s Ashes":17,"Juzu Bracelet":9,"Bag of Preparation":22,"Smiling Mask":7,"Burning Blood":0,"Calling Bell":17,"HornCleat":17,"DollysMirror":13,"Strawberry":26,"Tiny Chest":28,"Membership Card":30,"Red Skull":30},{"Potion Belt":2,"Pear":12,"Vajra":14,"PreservedInsect":8,"Charon\u0027s Ashes":8,"Juzu Bracelet":4,"Bag of Preparation":11,"Smiling Mask":4,"Burning Blood":0,"Calling Bell":8,"HornCleat":8,"DollysMirror":6,"Strawberry":12,"Tiny Chest":13,"Membership Card":14,"Red Skull":14},{"Potion Belt":10,"Pear":78,"Vajra":91,"PreservedInsect":53,"Charon\u0027s Ashes":53,"Juzu Bracelet":25,"Bag of Preparation":73,"Smiling Mask":25,"Burning Blood":0,"Calling Bell":53,"HornCleat":53,"DollysMirror":34,"Strawberry":78,"Tiny Chest":85,"Membership Card":91,"Red Skull":91}],"Burning Blood":52},"card_choices":[{"not_picked":["Uppercut","Flex"],"picked":"Pommel Strike","floor":1},{"not_picked":["Clothesline","Pummel"],"picked":"Searing Blow","floor":2},{"not_picked":["Hemokinesis","Headbutt"],"picked":"Body Slam","floor":5},{"not_picked":["Thunderclap","Panacea","Twin Strike"],"picked":"SKIP","floor":7},{"not_picked":["Headbutt","Flex","Mind Blast"],"picked":"SKIP","floor":10},{"not_picked":["Cleave","Panacea"],"picked":"Armaments","floor":11},{"not_picked":["Forethought","Inflame","Enlightenment"],"picked":"SKIP","floor":14},{"not_picked":["Secret Technique","Metamorphosis"],"picked":"Demon Form","floor":16},{"not_picked":["Thinking Ahead","Warcry","Clothesline"],"picked":"SKIP","floor":18},{"not_picked":["Shrug It Off+1","Clothesline"],"picked":"Spot Weakness","floor":20},{"not_picked":["Heavy Blade","Whirlwind"],"picked":"Armaments","floor":21},{"not_picked":["Whirlwind+1","Uppercut+1"],"picked":"Juggernaut","floor":23},{"not_picked":["Carnage","Searing Blow+1"],"picked":"Ghostly Armor","floor":28},{"not_picked":["Warcry","Flame Barrier","Iron Wave+1"],"picked":"SKIP","floor":29}],"player_experience":277303,"relics_obtained":[{"floor":7,"key":"Smiling Mask"},{"floor":9,"key":"Juzu Bracelet"},{"floor":17,"key":"PreservedInsect"},{"floor":17,"key":"HornCleat"},{"floor":17,"key":"Charon\u0027s Ashes"},{"floor":22,"key":"Bag of Preparation"},{"floor":23,"key":"Pear"},{"floor":26,"key":"Strawberry"},{"floor":28,"key":"Tiny Chest"},{"floor":31,"key":"Vajra"}],"event_choices":[{"damage_healed":0,"gold_gain":0,"player_choice":"Box","damage_taken":0,"relics_obtained":["Potion Belt"],"max_hp_gain":0,"max_hp_loss":0,"event_name":"Big Fish","floor":3,"gold_loss":0,"cards_obtained":["Regret"]},{"damage_healed":0,"gold_gain":0,"player_choice":"Bought 3 Potions","damage_taken":0,"max_hp_gain":0,"max_hp_loss":0,"event_name":"The Woman in Blue","floor":4,"gold_loss":0},{"cards_removed":["Regret"],"damage_healed":0,"gold_gain":0,"player_choice":"Purged","damage_taken":0,"max_hp_gain":0,"max_hp_loss":0,"event_name":"Purifier","floor":8,"gold_loss":0},{"damage_healed":0,"gold_gain":0,"player_choice":"Got Potions","damage_taken":0,"max_hp_gain":0,"max_hp_loss":0,"event_name":"Lab","floor":19,"gold_loss":0},{"damage_healed":0,"gold_gain":0,"player_choice":"Ignored","damage_taken":0,"max_hp_gain":0,"max_hp_loss":0,"event_name":"Vampires","floor":24,"gold_loss":0}],"is_beta":false,"boss_relics":[{"not_picked":["Coffee Dripper","Runic Dome"],"picked":"Calling Bell"}],"items_purged_floors":[13,30],"is_endless":false,"potions_floor_spawned":[2,10,11,21,28,29],"killed_by":"Champ","ascension_level":0}}