{"host":"19r1ww88x2tc73i0","time":1612014127,"event":{"mods":["BaseMod","BetterRewards","Colored Map","Minty Spire (QoL Compilation)","Relic Stats","StSLib","SuperFastMode","slay the spire mod where everything is the same but ironclad has a cowboy hat"],"gold_per_floor":[116,116,127,137,187,187,198,248,248,275,325,325,81,93,93,167,167,181,231,242,48,98,98,111,111,111,111,111],"floor_reached":27,"language":"ENG","playtime":744,"items_purged":["Strike_R","Strike_R"],"score":422,"play_id":"b1f5b681-7ff7-4a39-8cf5-7a198b86d875","local_time":"25640130204207","is_ascension_mode":true,"campfire_choices":[{"data":"Cleave","floor":6.0,"key":"SMITH"},{"data":"Immolate","floor":12.0,"key":"SMITH"},{"data":"True Grit","floor":15.0,"key":"SMITH"},{"data":"Demon Form","floor":23,"key":"SMITH"},{"data":"Limit Break","floor":25,"key":"SMITH"}],"circlet_count":0,"master_deck":["AscendersBane","Strike_R","Strike_R","Defend_R","Defend_R","Defend_R","Defend_R","Bash","Demon Form+1","Cleave+1","Feel No Pain","Flame Barrier","True Grit+1","Immolate+1","Pummel","Flex","Limit Break+1","Anger","Shockwave","Shrug It Off","Entrench+1"],"relics":["Burning Blood","SsserpentHead","Letter Opener","MealTicket","Kunai","Membership Card","Mark of Pain","Sling","Akabeko","Bird Faced Urn"],"acts_visited":["Exordium","TheCity"],"potions_floor_usage":[16,27,27],"damage_taken":[{"damage":9.0,"enemies":"Small Slimes","floor":1.0,"turns":5.0},{"damage":2.0,"enemies":"Cultist","floor":3.0,"turns":4.0},{"damage":14.0,"enemies":"2 Louse","floor":4.0,"turns":3.0},{"damage":11.0,"enemies":"Exordium Wildlife","floor":7.0,"turns":6.0},{"damage":24.0,"enemies":"Gremlin Nob","floor":10.0,"turns":4.0},{"damage":0.0,"enemies":"3 Louse","floor":14.0,"turns":1.0},{"damage":40,"enemies":"Hexaghost","floor":16,"turns":9},{"damage":28,"enemies":"Shell Parasite","floor":18,"turns":4},{"damage":16,"enemies":"3 Byrds","floor":20,"turns":3},{"damage":6,"enemies":"Snake Plant","floor":24,"turns":4},{"damage":38,"enemies":"Book of Stabbing","floor":27,"turns":4}],"seed_played":"-5792017840041140218","potions_obtained":[{"floor":1.0,"key":"FearPotion"},{"floor":4.0,"key":"SkillPotion"},{"floor":10.0,"key":"SteroidPotion"},{"floor":14.0,"key":"Strength Potion"},{"floor":18,"key":"GamblersBrew"},{"floor":24,"key":"Swift Potion"}],"is_trial":false,"path_per_floor":["M","?","M","M","$","R","M","?","T","E","?","R","$","M","R","B",null,"M","?","M","$","?","R","M","R","T","E"],"character_chosen":"IRONCLAD","items_purchased":["Membership Card","Pummel","Sling","Shrug It Off","Akabeko"],"campfire_rested":0,"item_purchase_floors":[13,13,21,21,21],"current_hp_per_floor":[65,65,68,60,60,60,55,50,50,32,32,32,47,53,53,19,56,34,28,18,33,33,33,33,33,33,0,0],"gold":111,"neow_bonus":"THREE_RARE_CARDS","is_daily":false,"chose_seed":false,"campfire_upgraded":5,"win_rate":0.0,"timestamp":1612014127,"path_taken":["M","?","M","M","?","R","M","?","T","E","?","R","$","M","R","BOSS","M","?","M","?","?","R","M","R","T","E"],"items_purchased_type":["Relic","Card","Relic","Card","Relic"],"build_version":"2020-12-22","purchased_purges":2,"victory":false,"max_hp_per_floor":[68,68,68,68,68,68,68,68,68,68,68,68,68,68,68,68,68,68,68,68,68,68,68,68,68,68,68,68],"relic_stats":{"SsserpentHead":300,"counters":[11,47],"Bird Faced Urn":[2],"MealTicket":30,"Letter Opener":[5],"Kunai":[0],"obtain_stats":[{"SsserpentHead":2,"Bird Faced Urn":26,"MealTicket":9,"Mark of Pain":17,"Letter Opener":8,"Kunai":10,"Membership Card":13,"Sling":21,"Burning Blood":0,"Akabeko":21},{"SsserpentHead":1,"Bird Faced Urn":10,"MealTicket":4,"Mark of Pain":7,"Letter Opener":4,"Kunai":5,"Membership Card":5,"Sling":9,"Burning Blood":0,"Akabeko":9},{"SsserpentHead":5,"Bird Faced Urn":43,"MealTicket":18,"Mark of Pain":32,"Letter Opener":18,"Kunai":22,"Membership Card":22,"Sling":39,"Burning Blood":0,"Akabeko":39}],"Burning Blood":59},"card_choices":[{"not_picked":["Corruption","Reaper"],"picked":"Demon Form","floor":0.0},{"not_picked":["Second Wind","Sever Soul"],"picked":"Cleave","floor":1.0},{"not_picked":["Flex","Clothesline"],"picked":"Feel No Pain","floor":3.0},{"not_picked":["Thunderclap","Armaments"],"picked":"Flame Barrier","floor":4.0},{"not_picked":["Wild Strike","Heavy Blade"],"picked":"True Grit","floor":7.0},{"not_picked":["Sever Soul","Clash"],"picked":"Immolate","floor":10.0},{"not_picked":["Burning Pact","True Grit"],"picked":"Flex","floor":14.0},{"not_picked":["Juggernaut","Fiend Fire"],"picked":"Limit Break","floor":16},{"not_picked":["Intimidate","Dual Wield"],"picked":"Anger","floor":18},{"not_picked":["Flex","Combust"],"picked":"Shockwave","floor":20},{"not_picked":["Clash","Heavy Blade"],"picked":"Entrench+1","floor":24}],"player_experience":977923,"relics_obtained":[{"floor":9.0,"key":"MealTicket"},{"floor":10.0,"key":"Kunai"},{"floor":26,"key":"Bird Faced Urn"}],"event_choices":[{"damage_healed":0.0,"max_hp_gain":0.0,"max_hp_loss":0.0,"gold_gain":0.0,"event_name":"FaceTrader","player_choice":"Trade","floor":2.0,"gold_loss":0.0,"damage_taken":0.0,"relics_obtained":["SsserpentHead"]},{"damage_healed":0.0,"max_hp_gain":0.0,"max_hp_loss":0.0,"gold_gain":0.0,"event_name":"Scrap Ooze","player_choice":"Success","floor":8.0,"gold_loss":0.0,"damage_taken":5.0,"relics_obtained":["Letter Opener"]},{"cards_removed":["Strike_R"],"damage_healed":0.0,"max_hp_gain":0.0,"max_hp_loss":0.0,"gold_gain":0.0,"event_name":"Purifier","player_choice":"Purged","floor":11.0,"gold_loss":0.0,"damage_taken":0.0},{"damage_healed":0,"gold_gain":0,"player_choice":"","damage_taken":6,"max_hp_gain":0,"max_hp_loss":0,"event_name":"Knowing Skull","floor":19,"potions_obtained":[],"gold_loss":0,"cards_obtained":[]},{"damage_healed":0,"gold_gain":0,"player_choice":"Ignored","damage_taken":0,"max_hp_gain":0,"max_hp_loss":0,"event_name":"Beggar","floor":22,"gold_loss":0}],"is_beta":false,"boss_relics":[{"not_picked":["Fusion Hammer","Tiny House"],"picked":"Mark of Pain"}],"items_purged_floors":[13,21],"is_endless":false,"potions_floor_spawned":[1,4,10,14,18,24],"killed_by":"Book of Stabbing","ascension_level":20}}