{"host":"ELF","time":1612031936,"event":{"mods":["BaseMod","Bestiary","Minty Spire (QoL Compilation)","Relic Stats","Slay the Relics Exporter"],"gold_per_floor":[214,214,227,152,168,202,202,219,294,44,119,78,103,103,103,177,177,189,189,104,54,54,54,54],"floor_reached":23,"language":"ENG","playtime":978,"items_purged":["Pain","Strike_R"],"score":380,"play_id":"35218fcf-cc85-461c-9bfd-d62cdad06e91","local_time":"20210130123856","is_ascension_mode":true,"campfire_choices":[{"data":"Evolve","floor":7,"key":"SMITH"},{"data":"Fire Breathing","floor":15,"key":"SMITH"}],"circlet_count":0,"master_deck":["AscendersBane","Strike_R","Strike_R","Strike_R","Defend_R","Defend_R","Defend_R","Defend_R","Bash","Reckless Charge","Anger","Power Through","Evolve+1","Spot Weakness","Fire Breathing+1","Shrug It Off","Dark Embrace","Hemokinesis+1","Intimidate","Fiend Fire+1","Inflame","Iron Wave+1","RitualDagger+1"],"relics":["Burning Blood","WarpedTongs","Prayer Wheel","Molten Egg 2","Toolbox","Regal Pillow","SlaversCollar","Smiling Mask"],"acts_visited":["Exordium","TheCity"],"potions_floor_usage":[6,16,23],"damage_taken":[{"damage":6,"enemies":"2 Louse","floor":1,"turns":3},{"damage":4,"enemies":"Cultist","floor":3,"turns":2},{"damage":0,"enemies":"Small Slimes","floor":5,"turns":3},{"damage":22,"enemies":"3 Sentries","floor":6,"turns":8},{"damage":3,"enemies":"Looter","floor":8,"turns":3},{"damage":1,"enemies":"Lagavulin","floor":13,"turns":7},{"damage":15,"enemies":"Hexaghost","floor":16,"turns":8},{"damage":2,"enemies":"Chosen","floor":18,"turns":4},{"damage":60,"enemies":"Slavers","floor":23,"turns":4}],"seed_played":"-3572423975607786819","potions_obtained":[{"floor":1,"key":"Explosive Potion"},{"floor":5,"key":"Regen Potion"},{"floor":6,"key":"EssenceOfSteel"},{"floor":13,"key":"Weak Potion"}],"is_trial":false,"path_per_floor":["M","?","M","$","M","E","R","M","T","$","?","$","E","?","R","B",null,"M","?","?","$","?","E"],"character_chosen":"IRONCLAD","items_purchased":["Fire Breathing","Toolbox","Shrug It Off","Dark Embrace"],"campfire_rested":0,"item_purchase_floors":[10,10,10,12],"current_hp_per_floor":[68,68,70,70,75,59,59,62,62,62,51,51,56,56,56,47,68,72,66,66,66,45,0,0],"gold":54,"neow_bonus":"HUNDRED_GOLD","is_daily":false,"chose_seed":false,"campfire_upgraded":2,"win_rate":0.0,"timestamp":1612031936,"path_taken":["M","?","M","?","?","E","R","M","T","$","?","$","E","?","R","BOSS","M","?","?","$","?","E"],"items_purchased_type":["Card","Relic","Card","Card"],"build_version":"2020-12-18","purchased_purges":2,"victory":false,"max_hp_per_floor":[75,75,75,75,75,75,75,75,75,75,75,75,75,75,75,75,75,75,75,75,75,80,80,80],"relic_stats":{"Regal Pillow":0,"counters":[9,42],"Prayer Wheel":2,"Smiling Mask":50,"obtain_stats":[{"SlaversCollar":17,"Regal Pillow":13,"Toolbox":10,"Prayer Wheel":6,"Molten Egg 2":9,"Smiling Mask":20,"Burning Blood":0,"WarpedTongs":2},{"SlaversCollar":7,"Regal Pillow":6,"Toolbox":5,"Prayer Wheel":4,"Molten Egg 2":5,"Smiling Mask":8,"Burning Blood":0,"WarpedTongs":1},{"SlaversCollar":34,"Regal Pillow":26,"Toolbox":19,"Prayer Wheel":16,"Molten Egg 2":19,"Smiling Mask":38,"Burning Blood":0,"WarpedTongs":3}],"Burning Blood":47,"WarpedTongs":[33]},"card_choices":[{"not_picked":["Infernal Blade","Flex"],"picked":"Reckless Charge","floor":1},{"not_picked":["Dual Wield","Burning Pact"],"picked":"Anger","floor":3},{"not_picked":["Sever Soul","Battle Trance"],"picked":"Power Through","floor":5},{"not_picked":["Pommel Strike","Shrug It Off"],"picked":"Evolve","floor":6},{"not_picked":["Dropkick","Battle Trance"],"picked":"Spot Weakness","floor":8},{"not_picked":["Warcry","Perfected Strike","Body Slam"],"picked":"SKIP","floor":8},{"not_picked":["Second Wind","Armaments"],"picked":"Hemokinesis+1","floor":13},{"not_picked":["Berserk","Juggernaut"],"picked":"Fiend Fire+1","floor":16},{"not_picked":["Twin Strike+1","Rampage+1"],"picked":"Inflame","floor":18},{"not_picked":["Thunderclap+1","Anger+1"],"picked":"Iron Wave+1","floor":18}],"player_experience":3354213,"relics_obtained":[{"floor":6,"key":"Prayer Wheel"},{"floor":9,"key":"Molten Egg 2"},{"floor":13,"key":"Regal Pillow"}],"event_choices":[{"damage_healed":0,"gold_gain":0,"player_choice":"Rummage","damage_taken":0,"relics_obtained":["WarpedTongs"],"max_hp_gain":0,"max_hp_loss":0,"event_name":"Accursed Blacksmith","floor":2,"gold_loss":0,"cards_obtained":["Pain"]},{"damage_healed":0,"gold_gain":75,"player_choice":"Gather Gold","damage_taken":11,"max_hp_gain":0,"max_hp_loss":0,"event_name":"World of Goop","floor":11,"gold_loss":0},{"damage_healed":0,"gold_gain":0,"cards_transformed":["Strike_R"],"player_choice":"Change","damage_taken":0,"max_hp_gain":0,"max_hp_loss":0,"event_name":"Living Wall","floor":14,"gold_loss":0,"cards_obtained":["Intimidate"]},{"damage_healed":0,"gold_gain":0,"player_choice":"Joined the Cult","damage_taken":6,"max_hp_gain":0,"max_hp_loss":0,"event_name":"Nest","floor":19,"gold_loss":0,"cards_obtained":["RitualDagger"]},{"damage_healed":0,"gold_gain":0,"player_choice":"Obtained Relic","damage_taken":0,"relics_obtained":["Smiling Mask"],"max_hp_gain":0,"max_hp_loss":0,"event_name":"Addict","floor":20,"gold_loss":85},{"damage_healed":0,"gold_gain":0,"player_choice":"Shed Blood","damage_taken":26,"max_hp_gain":5,"max_hp_loss":0,"event_name":"Forgotten Altar","floor":22,"gold_loss":0}],"is_beta":true,"boss_relics":[{"not_picked":["Empty Cage","Velvet Choker"],"picked":"SlaversCollar"}],"items_purged_floors":[4,21],"is_endless":false,"potions_floor_spawned":[1,5,6,13],"killed_by":"Slavers","ascension_level":19}}