{"host":"3a1sbpq1iuwiesnh","time":1612011887,"event":{"mods":["AchievementEnabler","BaseMod","Colored Map","Colored Powertips","KOR Keyword Fix","Minty Spire (QoL Compilation)","Rare Cards Sparkle","Relic Stats","SuperFastMode","everything is the same but u backflip on backflip"],"gold_per_floor":[113,10,10,10,10,10,43,43,43,75,75,88,100,0,0,0,0],"floor_reached":16,"language":"KOR","playtime":326,"items_purged":["Strike_G","Defend_G"],"score":312,"play_id":"9996b5c2-f716-49db-a9bb-59ece7350401","local_time":"20210130220447","is_ascension_mode":true,"campfire_choices":[{"data":"Neutralize","floor":6,"key":"SMITH"},{"data":"Reflex","floor":8,"key":"SMITH"},{"data":"Dagger Spray","floor":15,"key":"SMITH"}],"circlet_count":0,"master_deck":["AscendersBane","Strike_G","Strike_G+1","Strike_G","Defend_G+1","Defend_G","Defend_G","Defend_G","Survivor","Neutralize+1","Dagger Spray+1","Underhanded Strike","Reflex+1","Tactician","All Out Attack"],"relics":["Ring of the Snake","NeowsBlessing","PreservedInsect","Gremlin Horn","Frozen Egg 2"],"acts_visited":["Exordium"],"potions_floor_usage":[16,16],"damage_taken":[{"damage":0,"enemies":"2 Louse","floor":1,"turns":1},{"damage":0,"enemies":"3 Sentries","floor":7,"turns":2},{"damage":0,"enemies":"Lagavulin","floor":10,"turns":1},{"damage":9,"enemies":"Small Slimes","floor":12,"turns":3},{"damage":0,"enemies":"Cultist","floor":13,"turns":4},{"damage":32,"enemies":"Slime Boss","floor":16,"turns":7}],"seed_played":"5880077634576241548","potions_obtained":[{"floor":1,"key":"Energy Potion"},{"floor":10,"key":"Weak Potion"},{"floor":13,"key":"Dexterity Potion"}],"is_trial":false,"path_per_floor":["M","$","?","?","$","R","E","R","T","E","?","M","M","$","R","B"],"character_chosen":"THE_SILENT","items_purchased":["Dagger Spray"],"campfire_rested":0,"item_purchase_floors":[2],"current_hp_per_floor":[59,59,39,39,39,39,39,39,39,39,39,30,30,30,30,0,0],"gold":0,"neow_bonus":"THREE_ENEMY_KILL","is_daily":false,"chose_seed":false,"campfire_upgraded":3,"win_rate":0.0,"timestamp":1612011887,"path_taken":["M","$","?","?","$","R","E","R","T","E","?","M","M","$","R","BOSS"],"items_purchased_type":["Card"],"build_version":"2020-12-22","purchased_purges":2,"victory":false,"max_hp_per_floor":[66,66,66,66,66,66,66,66,66,66,66,66,66,66,66,66,66],"relic_stats":{"Gremlin Horn":[1,1],"counters":[6,18],"PreservedInsect":0,"obtain_stats":[{"NeowsBlessing":0,"Gremlin Horn":9,"PreservedInsect":7,"Frozen Egg 2":10,"Ring of the Snake":0},{"NeowsBlessing":0,"Gremlin Horn":2,"PreservedInsect":2,"Frozen Egg 2":3,"Ring of the Snake":0},{"NeowsBlessing":0,"Gremlin Horn":3,"PreservedInsect":3,"Frozen Egg 2":4,"Ring of the Snake":0}],"Ring of the Snake":[12]},"card_choices":[{"not_picked":["Setup","Slice","Backflip"],"picked":"SKIP","floor":1},{"not_picked":["Deflect","Concentrate"],"picked":"Reflex","floor":7},{"not_picked":["Acrobatics","Escape Plan"],"picked":"Tactician","floor":10},{"not_picked":["All Out Attack","Endless Agony","Bane"],"picked":"SKIP","floor":12},{"not_picked":["Sucker Punch","Deadly Poison"],"picked":"All Out Attack","floor":13}],"player_experience":560723,"relics_obtained":[{"floor":7,"key":"PreservedInsect"},{"floor":9,"key":"Gremlin Horn"},{"floor":10,"key":"Frozen Egg 2"}],"event_choices":[{"damage_healed":0,"gold_gain":0,"player_choice":"Entered Light","damage_taken":20,"max_hp_gain":0,"max_hp_loss":0,"event_name":"Shining Light","floor":3,"gold_loss":0,"cards_upgraded":["Strike_G","Defend_G"]},{"damage_healed":0,"gold_gain":0,"cards_transformed":["Strike_G"],"player_choice":"Change","damage_taken":0,"max_hp_gain":0,"max_hp_loss":0,"event_name":"Living Wall","floor":4,"gold_loss":0,"cards_obtained":["Underhanded Strike"]},{"damage_healed":0,"gold_gain":0,"player_choice":"0 cards matched","damage_taken":0,"max_hp_gain":0,"max_hp_loss":0,"event_name":"Match and Keep!","floor":11,"gold_loss":0,"cards_obtained":[]}],"is_beta":false,"boss_relics":[],"items_purged_floors":[2,14],"is_endless":false,"potions_floor_spawned":[1,10,13],"killed_by":"Slime Boss","ascension_level":20}}