{"host":"vyjryxuuuxkt43k4","time":1612021900,"event":{"mods":["AchievementEnabler","BaseMod","Colored Map","DeckTracker","Keyboard Shortcuts","Minty Spire (QoL Compilation)","Permanent Neow","Quick Restart","Rare Cards Sparkle","StSLib","SuperFastMode","everything is the same but u backflip on backflip"],"gold_per_floor":[20,20,40,40,66,78,120,144,156,168,212,299,321,347,359,470,482,511,21,21,21],"floor_reached":20,"language":"KOR","playtime":1783,"items_purged":[],"score":248,"play_id":"a26e7077-00ee-4ddc-8fa4-9f2012bed9ce","local_time":"20210131005140","is_ascension_mode":true,"campfire_choices":[{"data":"Eruption","floor":6.0,"key":"SMITH"},{"floor":10.0,"key":"REST"},{"floor":15.0,"key":"REST"}],"circlet_count":0,"master_deck":["Strike_P","Strike_P","Strike_P","Strike_P","Defend_P","Defend_P","Defend_P","Defend_P","Eruption+1","Vigilance","Meditate","FlurryOfBlows","EmptyBody","SpiritShield","Vengeance","BattleHymn","DeceiveReality","Establishment","Halt","MentalFortress","TalkToTheHand","FearNoEvil"],"relics":["HolyWater","Unceasing Top","MawBank","Blue Candle","Pen Nib","Bag of Marbles","Meat on the Bone"],"acts_visited":["Exordium","TheCity"],"potions_floor_usage":[],"damage_taken":[{"damage":0.0,"enemies":"Cultist","floor":1.0,"turns":2.0},{"damage":7.0,"enemies":"Jaw Worm","floor":3.0,"turns":3.0},{"damage":0.0,"enemies":"2 Louse","floor":5.0,"turns":4.0},{"damage":29.0,"enemies":"3 Sentries","floor":7.0,"turns":9.0},{"damage":1.0,"enemies":"Exordium Thugs","floor":8.0,"turns":4.0},{"damage":17.0,"enemies":"Lagavulin","floor":11.0,"turns":7.0},{"damage":4.0,"enemies":"Blue Slaver","floor":13.0,"turns":4.0},{"damage":4.0,"enemies":"Exordium Wildlife","floor":14.0,"turns":5.0},{"damage":36.0,"enemies":"The Guardian","floor":16.0,"turns":15.0},{"damage":43.0,"enemies":"2 Thieves","floor":18.0,"turns":5.0},{"damage":21,"enemies":"Chosen","floor":20,"turns":7}],"seed_played":"-4817582866452441991","potions_obtained":[{"floor":5.0,"key":"LiquidMemories"},{"floor":7.0,"key":"BlessingOfTheForge"},{"floor":8.0,"key":"Strength Potion"},{"floor":11.0,"key":"Regen Potion"}],"is_trial":false,"path_per_floor":["M","$","M","?","M","R","E","M","T","R","E","?","M","M","R","B",null,"M","$","M"],"character_chosen":"WATCHER","items_purchased":["Meat on the Bone","MentalFortress","TalkToTheHand","FearNoEvil","BlessingOfTheForge"],"campfire_rested":2,"item_purchase_floors":[19,19,19,19,19],"current_hp_per_floor":[65,65,58,46,46,46,17,16,16,37,20,13,21,17,38,2,55,12,12,0,0],"gold":21,"neow_bonus":"ONE_RARE_RELIC","is_daily":false,"chose_seed":false,"campfire_upgraded":1,"win_rate":0.0,"timestamp":1612021900,"path_taken":["M","?","?","?","M","R","E","M","T","R","E","?","M","?","R","BOSS","M","$","M"],"items_purchased_type":["Relic","Card","Card","Card","Potion"],"build_version":"2020-12-22","purchased_purges":0,"victory":false,"max_hp_per_floor":[72,72,72,72,72,72,72,72,72,72,72,72,72,72,72,72,72,72,72,72,72],"card_choices":[{"not_picked":["Halt","FlyingSleeves"],"picked":"Meditate","floor":1.0},{"not_picked":["CutThroughFate","Halt"],"picked":"FlurryOfBlows","floor":3.0},{"not_picked":["CrushJoints","Halt"],"picked":"EmptyBody","floor":5.0},{"not_picked":["Wallop","Collect"],"picked":"SpiritShield","floor":7.0},{"not_picked":["Pray","ThirdEye","ClearTheMind"],"picked":"SKIP","floor":8.0},{"not_picked":["FollowUp","Indignation"],"picked":"Vengeance","floor":11.0},{"not_picked":["Crescendo","FlyingSleeves"],"picked":"BattleHymn","floor":13.0},{"not_picked":["Wireheading","Swivel"],"picked":"DeceiveReality","floor":14.0},{"not_picked":["ConjureBlade","Blasphemy"],"picked":"Establishment","floor":16.0},{"not_picked":["BowlingBash+1","PathToVictory+1"],"picked":"Halt","floor":18.0}],"player_experience":525032,"relics_obtained":[{"floor":7.0,"key":"Blue Candle"},{"floor":9.0,"key":"Pen Nib"},{"floor":11.0,"key":"Bag of Marbles"}],"event_choices":[{"damage_healed":0.0,"max_hp_gain":0.0,"max_hp_loss":0.0,"gold_gain":0.0,"event_name":"Scrap Ooze","player_choice":"Success","floor":4.0,"gold_loss":0.0,"damage_taken":12.0,"relics_obtained":["MawBank"]},{"damage_healed":0.0,"max_hp_gain":0.0,"max_hp_loss":0.0,"gold_gain":75.0,"event_name":"FaceTrader","player_choice":"Touch","floor":12.0,"gold_loss":0.0,"damage_taken":7.0}],"is_beta":false,"boss_relics":[{"not_picked":["Tiny House","Philosopher\u0027s Stone"],"picked":"HolyWater"}],"items_purged_floors":[],"is_endless":false,"potions_floor_spawned":[5,7,8,11],"killed_by":"Chosen","ascension_level":7}}