{"host":"xjs3b8lu14idcd3l","time":1612022331,"event":{"mods":["Act Like it!","BaseMod","CapriCore","Friendly Minions","Gensokyo","Kiyohime£®«Âºß£©","Koishi","Marisa£®ÏF”Í°°ƒß¿Ì…≥£©","Minty Spire (QoL Compilation)","Prisma Mod","Reimu£®≤©¿ˆ¡È√Œ£©","Remilia£®¿Ÿ√◊¿Ú—«£©","Replay The Spire","StSLib","The Administrix","The Immortal","The Servant 0.9.4","Youmu£®ªÍ∆«—˝√Œ£©","Yuyuko"],"gold_per_floor":[110,110,110,120,36,71,71,104,104,204,215,231,242,270,270,270,270],"floor_reached":16,"language":"ZHS","playtime":773,"items_purged":[],"score":157,"play_id":"7f8d2d0f-3102-49b9-bf86-801f3884a170","local_time":"20210130235851","is_ascension_mode":true,"campfire_choices":[{"data":"KiyohimeMod:FlameKiss","floor":7,"key":"SMITH"},{"data":"KiyohimeMod:JeweledSword","floor":15,"key":"SMITH"}],"circlet_count":0,"master_deck":["KiyohimeMod:Strike","KiyohimeMod:Strike","KiyohimeMod:Strike","KiyohimeMod:Strike","KiyohimeMod:Defend","KiyohimeMod:Defend","KiyohimeMod:Defend","KiyohimeMod:Defend","KiyohimeMod:Track","KiyohimeMod:FlameKiss+1","KiyohimeMod:Shapeshift","KiyohimeMod:EatSoul","Injury","KiyohimeMod:CommandCard_Arts","KiyohimeMod:BlueBlackKey+1","KiyohimeMod:Fragarach","KiyohimeMod:AndSoTheShipConquers","KiyohimeMod:CommandCard_Arts","KiyohimeMod:JeweledSword+1","KiyohimeMod:BlueBlackKey","KiyohimeMod:ExSpicyMapoTofu"],"relics":["KiyohimeMod:FireDragon","Sundial","Matryoshka","Garlic","Toy Ornithopter","Replay:Bottled Steam","Blue Candle"],"acts_visited":["Gensokyo:Gensokyo"],"potions_floor_usage":[6,14,14],"damage_taken":[{"damage":0,"enemies":"Gensokyo:2_Kodama","floor":1,"turns":4},{"damage":1,"enemies":"Gensokyo:3_Fairies","floor":4,"turns":5},{"damage":19,"enemies":"Gensokyo:Cirno","floor":6,"turns":6},{"damage":21,"enemies":"Gensokyo:Aya","floor":8,"turns":7},{"damage":1,"enemies":"Gensokyo:Python","floor":11,"turns":3},{"damage":0,"enemies":"Gensokyo:LivingMonolith","floor":12,"turns":2},{"damage":1,"enemies":"Gensokyo:VengefulSpirit","floor":13,"turns":4},{"damage":0,"enemies":"Gensokyo:Mamizou","floor":14,"turns":8},{"damage":35,"enemies":"Gensokyo:Reimu","floor":16,"turns":7}],"seed_played":"5617948153583135891","potions_obtained":[{"floor":11,"key":"Adrenaline Potion"},{"floor":12,"key":"Elixir"},{"floor":13,"key":"Block Potion"}],"is_trial":false,"path_per_floor":["M","?","?","M","$","E","R","E","T","?","M","M","M","E","R","B"],"character_chosen":"Kiyohime","items_purchased":["KiyohimeMod:BlueBlackKey+1","AttackPotion"],"campfire_rested":0,"item_purchase_floors":[5,5],"current_hp_per_floor":[66,66,66,65,65,46,46,25,25,25,24,24,23,33,33,0,0],"gold":270,"neow_bonus":"TEN_PERCENT_HP_BONUS","is_daily":false,"chose_seed":false,"campfire_upgraded":2,"win_rate":0.0,"timestamp":1612022331,"path_taken":["M","?","?","M","$","E","R","E","T","?","M","M","M","E","R","BOSS"],"items_purchased_type":["Card","Potion"],"build_version":"2020-12-22","purchased_purges":0,"victory":false,"max_hp_per_floor":[66,66,66,66,66,66,66,66,66,66,66,66,66,66,66,66,66],"card_choices":[{"not_picked":["KiyohimeMod:SteelTraining","KiyohimeMod:GreenBlackKey"],"picked":"KiyohimeMod:EatSoul","floor":1},{"not_picked":["KiyohimeMod:Preemptive","KiyohimeMod:AndSoTheShipConquers"],"picked":"KiyohimeMod:CommandCard_Arts","floor":4},{"not_picked":["KiyohimeMod:BeElegant","KiyohimeMod:SteelTraining"],"picked":"KiyohimeMod:Fragarach","floor":6},{"not_picked":["KiyohimeMod:RedBlackKey","KiyohimeMod:AgainstMagic"],"picked":"KiyohimeMod:AndSoTheShipConquers","floor":8},{"not_picked":["KiyohimeMod:RedBlackKey","KiyohimeMod:SteelTraining"],"picked":"KiyohimeMod:CommandCard_Arts","floor":11},{"not_picked":["KiyohimeMod:GreenBlackKey","KiyohimeMod:Berserker"],"picked":"KiyohimeMod:JeweledSword","floor":12},{"not_picked":["KiyohimeMod:BeastOfBillows","KiyohimeMod:Preemptive"],"picked":"KiyohimeMod:BlueBlackKey","floor":13},{"not_picked":["KiyohimeMod:WaterTurn","KiyohimeMod:SteelTraining"],"picked":"KiyohimeMod:ExSpicyMapoTofu","floor":14}],"player_experience":189686,"relics_obtained":[{"floor":6,"key":"Matryoshka"},{"floor":8,"key":"Garlic"},{"floor":9,"key":"Toy Ornithopter"},{"floor":9,"key":"Replay:Bottled Steam"},{"floor":14,"key":"Blue Candle"}],"event_choices":[],"is_beta":false,"boss_relics":[],"items_purged_floors":[],"is_endless":false,"potions_floor_spawned":[11,12,13],"killed_by":"Gensokyo:Reimu","ascension_level":2}}