{"host":"nxhdvsd1sxjcqcbb","time":1612034850,"event":{"mods":["AchievementEnabler","BaseMod","Colored Map","Googly Eyes","Highlight Path","Minty Spire (QoL Compilation)","Rare Cards Sparkle"],"gold_per_floor":[112,37,54,229,81,81,101,101,124,164,176,200,212,249,261,403,415,442,173,173,88,104,104,104,104],"floor_reached":24,"language":"ENG","playtime":1385,"items_purged":["Strike_B","Doubt","Strike_B"],"score":291,"play_id":"642cf019-d4b6-47f6-98bb-536a146d49b5","local_time":"20210130132730","is_ascension_mode":true,"campfire_choices":[{"data":"Redo","floor":6,"key":"SMITH"},{"data":"Skim","floor":8,"key":"SMITH"},{"floor":11,"key":"REST"},{"data":"Hologram","floor":15,"key":"SMITH"},{"floor":23,"key":"REST"}],"circlet_count":0,"master_deck":["AscendersBane","Strike_B","Strike_B","Defend_B","Defend_B","Defend_B","Defend_B","Zap","Dualcast","Doom and Gloom","Conserve Battery","Redo+1","Skim+1","Go for the Eyes","Hologram+1","Seek","Redo","Loop"],"relics":["Cracked Core","NeowsBlessing","MawBank","Orichalcum","Golden Idol","Cursed Key","Lantern","Nunchaku"],"acts_visited":["Exordium","TheCity"],"potions_floor_usage":[16,24],"damage_taken":[{"damage":0,"enemies":"Jaw Worm","floor":1,"turns":1},{"damage":0,"enemies":"2 Louse","floor":3,"turns":1},{"damage":0,"enemies":"Cultist","floor":7,"turns":1},{"damage":36,"enemies":"Gremlin Nob","floor":10,"turns":5},{"damage":15,"enemies":"Gremlin Gang","floor":12,"turns":3},{"damage":0,"enemies":"Large Slime","floor":14,"turns":4},{"damage":14,"enemies":"Hexaghost","floor":16,"turns":9},{"damage":12,"enemies":"Spheric Guardian","floor":18,"turns":4},{"damage":19,"enemies":"2 Thieves","floor":22,"turns":3},{"damage":47,"enemies":"Book of Stabbing","floor":24,"turns":4}],"seed_played":"-6007603010463625358","potions_obtained":[{"floor":7,"key":"SkillPotion"},{"floor":12,"key":"Block Potion"}],"is_trial":false,"path_per_floor":["M","$","M","?","$","R","M","R","T","E","R","M","?","M","R","B",null,"M","$","?","?","M","R","E"],"character_chosen":"DEFECT","items_purchased":["Redo","Lantern"],"campfire_rested":2,"item_purchase_floors":[5,19],"current_hp_per_floor":[68,68,68,68,68,68,68,68,68,32,54,39,39,39,39,25,58,46,46,46,46,27,47,0,0],"gold":104,"neow_bonus":"THREE_ENEMY_KILL","is_daily":false,"chose_seed":false,"campfire_upgraded":3,"win_rate":0.0,"timestamp":1612034850,"path_taken":["M","$","M","?","$","R","M","R","T","E","R","M","?","M","R","BOSS","M","$","?","?","M","R","E"],"items_purchased_type":["Card","Relic"],"build_version":"2020-12-22","purchased_purges":3,"victory":false,"max_hp_per_floor":[75,75,75,75,75,75,75,75,75,75,75,75,69,69,69,69,69,69,69,69,69,69,69,69,69],"card_choices":[{"not_picked":["Rebound","Hologram"],"picked":"Doom and Gloom","floor":1},{"not_picked":["Genetic Algorithm","Reprogram"],"picked":"Conserve Battery","floor":3},{"not_picked":["Rebound","Chill"],"picked":"Skim","floor":7},{"not_picked":["Recycle","Stack","Storm"],"picked":"SKIP","floor":10},{"not_picked":["Glacier","Cold Snap"],"picked":"Go for the Eyes","floor":12},{"not_picked":["Skim","Rebound"],"picked":"Hologram","floor":14},{"not_picked":["Reboot","Electrodynamics"],"picked":"Seek","floor":16},{"not_picked":["Static Discharge","Scrape","Barrage"],"picked":"SKIP","floor":18},{"not_picked":["Turbo","Hologram"],"picked":"Loop","floor":22}],"player_experience":762467,"relics_obtained":[{"floor":9,"key":"MawBank"},{"floor":10,"key":"Orichalcum"}],"event_choices":[{"damage_healed":0,"gold_gain":175,"player_choice":"AGREE","damage_taken":0,"max_hp_gain":0,"max_hp_loss":0,"event_name":"Liars Game","floor":4,"gold_loss":0,"cards_obtained":["Doubt"]},{"damage_healed":0,"gold_gain":0,"player_choice":"Lose Max HP","damage_taken":0,"relics_obtained":["Golden Idol"],"max_hp_gain":0,"max_hp_loss":6,"event_name":"Golden Idol","floor":13,"gold_loss":0},{"damage_healed":0,"gold_gain":0,"player_choice":"Read","damage_taken":0,"max_hp_gain":0,"max_hp_loss":0,"event_name":"The Library","floor":20,"gold_loss":0,"cards_obtained":["Redo"]},{"damage_healed":0,"gold_gain":0,"player_choice":"Obtained Relic","damage_taken":0,"relics_obtained":["Nunchaku"],"max_hp_gain":0,"max_hp_loss":0,"event_name":"Addict","floor":21,"gold_loss":85}],"is_beta":false,"boss_relics":[{"not_picked":["Busted Crown","Fusion Hammer"],"picked":"Cursed Key"}],"items_purged_floors":[2,5,19],"is_endless":false,"potions_floor_spawned":[7,12],"killed_by":"Book of Stabbing","ascension_level":10}}