{"host":"Penguin","time":1612004760,"event":{"mods":["BaseMod","Colored Map","Colored Powertips","Downfall","Minty Spire (QoL Compilation)","Relic Stats","StSLib","Synergy Search","Unceasing Turn Reminder"],"gold_per_floor":[99,99,199,199,199,199,281,334,362,374,411,323,349,391,422,434,434,434],"floor_reached":16,"language":"ENG","playtime":551,"items_purged":[],"score":139,"play_id":"654bbdda-843d-4e02-8c3a-b12e3c5dcfb8","local_time":"20210130120600","is_ascension_mode":false,"campfire_choices":[{"data":"bronze:Replicate","floor":1,"key":"SMITH"},{"data":"bronze:Spike","floor":6,"key":"SMITH"},{"floor":10,"key":"RECALL"},{"data":"bronze:Philosophize","floor":12,"key":"SMITH"}],"circlet_count":0,"master_deck":["bronze:Strike","bronze:Strike","bronze:Strike","bronze:Strike","bronze:Defend","bronze:Defend","bronze:Defend","bronze:Defend","bronze:Replicate+1","bronze:Goto","bronze:Fortify","bronze:Spike+1","bronze:Shell","bronze:Philosophize+1","bronze:Terminator","bronze:Shield"],"relics":["bronze:BronzeCore","downfall:HeartsMalice","Pen Nib","Bag of Marbles","MawBank","Molten Egg 2","downfall:HeartBlessingRed","Question Card"],"acts_visited":["Exordium"],"potions_floor_usage":[16,16],"damage_taken":[{"damage":0,"enemies":"Small Slimes","floor":4,"turns":1},{"damage":0,"enemies":"Small Slimes","floor":5,"turns":1},{"damage":0,"enemies":"3 Sentries","floor":9,"turns":1},{"damage":18,"enemies":"Gremlin Nob","floor":11,"turns":4},{"damage":1,"enemies":"2 Louse","floor":13,"turns":3},{"damage":23,"enemies":"Lagavulin","floor":14,"turns":7},{"damage":7,"enemies":"Jaw Worm","floor":15,"turns":2},{"damage":30,"enemies":"IC_STATUS_ARCHETYPE","floor":16,"turns":4}],"seed_played":"-4606699487858623020","potions_obtained":[{"floor":5,"key":"Regen Potion"},{"floor":9,"key":"Swift Potion"},{"floor":13,"key":"bronze:FreeFunctionsPotion"}],"is_trial":false,"path_per_floor":["R","?","?","M","?","R","T","T","E","R","E","R","M","E","M","B"],"character_chosen":"THE_AUTOMATON","items_purchased":[],"campfire_rested":0,"item_purchase_floors":[],"current_hp_per_floor":[70,67,67,67,67,67,67,67,67,67,49,49,48,25,18,0,0,0],"gold":434,"neow_bonus":"THREE_ENEMY_KILL","is_daily":false,"chose_seed":false,"campfire_upgraded":3,"win_rate":0.0,"timestamp":1612004760,"path_taken":["R","?","?","M","?","R","T","?","E","R","E","R","M","E","M","BOSS"],"items_purchased_type":[],"build_version":"2020-12-18","purchased_purges":0,"victory":false,"max_hp_per_floor":[70,70,70,70,70,70,70,70,70,70,70,70,70,70,70,70,70,70],"relic_stats":{"counters":[8,20],"Pen Nib":[3],"MawBank":84,"Question Card":1,"obtain_stats":[{"bronze:BronzeCore":0,"downfall:HeartBlessingRed":12,"downfall:HeartsMalice":0,"Molten Egg 2":11,"Pen Nib":2,"Bag of Marbles":8,"MawBank":9,"Question Card":14},{"bronze:BronzeCore":0,"downfall:HeartBlessingRed":4,"downfall:HeartsMalice":0,"Molten Egg 2":4,"Pen Nib":0,"Bag of Marbles":2,"MawBank":3,"Question Card":6},{"bronze:BronzeCore":0,"downfall:HeartBlessingRed":4,"downfall:HeartsMalice":0,"Molten Egg 2":4,"Pen Nib":0,"Bag of Marbles":0,"MawBank":0,"Question Card":14}]},"card_choices":[{"not_picked":["bronze:WildBeam","bronze:Overheat"],"picked":"bronze:Fortify","floor":4},{"not_picked":[],"picked":"bronze:Spike","floor":5},{"not_picked":["bronze:GetLatest","bronze:FindAndReplace"],"picked":"bronze:Shell","floor":9},{"not_picked":["bronze:DelayedGuard","bronze:Break+1"],"picked":"bronze:Philosophize","floor":11},{"not_picked":["bronze:BitShift","bronze:Philosophize"],"picked":"bronze:Terminator","floor":13},{"not_picked":["bronze:DarkDash+1","bronze:Separator+1"],"picked":"bronze:Shield","floor":14},{"not_picked":["bronze:Separator+1","bronze:Overheat+1","bronze:BurnOut+1","bronze:NullPointer+1"],"picked":"SKIP","floor":15}],"player_experience":358632,"relics_obtained":[{"floor":8,"key":"Bag of Marbles"},{"floor":9,"key":"MawBank"},{"floor":11,"key":"Molten Egg 2"},{"floor":14,"key":"Question Card"}],"event_choices":[{"damage_healed":0,"gold_gain":0,"player_choice":"Success","damage_taken":3,"relics_obtained":["Pen Nib"],"max_hp_gain":0,"max_hp_loss":0,"event_name":"Scrap Ooze","floor":2,"gold_loss":0}],"is_beta":true,"boss_relics":[],"items_purged_floors":[],"is_endless":false,"potions_floor_spawned":[5,9,13],"killed_by":"IC_STATUS_ARCHETYPE","ascension_level":0}}