{"host":"pesfwaef25r60kxm","time":1612012691,"event":{"mods":["ATMod(阿瑾Mod)","Act Like it!","Arknights The Spire","BaseMod","Colored Powertips","Gensokyo","Hunter 猎人","Minty Spire (QoL Compilation)","Replay The Spire","RumiaBox-露米娅的神秘盒子","Spicy Shops","StSLib","WarShipGirlsR/战舰少女R mod","[IsaacMod]以撒尖塔","noobMod","【遗物卡牌】REMEMod"],"gold_per_floor":[115,115,115,115,134,161,195,229,253,253,253,286,348,82,82,156,156,169,169,26,26,26,60,86,113,113,113,14,47,82,163,163,242,242,254,331,424,151,231,558,558,588,665,699,725,753,276,311,311,311,311],"floor_reached":52,"language":"ZHS","playtime":1998,"items_purged":["Juggernaut","REME_TheLastStrike+1"],"score":2801,"play_id":"de81483f-ad91-4993-a5bb-34d2f946dd31","local_time":"20210130211811","daily_mods":["Shiny","Vintage","Heirloom","Time Dilation","Flight"],"is_ascension_mode":true,"campfire_choices":[{"data":"REME_ACTH","floor":15,"key":"SMITH"},{"data":"Corruption","floor":27,"key":"SMITH"},{"data":"Demon Form","floor":32,"key":"SMITH"},{"data":"AT_Dispersion","floor":41,"key":"SMITH"},{"data":"Berserk","floor":49,"key":"SMITH"}],"circlet_count":0,"master_deck":["AscendersBane","Double Tap","REME_ACTH+1","Fiend Fire+1","AT_Dispersion+1","Eclipse","Demonic Infusion+1","Exhume","REME_Fury+1","Bludgeon","Limit Break","Hemogenesis+1","Demon Form+1","Berserk+1","Impervious","Brutality","Offering","Feed","Replay:Many Hands","Corruption+1","Barricade+1","Reaper+1","Immolate","AT_FamilyPortrait","ReplayTheSpireMod:Omega Cannon+1","Inflame"],"relics":["Burning Blood","HushsDoor","ice","BookOfRevelations","Void","Bottled Lightning","AT_DeathDance","Replay:Wax Seal","Dead Branch","Mercury Hourglass","Mirror","Bag of Preparation","Bird Faced Urn","Strawberry","Replay:Bottled Steam","AddBug","GuppysTail","NineLifeCat","Replay:Bottled Steam","AT_BladeRuinedKing","InkBottle","Gensokyo:MosesMiracle","Gensokyo:ChorusOfJoy","Letter Opener","Vajra","Magic Flower","REME_PuzzleBoxRelic","Replay:Bottled Steam","Painkiller Herb","Onion Ring","GodSword1","Iron Hammer","Self Forming Clay","AT_SpeedBoots","EdensBlessing","Torii","AT_SilvercatRing","The Courier","Painkiller Herb","SharpPlug","Prayer Wheel","Omamori","ReplayTheSpireMod:CursedCoin","Pear","LastBattle","Turnip"],"acts_visited":["Exordium","Exordium","TheBeyond"],"potions_floor_usage":[],"damage_taken":[{"damage":0,"enemies":"2 Louse","floor":1,"turns":2},{"damage":6,"enemies":"Jaw Worm","floor":5,"turns":1},{"damage":6,"enemies":"Gremlin Nob","floor":6,"turns":2},{"damage":21,"enemies":"Replay:BlueRogue","floor":7,"turns":5},{"damage":17,"enemies":"3 Sentries","floor":8,"turns":3},{"damage":5,"enemies":"Gremlin Nob","floor":12,"turns":3},{"damage":16,"enemies":"3 Sentries","floor":13,"turns":2},{"damage":4,"enemies":"The Guardian","floor":16,"turns":5},{"damage":3,"enemies":"Gensokyo:CosmicMonolith","floor":18,"turns":1},{"damage":0,"enemies":"Gensokyo:Reisen","floor":23,"turns":1},{"damage":0,"enemies":"Gensokyo:Tenshi","floor":24,"turns":1},{"damage":4,"enemies":"Gensokyo:Reisen","floor":25,"turns":2},{"damage":0,"enemies":"Gensokyo:Tenshi","floor":29,"turns":2},{"damage":7,"enemies":"Gensokyo:Koishi","floor":30,"turns":2},{"damage":0,"enemies":"Gensokyo:Eternal_Rivals","floor":33,"turns":1},{"damage":0,"enemies":"3 Darklings","floor":35,"turns":1},{"damage":1,"enemies":"R_Hoarder","floor":40,"turns":4},{"damage":0,"enemies":"Nemesis","floor":42,"turns":1},{"damage":1,"enemies":"R_Hoarder","floor":44,"turns":2},{"damage":0,"enemies":"Reptomancer","floor":45,"turns":1},{"damage":0,"enemies":"R_Hoarder","floor":46,"turns":2},{"damage":0,"enemies":"Reptomancer","floor":48,"turns":1},{"damage":6,"enemies":"Replay:Hell Engine","floor":50,"turns":1},{"damage":28,"enemies":"Awakened One","floor":51,"turns":4}],"seed_played":"5928508544142366189","potions_obtained":[{"floor":6,"key":"Weak Potion"},{"floor":8,"key":"SteroidPotion"}],"is_trial":true,"path_per_floor":["M","?","T","?","M","E","E","E","T","?","?","E","?","$","R","B",null,"M","?","$","?","?","E","E","E","T","R","COS","E","E","?","R","B",null,"?","T","?","T","T","E","T","E","T","E","E","E","T","E","T","B","B",null],"character_chosen":"IRONCLAD","items_purchased":["Replay:Bottled Steam","GuppysTail","NineLifeCat","InkBottle","Iron Hammer","ReplayTheSpireMod:CursedCoin","Guide Book","Pear","LastBattle"],"campfire_rested":0,"item_purchase_floors":[14,17,17,20,38,47,47,47,47],"current_hp_per_floor":[75,52,52,52,52,52,37,41,41,46,41,49,56,56,56,87,12,12,12,12,12,12,12,12,12,12,12,12,15,18,3,3,18,18,18,18,14,14,14,20,20,20,20,20,20,20,30,30,30,30,37],"gold":311,"neow_bonus":"","is_daily":false,"chose_seed":false,"campfire_upgraded":5,"win_rate":0.0,"timestamp":1612012691,"path_taken":["M","?","?","?","?","E","E","E","T","?","?","E","?","$","R","BOSS","M","?","$","?","?","E","E","E","T","R","COS","E","E","?","R","BOSS","?","?","?","T","?","E","T","E","T","E","E","E","T","E","T","BOSS","BOSS"],"items_purchased_type":["Relic","Relic","Relic","Relic","Relic","Relic","Relic","Relic","Relic"],"build_version":"2020-12-22","purchased_purges":2,"victory":true,"max_hp_per_floor":[75,75,75,75,75,75,75,78,78,83,83,83,90,90,90,90,12,12,12,12,12,12,12,12,12,12,12,12,15,18,18,18,18,18,18,18,18,18,18,20,20,20,20,20,20,20,30,30,30,30,37],"card_choices":[{"not_picked":[],"picked":"ChaosCard","floor":0},{"not_picked":["AT_GerminateFire","Clash","Rage"],"picked":"SKIP","floor":6},{"not_picked":["Dropkick","Thunderclap","Demon Form"],"picked":"SKIP","floor":7},{"not_picked":["True Grit","Twin Strike","Shockwave"],"picked":"SKIP","floor":8},{"not_picked":["Rage","Shrug It Off"],"picked":"Inflame","floor":12},{"not_picked":["Perfected Strike","AT_BodySlamDance","Flex"],"picked":"SKIP","floor":23},{"not_picked":["ReplayTheSpireMod:Corrosion Curse","Combust","Replay:Undeath\u0027s Touch+1"],"picked":"SKIP","floor":24},{"not_picked":["Flame Barrier","Sword Boomerang","Rage"],"picked":"SKIP","floor":25},{"not_picked":["Sword Boomerang","Pommel Strike+1","Rage+1"],"picked":"SKIP","floor":29},{"not_picked":["AT_CaressingTears","Evolve+1","Intimidate"],"picked":"SKIP","floor":30},{"not_picked":["AT_CaressingTears","ReplayTheSpireMod:Corrosion Curse","Twin Strike"],"picked":"SKIP","floor":40},{"not_picked":["Dual Wield","Havoc+1","ReplayTheSpireMod:Stacked"],"picked":"SKIP","floor":42},{"not_picked":["Intimidate","Disarm","Blood for Blood+1"],"picked":"SKIP","floor":44},{"not_picked":["AT_GerminateFire","Brutality","True Grit+1"],"picked":"SKIP","floor":45},{"not_picked":["Warcry","AT_BodySlamDance","Thunderclap+1"],"picked":"SKIP","floor":46},{"not_picked":["REME_Cut+1","Replay:Undeath\u0027s Touch","Warcry"],"picked":"SKIP","floor":48}],"player_experience":127209,"relics_obtained":[{"floor":1,"key":"Bottled Lightning"},{"floor":3,"key":"AT_DeathDance"},{"floor":5,"key":"Replay:Wax Seal"},{"floor":6,"key":"Dead Branch"},{"floor":7,"key":"Mercury Hourglass"},{"floor":8,"key":"Mirror"},{"floor":9,"key":"Bag of Preparation"},{"floor":12,"key":"Bird Faced Urn"},{"floor":18,"key":"Replay:Bottled Steam"},{"floor":18,"key":"AT_BladeRuinedKing"},{"floor":23,"key":"Letter Opener"},{"floor":24,"key":"PokeGo"},{"floor":25,"key":"Gensokyo:MosesMiracle"},{"floor":25,"key":"Vajra"},{"floor":26,"key":"Magic Flower"},{"floor":29,"key":"REME_PuzzleBoxRelic"},{"floor":30,"key":"AnarchistCookbook"},{"floor":33,"key":"Replay:Bottled Steam"},{"floor":35,"key":"Onion Ring"},{"floor":36,"key":"GodSword1"},{"floor":39,"key":"Self Forming Clay"},{"floor":40,"key":"AT_SpeedBoots"},{"floor":42,"key":"Torii"},{"floor":43,"key":"AT_SilvercatRing"},{"floor":44,"key":"The Courier"},{"floor":45,"key":"Painkiller Herb"},{"floor":45,"key":"SharpPlug"},{"floor":46,"key":"Omamori"},{"floor":48,"key":"Turnip"}],"event_choices":[{"damage_healed":0,"gold_gain":0,"player_choice":"Entered Light","damage_taken":23,"max_hp_gain":0,"max_hp_loss":0,"event_name":"Shining Light","floor":2,"gold_loss":0,"cards_upgraded":["REME_TheLastStrike","Demonic Infusion"]},{"damage_healed":0,"gold_gain":0,"player_choice":"Donut","damage_taken":0,"max_hp_gain":5,"max_hp_loss":0,"event_name":"Big Fish","floor":10,"gold_loss":0},{"damage_healed":0,"gold_gain":0,"player_choice":"Bought 0 Potions","damage_taken":0,"max_hp_gain":0,"max_hp_loss":0,"event_name":"The Woman in Blue","floor":11,"gold_loss":0},{"damage_healed":0,"gold_gain":0,"player_choice":"Searched \u00273\u0027 times","damage_taken":0,"relics_obtained":["Strawberry"],"max_hp_gain":0,"max_hp_loss":0,"event_name":"Dead Adventurer","floor":13,"gold_loss":0}],"is_beta":false,"boss_relics":[{"not_picked":["Philosopher\u0027s Stone","Kintsugi"],"picked":"AddBug"},{"not_picked":[]},{"not_picked":["SacredBark","REME_DuelDisc"],"picked":"Painkiller Herb"},{"not_picked":[]}],"items_purged_floors":[17,47],"is_endless":false,"potions_floor_spawned":[6,8,25,29,33,45,46],"ascension_level":20}}