{"host":"8b2tzytxrazqquwe","time":1612036107,"event":{"mods":["BaseMod","Card Forge","Colored Map","Highlight Path","Minty Spire (QoL Compilation)","StSLib","The Marked"],"gold_per_floor":[215,215,233,248,267,295,308,308,308,318,318,99,99,99],"floor_reached":13,"language":"ENG","playtime":878,"items_purged":["theMarked:Strike"],"score":87,"play_id":"200bcbeb-bddd-473f-86e0-8bf2c9501336","local_time":"20210130194827","is_ascension_mode":false,"campfire_choices":[{"data":"theMarked:EmpowerWeapon","floor":8,"key":"SMITH"},{"data":"theMarked:EmpowerWeapon","floor":11,"key":"SMITH"}],"circlet_count":0,"master_deck":["theMarked:Strike","theMarked:Strike","theMarked:Strike","theMarked:Strike","theMarked:Defend","theMarked:Defend","theMarked:Defend","theMarked:Defend","theMarked:SoldierOfQuellstein","theMarked:ElectricStrings","theMarked:EmpowerWeapon+1","theMarked:OneWithTheBlade","theMarked:PowerFlow","theMarked:EmpowerWeapon+1"],"relics":["theMarked:ArtifactOfAir","Hammer of Thor","Seething Fire","Anvil of the Gods","Omamori","Torii","Bronze Scales"],"acts_visited":["Exordium"],"potions_floor_usage":[13,13,13],"damage_taken":[{"damage":9,"enemies":"Jaw Worm","floor":1,"turns":8},{"damage":0,"enemies":"2 Louse","floor":3,"turns":2},{"damage":1,"enemies":"Cultist","floor":4,"turns":3},{"damage":16,"enemies":"Exordium Wildlife","floor":5,"turns":6},{"damage":19,"enemies":"Gremlin Nob","floor":6,"turns":4},{"damage":12,"enemies":"Exordium Thugs","floor":7,"turns":5},{"damage":5,"enemies":"Gremlin Gang","floor":10,"turns":6},{"damage":9,"enemies":"Lagavulin","floor":13,"turns":5}],"seed_played":"4773152797697413873","potions_obtained":[{"floor":3,"key":"Ancient Potion"},{"floor":5,"key":"Fire Potion"},{"floor":6,"key":"FearPotion"}],"is_trial":false,"path_per_floor":["M","?","M","M","M","E","M","R","T","M","R","$","E"],"character_chosen":"THE_DEFAULT","items_purchased":["Bronze Scales"],"campfire_rested":0,"item_purchase_floors":[12],"current_hp_per_floor":[61,61,61,60,44,25,13,13,13,8,8,8,0,0],"gold":99,"neow_bonus":"HUNDRED_GOLD","is_daily":false,"chose_seed":false,"campfire_upgraded":2,"win_rate":0.0,"timestamp":1612036107,"path_taken":["M","?","M","M","M","E","M","R","T","M","R","$","E"],"items_purchased_type":["Relic"],"build_version":"2020-12-22","purchased_purges":1,"victory":false,"max_hp_per_floor":[70,70,70,70,70,70,70,70,70,70,70,70,70,70],"card_choices":[{"not_picked":["theMarked:Parkour","theMarked:Frustration"],"picked":"theMarked:ElectricStrings","floor":1},{"not_picked":["theMarked:MuscleMemory","theMarked:SwordAndMagic"],"picked":"theMarked:EmpowerWeapon","floor":3},{"not_picked":["theMarked:SelfDefenseTraining","theMarked:Aftermath","theMarked:Convert"],"picked":"SKIP","floor":4},{"not_picked":["theMarked:TwofoldDefense","theMarked:WastefulAttack"],"picked":"theMarked:OneWithTheBlade","floor":5},{"not_picked":["theMarked:BanishingWave","theMarked:Electrocute"],"picked":"theMarked:PowerFlow","floor":6},{"not_picked":["theMarked:Panic","theMarked:TheMission","theMarked:TwofoldDefense"],"picked":"SKIP","floor":7},{"not_picked":["theMarked:GodGivenPower","theMarked:Indomitable"],"picked":"theMarked:EmpowerWeapon","floor":10}],"player_experience":32524,"relics_obtained":[{"floor":6,"key":"Omamori"},{"floor":9,"key":"Torii"}],"event_choices":[{"damage_healed":0,"gold_gain":0,"player_choice":"Ignored","damage_taken":0,"max_hp_gain":0,"max_hp_loss":0,"event_name":"Shining Light","floor":2,"gold_loss":0}],"is_beta":false,"boss_relics":[],"items_purged_floors":[12],"is_endless":false,"potions_floor_spawned":[3,5,6],"killed_by":"Lagavulin","ascension_level":0}}