{"host":"gmrw3hv4wligmwgo","time":1612016987,"event":{"mods":["2.2 Compatiblity","BaseMod","Colored Map","Highlight Path","Minty Spire (QoL Compilation)","Relic Stats","StSLib","Synergy Search","Td1madao Mod","The Animator"],"gold_per_floor":[116,96,56,69,69,69,144,171,196,220,243,84,98,22,22,99,99,117,117,128,0,0,0,33,33,33],"floor_reached":25,"language":"ENG","playtime":1621,"items_purged":[],"score":588,"play_id":"77b1d242-d41a-4bb7-b394-017a41b93af6","local_time":"20210130152947","is_ascension_mode":true,"campfire_choices":[{"data":"Inflame","floor":6.0,"key":"SMITH"},{"data":"Barricade","floor":15.0,"key":"SMITH"},{"data":"Body Slam","floor":23.0,"key":"SMITH"}],"circlet_count":0,"master_deck":["AscendersBane","Strike_R","Strike_R","Strike_R","Strike_R","Strike_R","Defend_R","Defend_R","Defend_R","Defend_R","Bash","Evolve","Inflame+1","Pommel Strike","Barricade+1","Body Slam","Body Slam+1","Impervious","Ghostly Armor","Exhume","Shrug It Off","True Grit","Shrug It Off","Juggernaut"],"relics":["Burning Blood","NeowsBlessing","Ancient Tea Set","MawBank","Orrery","Cursed Key","Shovel"],"acts_visited":["Exordium","TheCity"],"potions_floor_usage":[],"damage_taken":[{"damage":0.0,"enemies":"Jaw Worm","floor":1.0,"turns":1.0},{"damage":0.0,"enemies":"Cultist","floor":4.0,"turns":1.0},{"damage":0.0,"enemies":"Lagavulin","floor":8.0,"turns":1.0},{"damage":4.0,"enemies":"Small Slimes","floor":10.0,"turns":3.0},{"damage":6.0,"enemies":"2 Fungi Beasts","floor":11.0,"turns":4.0},{"damage":25.0,"enemies":"Exordium Wildlife","floor":13.0,"turns":4.0},{"damage":0.0,"enemies":"The Guardian","floor":16.0,"turns":11.0},{"damage":0.0,"enemies":"Chosen","floor":18.0,"turns":4.0},{"damage":20.0,"enemies":"Spheric Guardian","floor":20.0,"turns":6.0},{"damage":52.0,"enemies":"Book of Stabbing","floor":24.0,"turns":7.0},{"damage":15,"enemies":"Snake Plant","floor":25,"turns":3}],"seed_played":"-3078196174394421417","potions_obtained":[{"floor":2.0,"key":"DistilledChaos"},{"floor":8.0,"key":"LiquidMemories"},{"floor":11.0,"key":"SpeedPotion"},{"floor":16.0,"key":"EssenceOfSteel"}],"is_trial":false,"path_per_floor":["M","?","$","M","?","R","?","E","T","M","M","$","M","$","R","B",null,"M","$","M","?","?","R","E","M"],"character_chosen":"IRONCLAD","items_purchased":["Inflame","Orrery","True Grit","Shrug It Off"],"campfire_rested":0,"item_purchase_floors":[3,12,14,14],"current_hp_per_floor":[74,74,74,75,75,75,64,70,70,72,72,72,53,53,53,59,71,75,75,61,61,61,61,15,0,0],"gold":33,"neow_bonus":"THREE_ENEMY_KILL","is_daily":false,"chose_seed":false,"campfire_upgraded":3,"win_rate":0.0,"timestamp":1612016987,"path_taken":["M","?","$","?","?","R","?","E","T","M","M","$","M","$","R","BOSS","M","$","M","?","?","R","E","M"],"items_purchased_type":["Card","Relic","Card","Card"],"build_version":"2020-12-22","purchased_purges":0,"victory":false,"max_hp_per_floor":[75,75,75,75,75,75,75,75,75,75,75,75,75,75,75,75,75,75,75,75,75,75,75,75,75,75],"relic_stats":{"Shovel":0,"counters":[11,45],"MawBank":36,"Cursed Key":0,"obtain_stats":[{"Shovel":24,"NeowsBlessing":0,"Orrery":12,"Ancient Tea Set":8,"MawBank":9,"Cursed Key":17,"Burning Blood":0},{"Shovel":10,"NeowsBlessing":0,"Orrery":5,"Ancient Tea Set":3,"MawBank":3,"Cursed Key":7,"Burning Blood":0},{"Shovel":42,"NeowsBlessing":0,"Orrery":10,"Ancient Tea Set":3,"MawBank":3,"Cursed Key":25,"Burning Blood":0}],"Burning Blood":53},"card_choices":[{"not_picked":["Clothesline","Burning Pact"],"picked":"Evolve","floor":1.0},{"not_picked":["Cleave","Sentinel"],"picked":"Pommel Strike","floor":4.0},{"not_picked":["Sever Soul","Shrug It Off"],"picked":"Barricade","floor":8.0},{"not_picked":["Disarm","Sword Boomerang"],"picked":"Body Slam","floor":10.0},{"not_picked":["Rage","Clash"],"picked":"Body Slam","floor":11.0},{"not_picked":["Reaper","Flame Barrier"],"picked":"Impervious","floor":12.0},{"not_picked":["Carnage","Warcry"],"picked":"Ghostly Armor","floor":12.0},{"not_picked":["Pommel Strike","Demon Form"],"picked":"Exhume","floor":12.0},{"not_picked":["Dropkick","Body Slam"],"picked":"Shrug It Off","floor":13.0},{"not_picked":["Barricade","Offering"],"picked":"Juggernaut","floor":16.0},{"not_picked":["Dark Embrace","Wild Strike","Anger"],"picked":"SKIP","floor":18.0},{"not_picked":["Blood for Blood","Hemokinesis+1","Clash"],"picked":"SKIP","floor":20.0},{"not_picked":["Reckless Charge","Twin Strike","Flex"],"picked":"SKIP","floor":24.0}],"player_experience":676331,"relics_obtained":[{"floor":8.0,"key":"Ancient Tea Set"},{"floor":9.0,"key":"MawBank"},{"floor":24.0,"key":"Shovel"}],"event_choices":[{"damage_healed":0.0,"max_hp_gain":0.0,"max_hp_loss":0.0,"gold_gain":0.0,"event_name":"The Woman in Blue","player_choice":"Bought 1 Potion","floor":2.0,"gold_loss":0.0,"damage_taken":0.0},{"damage_healed":0.0,"max_hp_gain":0.0,"max_hp_loss":0.0,"gold_gain":0.0,"event_name":"Liars Game","player_choice":"Ignored","floor":5.0,"gold_loss":0.0,"damage_taken":0.0},{"damage_healed":0.0,"max_hp_gain":0.0,"max_hp_loss":0.0,"gold_gain":75.0,"event_name":"World of Goop","player_choice":"Gather Gold","floor":7.0,"gold_loss":0.0,"damage_taken":11.0},{"damage_healed":0.0,"max_hp_gain":0.0,"max_hp_loss":0.0,"gold_gain":0.0,"event_name":"Masked Bandits","player_choice":"Paid Fearfully","floor":21.0,"gold_loss":128.0,"damage_taken":0.0},{"damage_healed":0.0,"max_hp_gain":0.0,"max_hp_loss":0.0,"gold_gain":0.0,"event_name":"Vampires","player_choice":"Ignored","floor":22.0,"gold_loss":0.0,"damage_taken":0.0}],"is_beta":false,"boss_relics":[{"not_picked":["SacredBark","SlaversCollar"],"picked":"Cursed Key"}],"items_purged_floors":[],"is_endless":false,"potions_floor_spawned":[8,11,16],"killed_by":"Snake Plant","ascension_level":20}}