{"host":"o7j6aatxjwpw1421","time":1612014007,"event":{"mods":["2.2 Compatiblity","AchievementEnabler","BaseMod","Colored Map","DeckTracker","Highlight Path","Keyboard Shortcuts","Minty Spire (QoL Compilation)","Permanent Neow","Quick Restart","StSLib","SuperFastMode","everything is the same but u backflip on backflip"],"gold_per_floor":[110,35,35,48,48,48,74,94,117,130,130,144,62,74,74,178,178,191,202,117,117,132,132,157,169,192,224,244,244,244,257,257,355,355,365,47,98,118,131,131,162,162,162],"floor_reached":42,"language":"KOR","playtime":1242,"items_purged":["Strike_R","Strike_R"],"score":545,"play_id":"0803af38-30be-47fe-b6d3-157c1937d7c9","local_time":"20210130224007","is_ascension_mode":false,"campfire_choices":[{"data":"Body Slam","floor":6.0,"key":"SMITH"},{"data":"Offering","floor":11.0,"key":"SMITH"},{"data":"Limit Break","floor":15.0,"key":"SMITH"},{"data":"Inflame","floor":23.0,"key":"SMITH"},{"floor":32,"key":"REST"},{"data":"Power Through","floor":40,"key":"SMITH"}],"circlet_count":0,"master_deck":["Strike_R","Strike_R","Defend_R","Defend_R","Defend_R","Defend_R","Bash","Body Slam+1","Wild Strike","Offering+1","Armaments","Inflame+1","Limit Break+1","Shrug It Off","Double Tap","Twin Strike+1","Shrug It Off","Dual Wield","Sword Boomerang+1","Reaper","Armaments+1","Power Through+1","Battle Trance+1","True Grit+1"],"relics":["Burning Blood","NeowsBlessing","Ancient Tea Set","Anchor","Sozu","Pen Nib","Nunchaku","Juzu Bracelet","Red Skull","FaceOfCleric","MutagenicStrength","Runic Pyramid","Medical Kit","Lizard Tail","Art of War"],"acts_visited":["Exordium","TheCity","TheBeyond"],"potions_floor_usage":[25,37,41],"damage_taken":[{"damage":0.0,"enemies":"Jaw Worm","floor":1.0,"turns":1.0},{"damage":0.0,"enemies":"2 Louse","floor":4.0,"turns":1.0},{"damage":0.0,"enemies":"Gremlin Nob","floor":7.0,"turns":1.0},{"damage":1.0,"enemies":"Cultist","floor":8.0,"turns":3.0},{"damage":8.0,"enemies":"Large Slime","floor":10.0,"turns":4.0},{"damage":0.0,"enemies":"Looter","floor":12.0,"turns":1.0},{"damage":0.0,"enemies":"2 Fungi Beasts","floor":14.0,"turns":3.0},{"damage":64.0,"enemies":"Hexaghost","floor":16.0,"turns":11.0},{"damage":6.0,"enemies":"Chosen","floor":18.0,"turns":3.0},{"damage":11.0,"enemies":"Shell Parasite","floor":19.0,"turns":3.0},{"damage":18.0,"enemies":"Sentry and Sphere","floor":22.0,"turns":5.0},{"damage":6.0,"enemies":"Slavers","floor":24.0,"turns":3.0},{"damage":9,"enemies":"Snake Plant","floor":25,"turns":3},{"damage":25,"enemies":"Gremlin Leader","floor":27,"turns":3},{"damage":7,"enemies":"3 Cultists","floor":28,"turns":4},{"damage":6,"enemies":"Shelled Parasite and Fungi","floor":31,"turns":1},{"damage":25,"enemies":"Collector","floor":33,"turns":7},{"damage":15,"enemies":"3 Shapes","floor":35,"turns":4},{"damage":70,"enemies":"2 Orb Walkers","floor":37,"turns":6},{"damage":0,"enemies":"Orb Walker","floor":38,"turns":2},{"damage":37,"enemies":"Spire Growth","floor":39,"turns":5},{"damage":34,"enemies":"Reptomancer","floor":41,"turns":6},{"damage":0,"enemies":"Writhing Mass","floor":42,"turns":2}],"seed_played":"-7952243570648711630","potions_obtained":[{"floor":4.0,"key":"Block Potion"},{"floor":7.0,"key":"FearPotion"},{"floor":10.0,"key":"Block Potion"}],"is_trial":false,"path_per_floor":["M","$","?","M","?","R","E","M","T","M","R","M","$","M","R","B",null,"M","M","?","?","M","R","E","M","T","E","M","?","?","M","R","B",null,"M","$","?","M","M","R","E","M"],"character_chosen":"IRONCLAD","items_purchased":["Limit Break","Medical Kit","Power Through"],"campfire_rested":1,"item_purchase_floors":[13,36,36],"current_hp_per_floor":[80,80,80,80,80,80,80,80,80,78,78,80,80,80,80,22,80,80,75,75,60,48,48,48,45,45,26,25,25,25,26,51,33,87,87,87,40,47,34,34,85,85,85],"gold":162,"neow_bonus":"THREE_ENEMY_KILL","is_daily":false,"chose_seed":false,"campfire_upgraded":5,"win_rate":0.0,"timestamp":1612014007,"path_taken":["M","$","?","M","?","R","E","M","T","M","R","M","?","M","R","BOSS","M","M","?","?","M","R","E","M","T","E","M","?","?","M","R","BOSS","M","$","?","M","M","R","E","M"],"items_purchased_type":["Card","Relic","Card"],"build_version":"2020-12-22","purchased_purges":2,"victory":false,"max_hp_per_floor":[80,80,80,80,80,80,80,80,80,80,80,80,80,80,80,80,80,80,80,80,85,85,85,85,85,85,85,85,85,85,86,86,87,87,88,88,89,90,91,91,92,92,92],"card_choices":[{"not_picked":["Flex","Heavy Blade","Sentinel"],"picked":"SKIP","floor":1.0},{"not_picked":["True Grit","Wild Strike"],"picked":"Body Slam","floor":4.0},{"not_picked":["Thunderclap","Body Slam"],"picked":"Wild Strike","floor":7.0},{"not_picked":["Armaments","True Grit"],"picked":"Offering","floor":8.0},{"not_picked":["Headbutt","Sentinel"],"picked":"Armaments","floor":10.0},{"not_picked":["Pommel Strike","Burning Pact"],"picked":"Inflame","floor":12.0},{"not_picked":["Warcry","Clash"],"picked":"Shrug It Off","floor":14.0},{"not_picked":["Fiend Fire","Berserk"],"picked":"Double Tap","floor":16.0},{"not_picked":["Cleave","Wild Strike","Searing Blow"],"picked":"SKIP","floor":18.0},{"not_picked":["Iron Wave+1","Clash+1"],"picked":"Twin Strike+1","floor":19.0},{"not_picked":["Warcry+1","Hemokinesis"],"picked":"Shrug It Off","floor":22.0},{"not_picked":["Reckless Charge","Wild Strike"],"picked":"Dual Wield","floor":24.0},{"not_picked":["Bloodletting","Metallicize","Wild Strike"],"picked":"SKIP","floor":25},{"not_picked":["Rage+1","Cleave","Metallicize+1"],"picked":"SKIP","floor":27},{"not_picked":["Heavy Blade","Perfected Strike"],"picked":"Sword Boomerang+1","floor":28},{"not_picked":["Havoc","Thunderclap+1","Flex"],"picked":"SKIP","floor":31},{"not_picked":["Juggernaut","Offering"],"picked":"Reaper","floor":33},{"not_picked":["Burning Pact","Headbutt"],"picked":"Armaments+1","floor":35},{"not_picked":["Metallicize","Sword Boomerang"],"picked":"Battle Trance+1","floor":37},{"not_picked":["Armaments","Anger+1"],"picked":"True Grit+1","floor":38},{"not_picked":["Cleave+1","Wild Strike+1","Hemokinesis+1"],"picked":"SKIP","floor":39},{"not_picked":["Rupture+1","Flex","True Grit"],"picked":"SKIP","floor":41}],"player_experience":650648,"relics_obtained":[{"floor":7.0,"key":"Ancient Tea Set"},{"floor":9.0,"key":"Anchor"},{"floor":24.0,"key":"Nunchaku"},{"floor":26,"key":"Juzu Bracelet"},{"floor":27,"key":"Red Skull"},{"floor":37,"key":"Lizard Tail"},{"floor":41,"key":"Art of War"}],"event_choices":[{"cards_removed":["Strike_R"],"damage_healed":0.0,"max_hp_gain":0.0,"max_hp_loss":0.0,"gold_gain":0.0,"event_name":"Living Wall","player_choice":"Forget","floor":3.0,"gold_loss":0.0,"damage_taken":0.0},{"damage_healed":0.0,"max_hp_gain":0.0,"max_hp_loss":0.0,"gold_gain":0.0,"event_name":"Liars Game","player_choice":"Ignored","floor":5.0,"gold_loss":0.0,"damage_taken":0.0},{"damage_healed":0.0,"max_hp_gain":0.0,"max_hp_loss":0.0,"gold_gain":0.0,"event_name":"Addict","player_choice":"Obtained Relic","floor":20.0,"gold_loss":85.0,"damage_taken":0.0,"relics_obtained":["Pen Nib"]},{"damage_healed":0.0,"max_hp_gain":5.0,"max_hp_loss":0.0,"gold_gain":0.0,"event_name":"Forgotten Altar","player_choice":"Shed Blood","floor":21.0,"gold_loss":0.0,"damage_taken":20.0},{"damage_healed":0,"gold_gain":0,"player_choice":"Trade","damage_taken":0,"relics_obtained":["FaceOfCleric"],"max_hp_gain":0,"max_hp_loss":0,"event_name":"FaceTrader","floor":29,"gold_loss":0},{"damage_healed":0,"gold_gain":0,"player_choice":"Inject Mutagens","damage_taken":0,"relics_obtained":["MutagenicStrength"],"max_hp_gain":0,"max_hp_loss":0,"event_name":"Drug Dealer","floor":30,"gold_loss":0},{"damage_healed":0,"gold_gain":0,"player_choice":"Fight","damage_taken":0,"max_hp_gain":0,"max_hp_loss":0,"event_name":"Mysterious Sphere","floor":37,"gold_loss":0}],"is_beta":false,"boss_relics":[{"not_picked":["Runic Dome","Ectoplasm"],"picked":"Sozu"},{"not_picked":["Black Blood","SlaversCollar"],"picked":"Runic Pyramid"}],"items_purged_floors":[2,36],"is_endless":false,"potions_floor_spawned":[4,7,10,16,19,24,25,31,35,37,39],"killed_by":"Writhing Mass","ascension_level":0}}