{"host":"o3b7ow6d1xe49css","time":1612004898,"event":{"mods":["Act Like it!","Aspiration","BaseMod","Bestiary","Better Altar","Better Match","Better Note","Better Sensory Stone","Better Skull","Better Third Choice","Colored Powertips","Conspire","Energized Spire","Force Act Four","GifTheSpireLib","Halation","Hermit","Hubris","Infinite Spire","Lobotomy","Minty Spire (QoL Compilation)","Quick Restart","Rare Cards Sparkle","Relic Filter Mod","Reliquary","Replay The Spire","Spicy Shops","Spikes Relics","Spire Arcade","StSLib","Stuff the Spire","The Blue Laboratory","Wandering Minibosses"],"gold_per_floor":[117,134,134,144,144,144,171,21,47,47,47,81,51,85,85,181,181,330,475,675,693,693,719,719,527,527,539,539,539,569,601,601,601,601],"floor_reached":33,"language":"ENG","playtime":2013,"items_purged":["Strike_B"],"score":520,"play_id":"4123dbf1-4f33-45b6-b172-f5f1f9ad5d21","local_time":"20210130020818","daily_mods":["Heirloom","Flight"],"is_ascension_mode":true,"campfire_choices":[{"data":"Zap","floor":6,"key":"SMITH"},{"data":"hubris:PowerSurge","floor":10,"key":"SMITH"},{"floor":11,"key":"REST"},{"data":"Loop","floor":15,"key":"SMITH"},{"data":"StuffTheSpire:Plugnplay","floor":24,"key":"SMITH"},{"data":"StuffTheSpire:Synthwave","floor":28,"key":"SMITH"},{"data":"Lockon","floor":32,"key":"SMITH"}],"circlet_count":0,"master_deck":["Strike_B","Strike_B","Defend_B","Defend_B","Defend_B","Defend_B","Zap+1","Dualcast","OSAHOGD","StuffTheSpire:Plugnplay+1","UniverseFragment","Redo","Loop+1","hubris:PowerSurge+1","Glacier+1","Lockon+1","Lockon+1","StuffTheSpire:Synthwave+1"],"relics":["Cracked Core","Ring of Chaos","Bird Faced Urn","CogitoBucket","hubris:Icosahedron","reliquary:TatteredRug","halation:PrussianBluePaint","Bronze Scales","Theresia","Replay:Bottled Steam","energizedSpire:SpiderWeb","SkinProphecy","GiantMaggot","Guide Book","conspire:DeflatedDodgeball","Blue Doll"],"acts_visited":["Exordium","TheCity"],"potions_floor_usage":[14,23,23,23,30,30],"damage_taken":[{"damage":2,"enemies":"2 Louse","floor":1,"turns":3},{"damage":6,"enemies":"Jaw Worm","floor":2,"turns":4},{"damage":0,"enemies":"Cultist","floor":4,"turns":3},{"damage":37,"enemies":"3 Sentries","floor":7,"turns":7},{"damage":5,"enemies":"Gremlin Nob","floor":12,"turns":3},{"damage":18,"enemies":"3 Louse","floor":13,"turns":4},{"damage":0,"enemies":"Lagavulin","floor":14,"turns":5},{"damage":0,"enemies":"Slime Boss","floor":16,"turns":6},{"damage":0,"enemies":"Chosen","floor":18,"turns":6},{"damage":0,"enemies":"Spheric Guardian","floor":19,"turns":6},{"damage":28,"enemies":"Centurion and Healer","floor":21,"turns":7},{"damage":2,"enemies":"Nightmare","floor":23,"turns":10},{"damage":0,"enemies":"Snecko","floor":27,"turns":4},{"damage":28,"enemies":"Slavers","floor":30,"turns":3},{"damage":14,"enemies":"conspire:Head Lice","floor":31,"turns":4},{"damage":34,"enemies":"Pondfish","floor":33,"turns":7}],"seed_played":"6883679426287303053","potions_obtained":[{"floor":4,"key":"Weak Potion"},{"floor":7,"key":"blueLaboratory:BiasPotion"},{"floor":12,"key":"PowerPotion"},{"floor":14,"key":"EssenceOfDarkness"},{"floor":21,"key":"Regen Potion"},{"floor":23,"key":"blueLaboratory:NullPotion"},{"floor":30,"key":"blueLaboratory:CorrosionFlask"}],"is_trial":true,"path_per_floor":["M","M","?","M","?","R","E","$","T","R","R","E","M","E","R","B",null,"M","M","?","M","?","NM","R","$","T","M","R","?","E","E","R","B"],"character_chosen":"DEFECT","items_purchased":["hubris:PowerSurge","Lockon","Guide Book"],"campfire_rested":1,"item_purchase_floors":[8,25,25],"current_hp_per_floor":[73,67,72,72,72,72,35,35,35,35,59,56,42,46,46,50,73,75,79,79,54,58,73,73,73,73,71,71,71,43,31,31,0,0],"gold":601,"neow_bonus":"","is_daily":false,"chose_seed":false,"campfire_upgraded":6,"win_rate":0.0,"timestamp":1612004898,"path_taken":["M","M","?","M","?","R","E","$","T","R","R","E","M","E","R","BOSS","M","M","?","?","?","NM","R","$","T","M","R","?","E","E","R","BOSS"],"items_purchased_type":["Card","Card","Relic"],"build_version":"2020-12-22","purchased_purges":1,"victory":false,"max_hp_per_floor":[75,75,80,80,80,80,80,80,80,80,80,80,80,80,80,80,80,80,80,80,80,80,82,82,82,82,84,84,84,86,88,88,90,90],"card_choices":[{"not_picked":["MeatLantern","Porccubus","MHz"],"picked":"Singing Bowl","floor":1},{"not_picked":["Compile Driver","Streamline","Darkness"],"picked":"SKIP","floor":1},{"not_picked":["BeautyBeast","Rudolta"],"picked":"OSAHOGD","floor":2},{"not_picked":["Rebound","Compile Driver"],"picked":"StuffTheSpire:Plugnplay","floor":2},{"not_picked":["SpiderBud","LittleHelper","VoidDream"],"picked":"Singing Bowl","floor":4},{"not_picked":["BeautyBeast","PunishingBird"],"picked":"UniverseFragment","floor":4},{"not_picked":["Conserve Battery","Melter"],"picked":"Redo","floor":4},{"not_picked":["ShyLook","VoidDream","WallGazer"],"picked":"Singing Bowl","floor":7},{"not_picked":["Sweeping Beam","ReplaySolidLightProjector"],"picked":"Loop","floor":7},{"not_picked":["Laetitia","VoidDream","NakedNest"],"picked":"Singing Bowl","floor":12},{"not_picked":["Steam Power","StuffTheSpire:CleanHardDrive","Rainbow"],"picked":"SKIP","floor":12},{"not_picked":["CherryBlossoms","QueenBee","WhitesApple"],"picked":"Singing Bowl","floor":13},{"not_picked":["ReplayTheSpireMod:Reroute Power","Fusion"],"picked":"Glacier","floor":13},{"not_picked":["LittleHelper","GreedKing","FairyFestival"],"picked":"Singing Bowl","floor":14},{"not_picked":["Auto Shields","Hologram","Storm"],"picked":"SKIP","floor":14},{"not_picked":["WallGazer","VoidDream","CrumblingArmor"],"picked":"Singing Bowl","floor":16},{"not_picked":["Alriune","Murderer","GreedKing"],"picked":"Singing Bowl","floor":18},{"not_picked":["Steam","Genetic Algorithm","StuffTheSpire:GlassShard+1"],"picked":"SKIP","floor":18},{"not_picked":["Funeral","HeroicMonk","LittlePrince"],"picked":"Singing Bowl","floor":19},{"not_picked":["Gash","ReplayTheSpireMod:GoodbyeWorld","Steam"],"picked":"SKIP","floor":19},{"not_picked":["Wellcheers","QueenBee","ShyLook"],"picked":"Singing Bowl","floor":21},{"not_picked":["StuffTheSpire:LoadUp","BasicCrystalCard","StuffTheSpire:CleanHardDrive+1"],"picked":"SKIP","floor":21},{"not_picked":["Porccubus","Bloodbath","BigBird"],"picked":"Singing Bowl","floor":23},{"not_picked":["StuffTheSpire:SnapShoot+1","ReplayTheSpireMod:GoodbyeWorld","Cold Snap+1"],"picked":"SKIP","floor":23},{"not_picked":["ShyLook","OldLady","BlackSwan"],"picked":"Singing Bowl","floor":27},{"not_picked":["Compile Driver","Steam"],"picked":"StuffTheSpire:Synthwave","floor":27},{"not_picked":["SnowQueen","Funeral","QueenOfHatred"],"picked":"Singing Bowl","floor":30},{"not_picked":["Cold Snap","Ball Lightning","Thunder Strike"],"picked":"SKIP","floor":30},{"not_picked":["Bloodbath","CrumblingArmor","PunishingBird"],"picked":"Singing Bowl","floor":31},{"not_picked":["Ball Lightning","Turbo","Redo"],"picked":"SKIP","floor":31}],"player_experience":1906846,"relics_obtained":[{"floor":7,"key":"reliquary:TatteredRug"},{"floor":9,"key":"halation:PrussianBluePaint"},{"floor":12,"key":"Bronze Scales"},{"floor":14,"key":"Replay:Bottled Steam"},{"floor":23,"key":"GiantMaggot"},{"floor":30,"key":"conspire:DeflatedDodgeball"},{"floor":31,"key":"Blue Doll"}],"event_choices":[{"damage_healed":0,"gold_gain":0,"player_choice":"Donut","damage_taken":0,"max_hp_gain":5,"max_hp_loss":0,"event_name":"Big Fish","floor":3,"gold_loss":0},{"damage_healed":0,"gold_gain":250,"player_choice":"Bet on Owner","damage_taken":0,"max_hp_gain":0,"max_hp_loss":0,"event_name":"The Joust","floor":20,"gold_loss":50},{"damage_healed":4,"gold_gain":0,"player_choice":"LEAVE ","damage_taken":0,"relics_obtained":[],"max_hp_gain":0,"max_hp_loss":0,"event_name":"betterSkull:BetterSkull","floor":22,"gold_loss":0,"cards_upgraded":[]},{"damage_healed":0,"gold_gain":0,"player_choice":"Ignored","damage_taken":0,"max_hp_gain":0,"max_hp_loss":0,"event_name":"betterNote:BetterNote","floor":29,"gold_loss":0,"cards_obtained":["Strike_P"]}],"is_beta":false,"boss_relics":[{"not_picked":["StuffTheSpire:RunicHypercube","Replay:Drink Me"],"picked":"energizedSpire:SpiderWeb"}],"items_purged_floors":[8],"is_endless":false,"potions_floor_spawned":[4,7,12,14,21,23,30],"killed_by":"Pondfish","ascension_level":5}}