{"host":"9l1knhxfturzliqa","time":1612010641,"event":{"mods":["BaseMod","Colored Map","Colored Powertips","DeckTracker","Highlight Path","Keyboard Shortcuts","Minty Spire (QoL Compilation)","Random Character Button"],"gold_per_floor":[114,289,289,306,192,192,212,212,238,251,267,279,354,19,19,116,116,133,133,150,165,176,203,203,217,241,241,241],"floor_reached":27,"language":"KOR","playtime":1491,"items_purged":["Doubt"],"score":306,"play_id":"24d99f7b-e42f-4433-99f1-d8e38d043f09","local_time":"20210130214401","is_ascension_mode":true,"campfire_choices":[{"data":"Eruption","floor":6.0,"key":"SMITH"},{"data":"Ragnarok","floor":8.0,"key":"SMITH"},{"data":"Adaptation","floor":15,"key":"SMITH"},{"floor":24,"key":"REST"}],"circlet_count":0,"master_deck":["Strike_P","Strike_P","Defend_P","Eruption+1","Vigilance","Fasting2","Worship","EmptyFist","Protect","Tantrum","Ragnarok+1","InnerPeace","Adaptation+1","Master of Strategy","LessonLearned","Blasphemy+1","SandsOfTime+1","EmptyBody+1","Prostrate","RitualDagger","Swivel+1"],"relics":["PureWater","Orichalcum","Lee\u0027s Waffle","Astrolabe","Pantograph","Dream Catcher"],"acts_visited":["Exordium","TheCity"],"potions_floor_usage":[10,11,21,23,27],"damage_taken":[{"damage":4.0,"enemies":"Jaw Worm","floor":1.0,"turns":4.0},{"damage":0.0,"enemies":"2 Louse","floor":4.0,"turns":3.0},{"damage":4.0,"enemies":"Small Slimes","floor":7.0,"turns":2.0},{"damage":28,"enemies":"Gremlin Gang","floor":10,"turns":5},{"damage":1,"enemies":"2 Fungi Beasts","floor":11,"turns":2},{"damage":0,"enemies":"Large Slime","floor":12,"turns":1},{"damage":40,"enemies":"The Guardian","floor":16,"turns":9},{"damage":0,"enemies":"2 Thieves","floor":18,"turns":1},{"damage":6,"enemies":"Shell Parasite","floor":20,"turns":3},{"damage":11,"enemies":"Cultist and Chosen","floor":21,"turns":4},{"damage":15,"enemies":"Snake Plant","floor":22,"turns":2},{"damage":15,"enemies":"Gremlin Leader","floor":23,"turns":4},{"damage":10,"enemies":"Sentry and Sphere","floor":25,"turns":3},{"damage":39,"enemies":"Slavers","floor":27,"turns":4}],"seed_played":"-7271864409716280058","potions_obtained":[{"floor":1.0,"key":"Dexterity Potion"},{"floor":10,"key":"Fire Potion"},{"floor":12,"key":"Swift Potion"},{"floor":16,"key":"Weak Potion"},{"floor":21,"key":"CultistPotion"},{"floor":25,"key":"ColorlessPotion"}],"is_trial":false,"path_per_floor":["M","?","?","M","$","R","M","R","T","M","M","M","?","$","R","B",null,"M","?","M","M","M","E","R","M","T","E"],"character_chosen":"WATCHER","items_purchased":["Tantrum","Lee\u0027s Waffle","Master of Strategy"],"campfire_rested":1,"item_purchase_floors":[5,14,14],"current_hp_per_floor":[43,43,48,48,48,48,44,44,44,16,15,15,4,84,84,44,74,74,68,62,51,36,21,46,36,36,0,0],"gold":241,"neow_bonus":"TRANSFORM_TWO_CARDS","is_daily":false,"chose_seed":false,"campfire_upgraded":3,"win_rate":0.0,"timestamp":1612010641,"path_taken":["M","?","?","M","$","R","M","R","T","M","M","M","?","$","R","BOSS","M","?","M","M","M","E","R","M","T","E"],"items_purchased_type":["Card","Relic","Card"],"build_version":"2020-12-22","purchased_purges":1,"victory":false,"max_hp_per_floor":[72,72,77,77,77,77,77,77,77,77,77,77,77,84,84,84,84,84,84,84,84,84,84,84,84,84,84,84],"card_choices":[{"not_picked":["ThirdEye","Halt"],"picked":"EmptyFist","floor":1.0},{"not_picked":["Wallop","Sanctity"],"picked":"Protect","floor":4.0},{"not_picked":["WreathOfFlame","SashWhip"],"picked":"Ragnarok","floor":7.0},{"not_picked":["EmptyBody","Indignation","Tantrum"],"picked":"SKIP","floor":10},{"not_picked":["Indignation","Protect"],"picked":"InnerPeace","floor":11},{"not_picked":["WindmillStrike","Brilliance"],"picked":"Adaptation","floor":12},{"not_picked":["MasterReality","Wish"],"picked":"LessonLearned","floor":16},{"not_picked":["Conclude","Halt"],"picked":"Prostrate","floor":18},{"not_picked":["ThirdEye","Consecrate+1"],"picked":"Swivel+1","floor":20},{"not_picked":["Protect","ThirdEye","ClearTheMind"],"picked":"SKIP","floor":21},{"not_picked":["Judgement","BowlingBash+1","Evaluate+1"],"picked":"SKIP","floor":22},{"not_picked":["Swivel","FlurryOfBlows","Alpha"],"picked":"SKIP","floor":23},{"not_picked":["Conclude","EmptyBody+1","Swivel"],"picked":"SKIP","floor":25}],"player_experience":555404,"relics_obtained":[{"floor":9.0,"key":"Orichalcum"},{"floor":23,"key":"Pantograph"},{"floor":26,"key":"Dream Catcher"}],"event_choices":[{"damage_healed":0.0,"max_hp_gain":0.0,"max_hp_loss":0.0,"gold_gain":175.0,"event_name":"Liars Game","player_choice":"AGREE","floor":2.0,"gold_loss":0.0,"damage_taken":0.0,"cards_obtained":["Doubt"]},{"damage_healed":0.0,"max_hp_gain":5.0,"max_hp_loss":0.0,"gold_gain":0.0,"event_name":"Big Fish","player_choice":"Donut","floor":3.0,"gold_loss":0.0,"damage_taken":0.0},{"damage_healed":0,"gold_gain":75,"player_choice":"Gather Gold","damage_taken":11,"max_hp_gain":0,"max_hp_loss":0,"event_name":"World of Goop","floor":13,"gold_loss":0},{"damage_healed":0,"gold_gain":0,"player_choice":"Joined the Cult","damage_taken":6,"max_hp_gain":0,"max_hp_loss":0,"event_name":"Nest","floor":19,"gold_loss":0,"cards_obtained":["RitualDagger"]}],"is_beta":false,"boss_relics":[{"not_picked":["Philosopher\u0027s Stone","Black Star"],"picked":"Astrolabe"}],"items_purged_floors":[5],"is_endless":false,"potions_floor_spawned":[1,10,12,16,21,25],"killed_by":"Slavers","ascension_level":7}}