{"host":"kgfs5ebhusfk1t4t","time":1612021040,"event":{"mods":["BaseMod","Colored Map","DeckTracker","Highlight Path","KOR Keyword Fix","Keyboard Shortcuts","Minty Spire (QoL Compilation)","Permanent Neow","Quick Restart","StSLib","SuperFastMode","everything is the same but u backflip on backflip"],"gold_per_floor":[110,285,285,296,296,296,88,103,182,8,39,39,55,78,78,203,203,222,170,170],"floor_reached":19,"language":"KOR","playtime":856,"items_purged":["Doubt","Injury"],"score":188,"play_id":"29066cba-62c1-4757-a721-1eed77416c43","local_time":"20210131003720","is_ascension_mode":true,"campfire_choices":[{"data":"Dash","floor":6,"key":"SMITH"},{"data":"Calculated Gamble","floor":12,"key":"SMITH"},{"data":"Well Laid Plans","floor":15,"key":"SMITH"}],"circlet_count":0,"master_deck":["Strike_G","Strike_G","Strike_G","Strike_G","Strike_G","Defend_G","Defend_G","Defend_G","Defend_G","Defend_G","Survivor","Neutralize","Grand Finale","Caltrops+1","Dash+1","Footwork","Flying Knee","Outmaneuver","Calculated Gamble+1","Predator","Accuracy","Noxious Fumes","Well Laid Plans+1","Burst","Cloak And Dagger","Cloak And Dagger"],"relics":["Ring of the Snake","Golden Idol","InkBottle","Odd Mushroom","Runic Pyramid"],"acts_visited":["Exordium","TheCity"],"potions_floor_usage":[],"damage_taken":[{"damage":2,"enemies":"2 Louse","floor":1,"turns":2},{"damage":0,"enemies":"Cultist","floor":4,"turns":4},{"damage":4,"enemies":"Jaw Worm","floor":8,"turns":4},{"damage":6,"enemies":"The Mushroom Lair","floor":11,"turns":5},{"damage":0,"enemies":"Large Slime","floor":13,"turns":9},{"damage":3,"enemies":"2 Fungi Beasts","floor":14,"turns":3},{"damage":38,"enemies":"Hexaghost","floor":16,"turns":9},{"damage":16,"enemies":"3 Byrds","floor":18,"turns":5}],"seed_played":"7501194216522949276","potions_obtained":[{"floor":8,"key":"Poison Potion"},{"floor":16,"key":"BlessingOfTheForge"}],"is_trial":false,"path_per_floor":["M","?","?","M","?","R","$","M","T","$","?","R","M","M","R","B",null,"M","$"],"character_chosen":"THE_SILENT","items_purchased":["Footwork","Flying Knee","Outmaneuver","Predator","Cloak And Dagger"],"campfire_rested":0,"item_purchase_floors":[7,7,7,10,19],"current_hp_per_floor":[68,68,68,68,68,68,68,64,64,64,58,58,58,55,55,17,70,54,54,54],"gold":170,"neow_bonus":"ONE_RANDOM_RARE_CARD","is_daily":false,"chose_seed":false,"campfire_upgraded":3,"win_rate":0.0,"timestamp":1612021040,"path_taken":["M","?","?","?","?","R","$","M","T","?","?","R","M","M","R","BOSS","M","$"],"items_purchased_type":["Card","Card","Card","Card","Card"],"build_version":"2020-12-22","purchased_purges":2,"victory":false,"max_hp_per_floor":[70,70,70,70,70,70,70,70,70,70,70,70,70,70,70,70,70,70,70,70],"card_choices":[{"not_picked":["Slice","Bane"],"picked":"Caltrops","floor":1},{"not_picked":["Dagger Throw","Expertise"],"picked":"Dash","floor":4},{"not_picked":["Choke","Outmaneuver"],"picked":"Calculated Gamble","floor":8},{"not_picked":["Dagger Spray","Backflip"],"picked":"Accuracy","floor":11},{"not_picked":["Deflect","Dagger Spray"],"picked":"Noxious Fumes","floor":13},{"not_picked":["Quick Slash","Blade Dance"],"picked":"Well Laid Plans","floor":14},{"not_picked":["Die Die Die","Corpse Explosion"],"picked":"Burst","floor":16},{"not_picked":["Prepared","Dagger Throw"],"picked":"Cloak And Dagger","floor":18}],"player_experience":165808,"relics_obtained":[{"floor":9,"key":"InkBottle"},{"floor":11,"key":"Odd Mushroom"}],"event_choices":[{"damage_healed":0,"gold_gain":175,"player_choice":"AGREE","damage_taken":0,"max_hp_gain":0,"max_hp_loss":0,"event_name":"Liars Game","floor":2,"gold_loss":0,"cards_obtained":["Doubt"]},{"damage_healed":0,"gold_gain":0,"player_choice":"Upgraded","damage_taken":0,"max_hp_gain":0,"max_hp_loss":0,"event_name":"Upgrade Shrine","floor":3,"gold_loss":0,"cards_upgraded":["Caltrops"]},{"damage_healed":0,"gold_gain":0,"player_choice":"Take Wound","damage_taken":0,"relics_obtained":["Golden Idol"],"max_hp_gain":0,"max_hp_loss":0,"event_name":"Golden Idol","floor":5,"gold_loss":0,"cards_obtained":["Injury"]},{"damage_healed":0,"gold_gain":0,"player_choice":"Fought Mushrooms","damage_taken":0,"max_hp_gain":0,"max_hp_loss":0,"event_name":"Mushrooms","floor":11,"gold_loss":0}],"is_beta":false,"boss_relics":[{"not_picked":["HoveringKite","WristBlade"],"picked":"Runic Pyramid"}],"items_purged_floors":[7,10],"is_endless":false,"potions_floor_spawned":[8,16],"ascension_level":4}}