{"host":"f0gpob8hq9vgebej","time":1612016150,"event":{"mods":["AchievementEnabler","BaseMod","Minty Spire (QoL Compilation)","Quick Restart","SuperFastMode"],"gold_per_floor":[113,113,123,133,152,152,178,198,198,198,216,226,226,246,246,345,345,359,373,387,387,387,387],"floor_reached":22,"language":"KOR","playtime":528,"items_purged":[],"score":323,"play_id":"165799df-84e8-4db8-9ea1-99043f84d23c","local_time":"20210130231550","is_ascension_mode":true,"campfire_choices":[{"data":"Zap","floor":6.0,"key":"SMITH"},{"data":"Capacitor","floor":10.0,"key":"SMITH"},{"floor":13.0,"key":"REST"},{"data":"Consume","floor":15.0,"key":"SMITH"}],"circlet_count":0,"master_deck":["AscendersBane","Strike_B","Strike_B","Strike_B","Strike_B","Defend_B","Defend_B","Defend_B","Defend_B","Zap+1","Dualcast","Capacitor+1","White Noise","Cold Snap","Compile Driver","Core Surge","Consume+1","Force Field","Ball Lightning","Amplify","Static Discharge","Skim","Blizzard+1"],"relics":["Cracked Core","DataDisk","Singing Bowl","Nuclear Battery"],"acts_visited":["Exordium","TheCity"],"potions_floor_usage":[22],"damage_taken":[{"damage":1.0,"enemies":"2 Louse","floor":1.0,"turns":2.0},{"damage":0.0,"enemies":"Cultist","floor":3.0,"turns":4.0},{"damage":2.0,"enemies":"Jaw Worm","floor":4.0,"turns":3.0},{"damage":16.0,"enemies":"Lots of Slimes","floor":5.0,"turns":6.0},{"damage":31.0,"enemies":"3 Sentries","floor":7.0,"turns":6.0},{"damage":1.0,"enemies":"3 Louse","floor":8.0,"turns":3.0},{"damage":1.0,"enemies":"Red Slaver","floor":11.0,"turns":4.0},{"damage":2.0,"enemies":"Large Slime","floor":12.0,"turns":4.0},{"damage":9.0,"enemies":"3 Louse","floor":14.0,"turns":4.0},{"damage":26.0,"enemies":"The Guardian","floor":16.0,"turns":9.0},{"damage":12.0,"enemies":"Shell Parasite","floor":18.0,"turns":6.0},{"damage":28.0,"enemies":"Chosen","floor":19.0,"turns":4.0},{"damage":20.0,"enemies":"Snake Plant","floor":20.0,"turns":5.0},{"damage":14,"enemies":"Cultist and Chosen","floor":22,"turns":3}],"seed_played":"-6161868760423801596","potions_obtained":[{"floor":4.0,"key":"LiquidBronze"},{"floor":5.0,"key":"LiquidMemories"},{"floor":7.0,"key":"EssenceOfSteel"},{"floor":16.0,"key":"Strength Potion"},{"floor":18.0,"key":"PowerPotion"},{"floor":19.0,"key":"DuplicationPotion"}],"is_trial":false,"path_per_floor":["M","?","M","M","M","R","E","M","T","R","M","M","R","M","R","B",null,"M","M","M","?","M"],"character_chosen":"DEFECT","items_purchased":[],"campfire_rested":1,"item_purchase_floors":[],"current_hp_per_floor":[63,63,63,61,45,45,14,13,13,13,14,12,39,30,30,4,69,57,29,9,9,0,0],"gold":387,"neow_bonus":"TWENTY_PERCENT_HP_BONUS","is_daily":false,"chose_seed":false,"campfire_upgraded":3,"win_rate":0.0,"timestamp":1612016150,"path_taken":["M","?","M","M","M","R","E","M","T","R","?","?","R","M","R","BOSS","M","M","M","?","?"],"items_purchased_type":[],"build_version":"2020-12-22","purchased_purges":0,"victory":false,"max_hp_per_floor":[89,89,89,89,89,89,89,89,89,89,91,91,91,91,91,91,91,91,91,91,91,91,91],"card_choices":[{"not_picked":["Streamline","Stack"],"picked":"Capacitor","floor":1.0},{"not_picked":["Compile Driver","Beam Cell"],"picked":"White Noise","floor":3.0},{"not_picked":["Beam Cell","Reinforced Body"],"picked":"Cold Snap","floor":4.0},{"not_picked":["Coolheaded","Hello World"],"picked":"Compile Driver","floor":5.0},{"not_picked":["Heatsinks","Conserve Battery"],"picked":"Core Surge","floor":7.0},{"not_picked":["Streamline","Scrape"],"picked":"Consume","floor":8.0},{"not_picked":["Reinforced Body","Scrape","Cold Snap"],"picked":"Singing Bowl","floor":11.0},{"not_picked":["Rebound","Beam Cell"],"picked":"Force Field","floor":12.0},{"not_picked":["Cold Snap","FTL"],"picked":"Ball Lightning","floor":14.0},{"not_picked":["Reboot","Rainbow"],"picked":"Amplify","floor":16.0},{"not_picked":["Turbo","Genetic Algorithm+1"],"picked":"Static Discharge","floor":18.0},{"not_picked":["Lockon","Recycle"],"picked":"Skim","floor":19.0},{"not_picked":["Compile Driver","Darkness"],"picked":"Blizzard+1","floor":20.0}],"player_experience":291098,"relics_obtained":[{"floor":7.0,"key":"DataDisk"},{"floor":9.0,"key":"Singing Bowl"}],"event_choices":[{"damage_healed":0.0,"max_hp_gain":0.0,"max_hp_loss":0.0,"gold_gain":0.0,"event_name":"The Woman in Blue","player_choice":"Bought 0 Potions","floor":2.0,"gold_loss":0.0,"damage_taken":0.0},{"damage_healed":0.0,"max_hp_gain":0.0,"max_hp_loss":0.0,"gold_gain":0.0,"event_name":"N\u0027loth","player_choice":"Ignored","floor":21.0,"gold_loss":0.0,"damage_taken":0.0}],"is_beta":false,"boss_relics":[{"not_picked":["Philosopher\u0027s Stone","Runic Dome"],"picked":"Nuclear Battery"}],"items_purged_floors":[],"is_endless":false,"potions_floor_spawned":[4,5,7,16,18,19],"killed_by":"Cultist and Chosen","ascension_level":11}}