{"host":"q349ucdsdrgdzjwk","time":1612044012,"event":{"mods":["2.2 Compatiblity","A Penny For Your Troubles","AchievementEnabler","BaseMod","Beaked The Cultist","Better Altar","Better Match","Better Note","Better Skull","Better Third Choice","BetterRewards","Displayed Cursed Tome","Downfall","Friendly Minions","Googly Eyes","Gremlin Mod","Hermit","Hubris","Marisa????????","Minty Spire (QoL Compilation)","Permanent Neow","Relic Filter Mod","Reliquary","Robot Space Explorer","Shop Mod","Spire Arcade","StSLib","The Construct","The Cursed","The Disciple","The Marked","The Necromancer","The Servant 0.9.4","TheVacant","Transform Curses"],"gold_per_floor":[116,116,116,134,154,184,184,28,28,28,62,62,96,110,110,208,208,223,223,241,241,251,276,292,322,395,395,420,430,34,34,34,130,130,149,74,86,86,103,133,152,152,152,152,152,187,202,232,232,233],"floor_reached":51,"language":"ENG","playtime":4147,"items_purged":["Bash+1"],"score":1523,"play_id":"e944099d-07d3-4103-bac7-cfc79601c166","local_time":"20210130220012","is_ascension_mode":true,"campfire_choices":[{"data":"Bash","floor":7,"key":"SMITH"},{"data":"Shrug It Off","floor":10,"key":"SMITH"},{"data":"Double Tap","floor":12,"key":"SMITH"},{"data":"Rage","floor":15,"key":"SMITH"},{"data":"Body Slam","floor":27,"key":"SMITH"},{"data":"Dual Wield","floor":32,"key":"SMITH"},{"data":"Offering","floor":42,"key":"SMITH"},{"data":"Disarm","floor":44,"key":"SMITH"},{"data":"Barricade","floor":49,"key":"SMITH"}],"circlet_count":0,"master_deck":["Flash of Steel+1","Shrug It Off+1","Ghostly Armor","Double Tap+1","Rage+1","Spot Weakness","Combust","Iron Wave","Demon Form","Brutality","Dual Wield+1","Disarm+1","Body Slam+1","Anger","Pommel Strike+1","Offering+1","Burning Pact+1","Headbutt","Warcry+1","Evolve+1","Barricade+1"],"relics":["Burning Blood","hubris:ChampionShield","FossilizedHelix","hubris:Potato","Torii","Orichalcum","Akabeko","reliquary:IridiumChain","Unceasing Top","Pandora\u0027s Box","Charon\u0027s Ashes","Bottled Flame","Kunai","Mummified Hand","Lantern","beaked:ShinyBauble","hubris:Backtick","TungstenRod","Red Skull","Strawberry","Darkstone Periapt","reliquary:RoseTintedGlasses","Magic Flower"],"acts_visited":["Exordium","TheCity","TheBeyond"],"potions_floor_usage":[6,6,6,6,11,11,16,22,23,23,38,50,50,50],"damage_taken":[{"damage":0,"enemies":"Jaw Worm","floor":1,"turns":2},{"damage":0,"enemies":"2 Louse","floor":4,"turns":3},{"damage":0,"enemies":"Cultist","floor":5,"turns":3},{"damage":18,"enemies":"Gremlin Nob","floor":6,"turns":4},{"damage":0,"enemies":"Lagavulin","floor":11,"turns":5},{"damage":3,"enemies":"3 Sentries","floor":13,"turns":9},{"damage":0,"enemies":"2 Fungi Beasts","floor":14,"turns":3},{"damage":32,"enemies":"Hexaghost","floor":16,"turns":12},{"damage":2,"enemies":"Shell Parasite","floor":18,"turns":4},{"damage":1,"enemies":"Spheric Guardian","floor":20,"turns":4},{"damage":0,"enemies":"Snecko","floor":22,"turns":4},{"damage":2,"enemies":"Slavers","floor":23,"turns":5},{"damage":14,"enemies":"Centurion and Healer","floor":24,"turns":5},{"damage":3,"enemies":"Gremlin Leader","floor":25,"turns":5},{"damage":17,"enemies":"Slavers","floor":28,"turns":5},{"damage":0,"enemies":"Sentry and Sphere","floor":29,"turns":3},{"damage":4,"enemies":"Collector","floor":33,"turns":4},{"damage":0,"enemies":"Orb Walker","floor":35,"turns":3},{"damage":8,"enemies":"3 Darklings","floor":37,"turns":1},{"damage":0,"enemies":"Sphere and 2 Shapes","floor":39,"turns":3},{"damage":0,"enemies":"beaked:SuperParasite","floor":40,"turns":5},{"damage":7,"enemies":"Transient","floor":41,"turns":5},{"damage":0,"enemies":"Giant Head","floor":46,"turns":5},{"damage":0,"enemies":"Maw","floor":47,"turns":4},{"damage":24,"enemies":"Nemesis","floor":48,"turns":3},{"damage":0,"enemies":"hubris:GrandSnecko","floor":50,"turns":3}],"seed_played":"-8438662133605953926","potions_obtained":[{"floor":5,"key":"PowerPotion"},{"floor":6,"key":"Weak Potion"},{"floor":11,"key":"BlessingOfTheForge"},{"floor":13,"key":"Fire Potion"},{"floor":18,"key":"AttackPotion"},{"floor":20,"key":"AttackPotion"},{"floor":23,"key":"Dexterity Potion"},{"floor":28,"key":"SmokeBomb"},{"floor":29,"key":"Regen Potion"},{"floor":38,"key":"Fruit Juice"},{"floor":38,"key":"LiquidMemories"},{"floor":38,"key":"AttackPotion"},{"floor":39,"key":"HeartOfIron"},{"floor":48,"key":"DuplicationPotion"}],"is_trial":false,"path_per_floor":["M","?","?","M","M","E","R","$","T","R","E","R","E","M","R","B",null,"M","?","M","?","M","E","M","E","T","R","E","M","$","?","R","B",null,"M","$","M","?","M","E","M","R","T","R","T","E","M","E","R","B",null],"character_chosen":"IRONCLAD","items_purchased":["hubris:ChampionShield","Flash of Steel","EntropicBrew","Orichalcum","Lantern","beaked:ShinyBauble"],"campfire_rested":0,"item_purchase_floors":[0,0,0,8,30,30],"current_hp_per_floor":[80,80,80,80,80,68,68,68,68,68,74,74,77,80,80,54,74,78,78,80,80,80,80,72,75,75,75,64,70,70,70,70,72,78,80,80,78,83,85,85,84,84,91,91,91,92,92,74,74,83],"gold":233,"neow_bonus":"","is_daily":false,"chose_seed":false,"campfire_upgraded":9,"win_rate":0.0,"timestamp":1612044012,"path_taken":["M","?","?","M","M","E","R","$","T","R","E","R","E","M","R","BOSS","M","?","M","?","M","E","?","E","T","R","E","M","$","?","R","BOSS","M","?","M","?","?","E","M","R","T","R","?","E","M","E","R","BOSS"],"items_purchased_type":["Relic","Card","Potion","Relic","Relic","Relic"],"build_version":"2020-12-22","purchased_purges":1,"victory":true,"max_hp_per_floor":[80,80,80,80,80,80,80,80,80,80,80,80,80,80,80,80,80,80,80,80,80,80,80,80,80,80,80,80,80,80,80,80,80,80,80,80,80,85,85,85,85,85,92,92,92,92,92,92,92,92],"card_choices":[{"not_picked":["Warcry","Clothesline"],"picked":"Shrug It Off","floor":1},{"not_picked":["Headbutt","Combust","Feel No Pain"],"picked":"SKIP","floor":4},{"not_picked":["Perfected Strike","hubris:SharpeningStone"],"picked":"Ghostly Armor","floor":5},{"not_picked":["Flex","Anger","Battle Trance"],"picked":"SKIP","floor":6},{"not_picked":["Combust","Sever Soul"],"picked":"Double Tap","floor":11},{"not_picked":["Shrug It Off","Spot Weakness"],"picked":"Rage","floor":13},{"not_picked":["Sentinel","Combust","Evolve"],"picked":"SKIP","floor":14},{"not_picked":["Havoc","Carnage","hubris:CleavingFinish"],"picked":"SKIP","floor":18},{"not_picked":["Pummel+1","Rampage","Flame Barrier"],"picked":"SKIP","floor":20},{"not_picked":["Evolve+1","Iron Wave"],"picked":"Pommel Strike+1","floor":22},{"not_picked":["Headbutt","Shrug It Off","Rampage+1"],"picked":"SKIP","floor":23},{"not_picked":["Searing Blow","Spot Weakness","Heavy Blade"],"picked":"SKIP","floor":24},{"not_picked":["Battle Trance","Wild Strike","Rampage"],"picked":"SKIP","floor":25},{"not_picked":["Combust","Body Slam+1"],"picked":"Offering","floor":28},{"not_picked":["Warcry","Fire Breathing"],"picked":"Burning Pact+1","floor":29},{"not_picked":["Body Slam","Heavy Blade+1"],"picked":"Warcry+1","floor":35},{"not_picked":["Sever Soul","hubris:SharpeningStone+1","Warcry"],"picked":"SKIP","floor":37},{"not_picked":["Battle Trance","Sword Boomerang+1"],"picked":"Evolve+1","floor":39},{"not_picked":["Battle Trance","Sentinel","Reaper"],"picked":"SKIP","floor":40},{"not_picked":["Clash","Headbutt+1","Pommel Strike"],"picked":"SKIP","floor":41},{"not_picked":["Combust","Armaments","Sentinel+1"],"picked":"SKIP","floor":46},{"not_picked":["Body Slam","Warcry+1"],"picked":"Barricade","floor":47},{"not_picked":["Clothesline+1","Metallicize","Thunderclap+1"],"picked":"SKIP","floor":48}],"player_experience":443871,"relics_obtained":[{"floor":6,"key":"Torii"},{"floor":9,"key":"Akabeko"},{"floor":11,"key":"reliquary:IridiumChain"},{"floor":13,"key":"Unceasing Top"},{"floor":23,"key":"Charon\u0027s Ashes"},{"floor":25,"key":"Bottled Flame"},{"floor":26,"key":"Kunai"},{"floor":28,"key":"Mummified Hand"},{"floor":40,"key":"Red Skull"},{"floor":43,"key":"Strawberry"},{"floor":45,"key":"Darkstone Periapt"},{"floor":46,"key":"reliquary:RoseTintedGlasses"},{"floor":48,"key":"Magic Flower"}],"event_choices":[{"damage_healed":0,"gold_gain":0,"player_choice":"Grow","damage_taken":0,"max_hp_gain":0,"max_hp_loss":0,"event_name":"Living Wall","floor":2,"gold_loss":0,"cards_upgraded":["Flash of Steel"]},{"cards_removed":["Flash of Steel"],"damage_healed":0,"gold_gain":0,"player_choice":"Give","damage_taken":0,"max_hp_gain":0,"max_hp_loss":0,"event_name":"betterNote:BetterNote","floor":19,"gold_loss":0,"cards_obtained":["None"]},{"damage_healed":0,"gold_gain":0,"player_choice":"Read","damage_taken":0,"max_hp_gain":0,"max_hp_loss":0,"event_name":"The Library","floor":21,"gold_loss":0,"cards_obtained":["Anger"]},{"damage_healed":0,"gold_gain":0,"cards_transformed":["Second Wind"],"player_choice":"Transformed","damage_taken":0,"max_hp_gain":0,"max_hp_loss":0,"event_name":"Transmorgrifier","floor":31,"gold_loss":0,"cards_obtained":["Headbutt"]},{"damage_healed":0,"gold_gain":0,"player_choice":"Got Potions","damage_taken":0,"max_hp_gain":0,"max_hp_loss":0,"event_name":"Lab","floor":38,"gold_loss":0}],"is_beta":false,"boss_relics":[{"not_picked":["Cursed Key","construct:ClawGrip"],"picked":"Pandora\u0027s Box"},{"not_picked":["hubris:VirtuousBlindfold","Velvet Choker"],"picked":"hubris:Backtick"}],"items_purged_floors":[36],"is_endless":false,"potions_floor_spawned":[5,6,11,13,18,20,23,28,29,37,39,40,48],"ascension_level":5}}