{"host":"8lno9xwgef3sjccz","time":1612049764,"event":{"mods":["AchievementEnabler","BaseMod","Minty Spire (QoL Compilation)","Relic Stats"],"gold_per_floor":[118,135,155,171,183,213,213,213,213,225,225,238,264,282,282,282,282],"floor_reached":16,"language":"ENG","playtime":649,"items_purged":[],"score":139,"play_id":"af48122c-318f-4881-a6d4-77b8ab491b85","local_time":"20210130183604","is_ascension_mode":true,"campfire_choices":[{"data":"Perfected Strike","floor":7,"key":"SMITH"},{"data":"Perfected Strike","floor":15,"key":"SMITH"}],"circlet_count":0,"master_deck":["Strike_R","Strike_R","Strike_R+1","Strike_R","Strike_R","Defend_R","Defend_R","Defend_R","Defend_R","Bash","Rupture+1","Searing Blow","Whirlwind","Power Through","Perfected Strike+1","Perfected Strike+1","Metallicize","Parasite","Uppercut"],"relics":["Burning Blood","Orichalcum","Bottled Lightning","Blue Candle"],"acts_visited":["Exordium"],"potions_floor_usage":[6,13,13,16],"damage_taken":[{"damage":6,"enemies":"2 Louse","floor":1,"turns":3},{"damage":4,"enemies":"Small Slimes","floor":2,"turns":4},{"damage":1,"enemies":"Cultist","floor":3,"turns":4},{"damage":0,"enemies":"3 Louse","floor":4,"turns":1},{"damage":29,"enemies":"Blue Slaver","floor":5,"turns":4},{"damage":27,"enemies":"3 Sentries","floor":6,"turns":12},{"damage":6,"enemies":"Looter","floor":10,"turns":3},{"damage":12,"enemies":"Lots of Slimes","floor":12,"turns":4},{"damage":29,"enemies":"Lagavulin","floor":13,"turns":7},{"damage":11,"enemies":"Gremlin Gang","floor":14,"turns":5},{"damage":27,"enemies":"The Guardian","floor":16,"turns":2}],"seed_played":"6189660072182267693","potions_obtained":[{"floor":1,"key":"HeartOfIron"},{"floor":5,"key":"ElixirPotion"},{"floor":10,"key":"Regen Potion"},{"floor":12,"key":"SteroidPotion"},{"floor":13,"key":"ColorlessPotion"}],"is_trial":false,"path_per_floor":["M","M","M","M","M","E","R","?","T","M","?","M","E","M","R","B"],"character_chosen":"IRONCLAD","items_purchased":[],"campfire_rested":0,"item_purchase_floors":[],"current_hp_per_floor":[80,80,80,80,57,36,36,20,20,20,40,34,26,21,21,0,0],"gold":282,"neow_bonus":"THREE_CARDS","is_daily":false,"chose_seed":false,"campfire_upgraded":2,"win_rate":0.0,"timestamp":1612049764,"path_taken":["M","M","M","M","M","E","R","?","T","M","?","M","E","M","R","BOSS"],"items_purchased_type":[],"build_version":"2020-12-22","purchased_purges":0,"victory":false,"max_hp_per_floor":[80,80,80,80,80,80,80,80,80,80,80,80,80,80,80,80,80],"relic_stats":{"counters":[11,49],"Blue Candle":[0],"Orichalcum":[54],"obtain_stats":[{"Blue Candle":13,"Bottled Lightning":9,"Orichalcum":6,"Burning Blood":0},{"Blue Candle":9,"Bottled Lightning":6,"Orichalcum":6,"Burning Blood":0},{"Blue Candle":42,"Bottled Lightning":28,"Orichalcum":28,"Burning Blood":0}],"Burning Blood":47},"card_choices":[{"not_picked":["Twin Strike","Pummel"],"picked":"Rupture","floor":0},{"not_picked":["Seeing Red","Disarm","True Grit"],"picked":"SKIP","floor":1},{"not_picked":["Havoc","Shrug It Off"],"picked":"Searing Blow","floor":2},{"not_picked":["Anger","Burning Pact"],"picked":"Whirlwind","floor":3},{"not_picked":["Ghostly Armor","Wild Strike"],"picked":"Power Through","floor":4},{"not_picked":["Heavy Blade","Armaments"],"picked":"Perfected Strike","floor":5},{"not_picked":["Blood for Blood","Warcry"],"picked":"Perfected Strike","floor":6},{"not_picked":["Hemokinesis","Whirlwind"],"picked":"Metallicize","floor":10},{"not_picked":["Second Wind","Warcry","Sword Boomerang"],"picked":"SKIP","floor":12},{"not_picked":["Disarm","Carnage","Entrench"],"picked":"SKIP","floor":13},{"not_picked":["Wild Strike","Shrug It Off"],"picked":"Uppercut","floor":14}],"player_experience":67732,"relics_obtained":[{"floor":6,"key":"Orichalcum"},{"floor":9,"key":"Bottled Lightning"},{"floor":13,"key":"Blue Candle"}],"event_choices":[{"damage_healed":0,"gold_gain":0,"player_choice":"Entered Light","damage_taken":16,"max_hp_gain":0,"max_hp_loss":0,"event_name":"Shining Light","floor":8,"gold_loss":0,"cards_upgraded":["Rupture","Strike_R"]},{"damage_healed":20,"gold_gain":0,"player_choice":"Healed and dodged fight","damage_taken":0,"max_hp_gain":0,"max_hp_loss":0,"event_name":"Mushrooms","floor":11,"gold_loss":0,"cards_obtained":["Parasite"]}],"is_beta":false,"boss_relics":[],"items_purged_floors":[],"is_endless":false,"potions_floor_spawned":[1,5,10,12,13],"killed_by":"The Guardian","ascension_level":4}}