{"host":"x205naxbihvu3p76","time":1612014439,"event":{"mods":["AchievementEnabler","BaseMod","Minty Spire (QoL Compilation)","StSLib","SuperFastMode"],"gold_per_floor":[115,265,265,59,24,49,95,95,95,95,122,141,141,159,159,231,231,247,261,83,83,83],"floor_reached":21,"language":"KOR","playtime":381,"items_purged":["Doubt","Darkness+1"],"score":470,"play_id":"851f8f03-9390-46d4-aef4-2032238af661","local_time":"20210130224719","is_ascension_mode":true,"campfire_choices":[{"data":"Creative AI","floor":8.0,"key":"SMITH"},{"data":"Zap","floor":10.0,"key":"SMITH"},{"data":"Genetic Algorithm","floor":13.0,"key":"SMITH"},{"floor":15.0,"key":"RECALL"}],"circlet_count":0,"master_deck":["AscendersBane","Strike_B","Defend_B","Defend_B","Defend_B","Defend_B","Zap+1","Dualcast","Go for the Eyes","Creative AI+1","Leap","Undo","Genetic Algorithm+1","Reboot","Tempest+1","Conserve Battery+1","Defragment+1","Cold Snap+1","Coolheaded"],"relics":["Cracked Core","NeowsBlessing","Matryoshka","Bottled Lightning","Molten Egg 2","Tiny Chest","Pear","Sundial","Frozen Egg 2","Astrolabe"],"acts_visited":["Exordium","TheCity"],"potions_floor_usage":[21],"damage_taken":[{"damage":0.0,"enemies":"Small Slimes","floor":1.0,"turns":1.0},{"damage":0.0,"enemies":"Gremlin Nob","floor":6.0,"turns":1.0},{"damage":0.0,"enemies":"3 Sentries","floor":11.0,"turns":1.0},{"damage":0.0,"enemies":"2 Louse","floor":12.0,"turns":3.0},{"damage":7.0,"enemies":"Cultist","floor":14.0,"turns":5.0},{"damage":26.0,"enemies":"The Guardian","floor":16.0,"turns":10.0},{"damage":32.0,"enemies":"Spheric Guardian","floor":18.0,"turns":6.0},{"damage":0.0,"enemies":"Chosen","floor":19.0,"turns":6.0},{"damage":47,"enemies":"Centurion and Healer","floor":21,"turns":6}],"seed_played":"3490502401469330251","potions_obtained":[{"floor":1.0,"key":"SkillPotion"},{"floor":11.0,"key":"FearPotion"}],"is_trial":false,"path_per_floor":["M","?","?","$","?","E","T","R","T","R","E","M","R","M","R","B",null,"M","M","$","M"],"character_chosen":"DEFECT","items_purchased":["Creative AI","Leap","Cold Snap+1","Coolheaded"],"campfire_rested":0,"item_purchase_floors":[4,4,20,20],"current_hp_per_floor":[64,64,38,38,55,55,55,55,65,65,65,65,65,58,58,32,69,37,37,37,0,0],"gold":83,"neow_bonus":"THREE_ENEMY_KILL","is_daily":false,"chose_seed":false,"campfire_upgraded":3,"win_rate":0.0,"timestamp":1612014439,"path_taken":["M","?","?","$","?","E","?","R","T","R","E","M","R","M","R","BOSS","M","M","$","M"],"items_purchased_type":["Card","Card","Card","Card"],"build_version":"2020-12-22","purchased_purges":2,"victory":false,"max_hp_per_floor":[71,71,71,71,71,71,71,71,81,81,81,81,81,81,81,81,81,81,81,81,81,81],"card_choices":[{"not_picked":["Stack","Compile Driver"],"picked":"Go for the Eyes","floor":1.0},{"not_picked":["Amplify","Streamline"],"picked":"Undo","floor":6.0},{"not_picked":["Barrage+1","Stack","Rebound+1"],"picked":"SKIP","floor":11.0},{"not_picked":["Genetic Algorithm","Undo","Turbo"],"picked":"SKIP","floor":12.0},{"not_picked":["Undo","Turbo"],"picked":"Genetic Algorithm","floor":12.0},{"not_picked":["Heatsinks+1","Leap","Sunder+1"],"picked":"SKIP","floor":14.0},{"not_picked":["Creative AI+1","Fission"],"picked":"Reboot","floor":16.0},{"not_picked":["Coolheaded","Blizzard+1"],"picked":"Defragment+1","floor":18.0},{"not_picked":["Steam Power","Leap+1","Barrage+1"],"picked":"SKIP","floor":19.0}],"player_experience":1005445,"relics_obtained":[{"floor":6.0,"key":"Bottled Lightning"},{"floor":7.0,"key":"Molten Egg 2"},{"floor":7.0,"key":"Tiny Chest"},{"floor":9.0,"key":"Pear"},{"floor":9.0,"key":"Sundial"},{"floor":11.0,"key":"Frozen Egg 2"}],"event_choices":[{"damage_healed":0.0,"max_hp_gain":0.0,"max_hp_loss":0.0,"gold_gain":150.0,"event_name":"Liars Game","player_choice":"AGREE","floor":2.0,"gold_loss":0.0,"damage_taken":0.0,"cards_obtained":["Doubt"]},{"damage_healed":0.0,"max_hp_gain":0.0,"max_hp_loss":0.0,"gold_gain":0.0,"event_name":"Scrap Ooze","player_choice":"Success","floor":3.0,"gold_loss":0.0,"damage_taken":26.0,"relics_obtained":["Matryoshka"]},{"damage_healed":17.0,"max_hp_gain":0.0,"max_hp_loss":0.0,"gold_gain":0.0,"event_name":"The Cleric","player_choice":"Healed","floor":5.0,"gold_loss":35.0,"damage_taken":0.0}],"is_beta":false,"boss_relics":[{"not_picked":["Calling Bell","Velvet Choker"],"picked":"Astrolabe"}],"items_purged_floors":[4,20],"is_endless":false,"potions_floor_spawned":[1,11,16],"killed_by":"Centurion and Healer","ascension_level":20}}