{"host":"rv8qrr1d2i1l2m12","time":1612029292,"event":{"mods":["BaseMod","Colored Map","Minty Spire (QoL Compilation)","StSLib"],"gold_per_floor":[111,164,164,339,358,390,390,638,638,650,650,50,65,75,75,172,172,190,206,216,68,68,68],"floor_reached":22,"language":"ENG","playtime":930,"items_purged":["Regret"],"score":306,"play_id":"fcbebf4e-fa99-4a84-ad66-ba6191909a5b","local_time":"20210130125452","is_ascension_mode":true,"campfire_choices":[{"data":"Streamline","floor":7,"key":"SMITH"},{"data":"Doubt","floor":11,"key":"PURGE"},{"data":"Storm","floor":15,"key":"SMITH"}],"circlet_count":0,"master_deck":["Strike_B","Strike_B","Strike_B","Strike_B","Defend_B","Defend_B","Defend_B","Defend_B","Zap","Dualcast","Streamline+1","Ball Lightning","Cold Snap","Cold Snap","Storm+1","Lockon","Melter","Biased Cognition","Electrodynamics","Static Discharge","Ball Lightning","Static Discharge","White Noise","Heatsinks"],"relics":["Cracked Core","NeowsBlessing","CaptainsWheel","Boot","Old Coin","Peace Pipe","Pen Nib","Toolbox","Inserter"],"acts_visited":["Exordium","TheCity"],"potions_floor_usage":[16,18,22],"damage_taken":[{"damage":0,"enemies":"Small Slimes","floor":1,"turns":1},{"damage":0,"enemies":"2 Louse","floor":5,"turns":1},{"damage":0,"enemies":"Gremlin Nob","floor":6,"turns":1},{"damage":2,"enemies":"Cultist","floor":10,"turns":3},{"damage":0,"enemies":"2 Fungi Beasts","floor":13,"turns":3},{"damage":0,"enemies":"Large Slime","floor":14,"turns":3},{"damage":14,"enemies":"The Guardian","floor":16,"turns":6},{"damage":24,"enemies":"Shell Parasite","floor":18,"turns":4},{"damage":12,"enemies":"Chosen","floor":19,"turns":2},{"damage":16,"enemies":"Snecko","floor":20,"turns":4},{"damage":18,"enemies":"Chosen and Byrds","floor":22,"turns":1}],"seed_played":"-7635051077454802400","potions_obtained":[{"floor":1,"key":"BlessingOfTheForge"},{"floor":14,"key":"PowerPotion"},{"floor":16,"key":"FocusPotion"},{"floor":19,"key":"SteroidPotion"}],"is_trial":false,"path_per_floor":["M","?","?","?","M","E","R","?","T","M","R","$","M","M","R","B",null,"M","M","M","$","M"],"character_chosen":"DEFECT","items_purchased":["Storm","Lockon","Melter","Pen Nib","Toolbox","White Noise","Heatsinks"],"campfire_rested":0,"item_purchase_floors":[12,12,12,12,12,21,21],"current_hp_per_floor":[68,68,68,68,68,68,68,68,68,66,66,66,66,66,66,52,69,45,33,17,17,0,0],"gold":68,"neow_bonus":"THREE_ENEMY_KILL","is_daily":false,"chose_seed":false,"campfire_upgraded":2,"win_rate":0.0,"timestamp":1612029292,"path_taken":["M","?","?","?","M","E","R","?","T","M","R","$","M","M","R","BOSS","M","?","M","$","M"],"items_purchased_type":["Card","Card","Card","Relic","Relic","Card","Card"],"build_version":"2020-12-22","purchased_purges":1,"victory":false,"max_hp_per_floor":[75,75,75,75,75,75,75,75,75,75,75,75,75,75,75,75,75,75,75,75,75,75,75],"card_choices":[{"not_picked":["Recycle","Hologram"],"picked":"Streamline","floor":1},{"not_picked":["Leap","Stack"],"picked":"Ball Lightning","floor":5},{"not_picked":["Glacier","Chaos"],"picked":"Cold Snap","floor":6},{"not_picked":["Beam Cell","Gash"],"picked":"Cold Snap","floor":10},{"not_picked":["Leap","Turbo","Steam"],"picked":"SKIP","floor":13},{"not_picked":["Ball Lightning","Cold Snap"],"picked":"Biased Cognition","floor":14},{"not_picked":["Thunder Strike","Fission"],"picked":"Electrodynamics","floor":16},{"not_picked":["Leap","Turbo"],"picked":"Static Discharge","floor":18},{"not_picked":["Auto Shields+1","Doom and Gloom"],"picked":"Ball Lightning","floor":19},{"not_picked":["Sunder","Sweeping Beam"],"picked":"Static Discharge","floor":20}],"player_experience":575452,"relics_obtained":[{"floor":6,"key":"Boot"},{"floor":9,"key":"Peace Pipe"}],"event_choices":[{"damage_healed":0,"gold_gain":53,"player_choice":"Gained Gold","damage_taken":0,"max_hp_gain":0,"max_hp_loss":0,"event_name":"Golden Wing","floor":2,"gold_loss":0},{"damage_healed":0,"gold_gain":0,"player_choice":"Box","damage_taken":0,"relics_obtained":["CaptainsWheel"],"max_hp_gain":0,"max_hp_loss":0,"event_name":"Big Fish","floor":3,"gold_loss":0,"cards_obtained":["Regret"]},{"damage_healed":0,"gold_gain":175,"player_choice":"AGREE","damage_taken":0,"max_hp_gain":0,"max_hp_loss":0,"event_name":"Liars Game","floor":4,"gold_loss":0,"cards_obtained":["Doubt"]},{"damage_healed":0,"gold_gain":0,"player_choice":"Paid Gold","damage_taken":0,"relics_obtained":["Old Coin"],"max_hp_gain":0,"max_hp_loss":0,"event_name":"WeMeetAgain","floor":8,"gold_loss":52}],"is_beta":false,"boss_relics":[{"not_picked":["SlaversCollar","Empty Cage"],"picked":"Inserter"}],"items_purged_floors":[12],"is_endless":false,"potions_floor_spawned":[1,14,16,19],"killed_by":"Chosen and Byrds","ascension_level":9}}