{"host":"ev1lr8i7g3zmocd6","time":1612027147,"event":{"mods":["AchievementEnabler","BaseMod","Better Note","BetterRewards","Minty Spire (QoL Compilation)","Permanent Neow","Quick Restart","Relic Stats","StSLib","SuperFastMode"],"gold_per_floor":[118,130,150,150,162,162,172,192,192,204,236,248,260,272,284,396,408,435,447,459,487,499,540,159,159,159,172,191,224,224,74,74,173,173,189,0,17,33,33,33],"floor_reached":39,"language":"KOR","playtime":1166,"items_purged":["Havoc+1","Spot Weakness+1"],"score":591,"play_id":"6213612c-d99d-4bcd-984d-4935acc8399f","local_time":"20210131021907","is_ascension_mode":true,"campfire_choices":[{"floor":6.0,"key":"DIG"},{"floor":13.0,"key":"DIG"},{"floor":15.0,"key":"DIG"},{"floor":30,"key":"REST"},{"floor":32,"key":"REST"}],"circlet_count":0,"master_deck":["Strike_R","Strike_R+1","Strike_R","Defend_R","Defend_R","Defend_R","Bash+1","Shrug It Off","Clothesline+1","Dual Wield","Exhume","Fire Breathing+1","Immolate","Flame Barrier+1","Second Wind","Rampage+1","Necronomicurse","Barricade","Body Slam","Reaper","Evolve","Wild Strike","Second Wind+1"],"relics":["Burning Blood","Blood Vial","Shovel","StrikeDummy","Sundial","MawBank","Orichalcum","White Beast Statue","Astrolabe","MutagenicStrength","Necronomicon","Happy Flower","Kunai","WingedGreaves","Oddly Smooth Stone","Mark of Pain"],"acts_visited":["TheBeyond"],"potions_floor_usage":[27,29,33,33,39],"damage_taken":[{"damage":1.0,"enemies":"Cultist","floor":1.0,"turns":3.0},{"damage":2.0,"enemies":"Small Slimes","floor":2.0,"turns":3.0},{"damage":1.0,"enemies":"2 Louse","floor":3.0,"turns":2.0},{"damage":3.0,"enemies":"Looter","floor":5.0,"turns":4.0},{"damage":7.0,"enemies":"Blue Slaver","floor":7.0,"turns":2.0},{"damage":8.0,"enemies":"3 Louse","floor":8.0,"turns":4.0},{"damage":11.0,"enemies":"2 Fungi Beasts","floor":11.0,"turns":4.0},{"damage":17.0,"enemies":"Hexaghost","floor":16.0,"turns":9.0},{"damage":12.0,"enemies":"Spheric Guardian","floor":18.0,"turns":4.0},{"damage":5.0,"enemies":"Chosen","floor":21.0,"turns":4.0},{"damage":20.0,"enemies":"Book of Stabbing","floor":23.0,"turns":5.0},{"damage":9,"enemies":"Centurion and Healer","floor":27,"turns":3},{"damage":21,"enemies":"Shelled Parasite and Fungi","floor":28,"turns":4},{"damage":17,"enemies":"Gremlin Leader","floor":29,"turns":6},{"damage":58,"enemies":"Automaton","floor":33,"turns":10},{"damage":10,"enemies":"Orb Walker","floor":35,"turns":3},{"damage":0,"enemies":"3 Darklings","floor":37,"turns":1},{"damage":63,"enemies":"Spire Growth","floor":38,"turns":7},{"damage":8,"enemies":"2 Orb Walkers","floor":39,"turns":2}],"seed_played":"1817979079195229995","potions_obtained":[{"floor":2.0,"key":"Swift Potion"},{"floor":3.0,"key":"SneckoOil"},{"floor":8.0,"key":"DistilledChaos"},{"floor":11.0,"key":"Energy Potion"},{"floor":16.0,"key":"Block Potion"},{"floor":18.0,"key":"SkillPotion"},{"floor":21.0,"key":"ElixirPotion"},{"floor":23.0,"key":"Swift Potion"},{"floor":27,"key":"Swift Potion"},{"floor":28,"key":"Strength Potion"},{"floor":29,"key":"SteroidPotion"},{"floor":33,"key":"SkillPotion"},{"floor":35,"key":"ElixirPotion"},{"floor":37,"key":"DuplicationPotion"}],"is_trial":false,"path_per_floor":["M","M","M","?","M","R","M","M","T","?","M","?","R","$","R","B",null,"M","?","?","M","?","E","$","?","T","M","M","E","R","$","R","B",null,"M","$","M","M","?"],"character_chosen":"IRONCLAD","items_purchased":["Blood Vial","StrikeDummy","Kunai","Barricade","Oddly Smooth Stone","Evolve","Wild Strike"],"campfire_rested":2,"item_purchase_floors":[0,0,24,24,31,36,36],"current_hp_per_floor":[51,57,64,64,69,69,70,70,70,54,51,51,51,51,51,42,80,74,74,74,77,61,49,49,34,34,33,20,11,36,36,61,11,85,81,81,85,28,46,46],"gold":33,"neow_bonus":"","is_daily":false,"chose_seed":false,"campfire_upgraded":0,"win_rate":0.0,"timestamp":1612027147,"path_taken":["M","?","M","?","M","R","M","?","T","?","M","?","R","$","R","BOSS","M","?","?","M","?","E","$","?","T","M","M","E","R","$","R","BOSS","M","$","M","M","?"],"items_purchased_type":["Relic","Relic","Relic","Card","Relic","Card","Card"],"build_version":"2020-12-22","purchased_purges":2,"victory":false,"max_hp_per_floor":[80,80,80,80,80,80,80,80,80,80,80,80,80,80,80,80,80,80,80,80,80,80,80,80,85,85,85,85,85,85,85,85,85,85,85,85,85,85,85,85],"relic_stats":{"Blood Vial":32,"Shovel":3,"Happy Flower":[12],"counters":[19,80],"Sundial":[8],"Astrolabe":["Flame Barrier","Havoc","Spot Weakness"],"Necronomicon":[22],"Kunai":[11],"Orichalcum":[96],"MawBank":180,"obtain_stats":[{"Happy Flower":23,"Astrolabe":17,"Oddly Smooth Stone":31,"Orichalcum":13,"MawBank":9,"Burning Blood":0,"White Beast Statue":15,"Blood Vial":0,"Shovel":0,"Sundial":6,"MutagenicStrength":19,"WingedGreaves":29,"Mark of Pain":34,"Necronomicon":22,"Kunai":24,"StrikeDummy":0},{"Happy Flower":11,"Astrolabe":8,"Oddly Smooth Stone":14,"Orichalcum":7,"MawBank":6,"Burning Blood":0,"White Beast Statue":7,"Blood Vial":0,"Shovel":0,"Sundial":4,"MutagenicStrength":9,"WingedGreaves":14,"Mark of Pain":15,"Necronomicon":10,"Kunai":11,"StrikeDummy":0},{"Happy Flower":44,"Astrolabe":31,"Oddly Smooth Stone":57,"Orichalcum":22,"MawBank":18,"Burning Blood":0,"White Beast Statue":22,"Blood Vial":0,"Shovel":0,"Sundial":12,"MutagenicStrength":35,"WingedGreaves":57,"Mark of Pain":67,"Necronomicon":39,"Kunai":44,"StrikeDummy":0}],"Burning Blood":102},"card_choices":[{"not_picked":["Carnage","Sever Soul"],"picked":"Shrug It Off","floor":1.0},{"not_picked":["Infernal Blade","Thunderclap"],"picked":"Clothesline","floor":2.0},{"not_picked":["Wild Strike","Blood for Blood","Pummel"],"picked":"SKIP","floor":3.0},{"not_picked":["True Grit","Bloodletting","Disarm"],"picked":"SKIP","floor":5.0},{"not_picked":["Clash","True Grit"],"picked":"Dual Wield","floor":7.0},{"not_picked":["Pommel Strike","Perfected Strike"],"picked":"Exhume","floor":8.0},{"not_picked":["Armaments","Shrug It Off"],"picked":"Fire Breathing","floor":11.0},{"not_picked":["Barricade","Bludgeon"],"picked":"Immolate","floor":16.0},{"not_picked":["Hemokinesis","Cleave"],"picked":"Second Wind","floor":18.0},{"not_picked":["Sword Boomerang","Combust"],"picked":"Rampage+1","floor":21.0},{"not_picked":["Pummel","Combust","Perfected Strike+1"],"picked":"SKIP","floor":23.0},{"not_picked":["Dark Embrace+1","Twin Strike+1"],"picked":"Body Slam","floor":27},{"not_picked":["Feel No Pain","Flex","Perfected Strike"],"picked":"SKIP","floor":28},{"not_picked":["Dual Wield","Infernal Blade","True Grit"],"picked":"SKIP","floor":29},{"not_picked":["Demon Form","Barricade"],"picked":"Reaper","floor":33},{"not_picked":["Rupture","Headbutt","Twin Strike+1"],"picked":"SKIP","floor":35},{"not_picked":["Heavy Blade+1","Twin Strike"],"picked":"Second Wind+1","floor":37},{"not_picked":["Iron Wave","Twin Strike+1","Carnage+1"],"picked":"SKIP","floor":38}],"player_experience":140246,"relics_obtained":[{"floor":6.0,"key":"Sundial"},{"floor":9.0,"key":"MawBank"},{"floor":13.0,"key":"Orichalcum"},{"floor":15.0,"key":"White Beast Statue"},{"floor":22.0,"key":"Necronomicon"},{"floor":23.0,"key":"Happy Flower"},{"floor":29,"key":"WingedGreaves"}],"event_choices":[{"damage_healed":0.0,"max_hp_gain":0.0,"max_hp_loss":0.0,"gold_gain":0.0,"event_name":"Accursed Blacksmith","player_choice":"Forge","floor":4.0,"gold_loss":0.0,"damage_taken":0.0,"cards_upgraded":["Bash"]},{"damage_healed":0.0,"max_hp_gain":0.0,"max_hp_loss":0.0,"gold_gain":0.0,"event_name":"Shining Light","player_choice":"Entered Light","floor":10.0,"gold_loss":0.0,"damage_taken":16.0,"cards_upgraded":["Clothesline","Strike_R"]},{"damage_healed":0.0,"max_hp_gain":0.0,"max_hp_loss":0.0,"gold_gain":0.0,"event_name":"Living Wall","player_choice":"Grow","floor":12.0,"gold_loss":0.0,"damage_taken":0.0,"cards_upgraded":["Fire Breathing"]},{"damage_healed":0.0,"max_hp_gain":0.0,"max_hp_loss":0.0,"gold_gain":0.0,"event_name":"Drug Dealer","player_choice":"Inject Mutagens","floor":19.0,"gold_loss":0.0,"damage_taken":0.0,"relics_obtained":["MutagenicStrength"]},{"damage_healed":0.0,"max_hp_gain":0.0,"max_hp_loss":0.0,"gold_gain":0.0,"event_name":"Vampires","player_choice":"Ignored","floor":20.0,"gold_loss":0.0,"damage_taken":0.0},{"damage_healed":0.0,"max_hp_gain":0.0,"max_hp_loss":0.0,"gold_gain":0.0,"event_name":"Cursed Tome","player_choice":"Obtained Book","floor":22.0,"gold_loss":0.0,"damage_taken":16.0},{"damage_healed":0,"gold_gain":0,"player_choice":"Shed Blood","damage_taken":20,"max_hp_gain":5,"max_hp_loss":0,"event_name":"Forgotten Altar","floor":25,"gold_loss":0},{"damage_healed":0,"gold_gain":0,"player_choice":"Fight","damage_taken":0,"max_hp_gain":0,"max_hp_loss":0,"event_name":"Mysterious Sphere","floor":39,"gold_loss":0}],"is_beta":false,"boss_relics":[{"not_picked":["Pandora\u0027s Box","Busted Crown"],"picked":"Astrolabe"},{"not_picked":["Black Star","Calling Bell"],"picked":"Mark of Pain"}],"items_purged_floors":[24,36],"is_endless":false,"potions_floor_spawned":[2,3,8,11,16,18,21,23,27,28,29,33,35,37,38],"killed_by":"2 Orb Walkers","ascension_level":1}}