{"host":"ELF","time":1612036739,"event":{"mods":["BaseMod","Bestiary","Minty Spire (QoL Compilation)","Relic Stats","Slay the Relics Exporter"],"gold_per_floor":[366,366,382,399,419,419,445,129,129,129,129,146,146,162,162,260,260,271,291,0,12,30,30,30,50,50,50,67,67,77,90,90,192,192,202,202,202,221,7,7,24,24,24,36,47,47,59,79,79,79],"floor_reached":51,"language":"ENG","playtime":3504,"items_purged":["Strike_R","Strike_R"],"score":707,"play_id":"85841730-9aec-4077-8694-66398be8515d","local_time":"20210130135859","is_ascension_mode":false,"campfire_choices":[{"floor":6.0,"key":"REST"},{"floor":13.0,"key":"REST"},{"data":"Barricade","floor":15.0,"key":"SMITH"},{"floor":23,"key":"REST"},{"data":"Body Slam","floor":27,"key":"SMITH"},{"floor":32,"key":"REST"},{"data":"Apotheosis","floor":40,"key":"SMITH"},{"floor":42,"key":"REST"},{"floor":49,"key":"REST"}],"circlet_count":0,"master_deck":["Strike_R","Defend_R","Defend_R","Defend_R","Bash","Pommel Strike","Battle Trance","Shrug It Off","Offering","Barricade+1","Shrug It Off","Mayhem","Cleave","Metallicize","Feed","Power Through","Iron Wave+1","Offering","Metallicize+1","Body Slam+1","Fire Breathing","Rage","Fire Breathing","Berserk","Second Wind+1","Enlightenment","Apotheosis+1","Transmutation","Iron Wave+1","Feel No Pain","Burning Pact","Shrug It Off+1","Parasite","Body Slam+1","Writhe","Feed"],"relics":["Burning Blood"],"acts_visited":["Exordium","TheCity","TheBeyond"],"potions_floor_usage":[22,28,30,33,44,44,50,50],"damage_taken":[{"damage":0.0,"enemies":"Small Slimes","floor":1.0,"turns":3.0},{"damage":13.0,"enemies":"Jaw Worm","floor":3.0,"turns":4.0},{"damage":7.0,"enemies":"2 Louse","floor":4.0,"turns":3.0},{"damage":15.0,"enemies":"Exordium Wildlife","floor":5.0,"turns":5.0},{"damage":22.0,"enemies":"Gremlin Nob","floor":7.0,"turns":3.0},{"damage":37.0,"enemies":"Gremlin Gang","floor":12.0,"turns":8.0},{"damage":6.0,"enemies":"3 Louse","floor":14.0,"turns":4.0},{"damage":9.0,"enemies":"Slime Boss","floor":16.0,"turns":20.0},{"damage":11.0,"enemies":"Shell Parasite","floor":18.0,"turns":10.0},{"damage":15.0,"enemies":"Spheric Guardian","floor":19.0,"turns":16.0},{"damage":10,"enemies":"Centurion and Healer","floor":21,"turns":17},{"damage":50,"enemies":"Cultist and Chosen","floor":22,"turns":13},{"damage":15,"enemies":"Snecko","floor":25,"turns":9},{"damage":14,"enemies":"Shelled Parasite and Fungi","floor":28,"turns":7},{"damage":12,"enemies":"Snake Plant","floor":30,"turns":6},{"damage":21,"enemies":"Snecko","floor":31,"turns":7},{"damage":25,"enemies":"Automaton","floor":33,"turns":11},{"damage":23,"enemies":"3 Darklings","floor":35,"turns":7},{"damage":29,"enemies":"Orb Walker","floor":38,"turns":4},{"damage":18,"enemies":"Sphere and 2 Shapes","floor":41,"turns":6},{"damage":15,"enemies":"Writhing Mass","floor":44,"turns":5},{"damage":22,"enemies":"3 Darklings","floor":45,"turns":9},{"damage":30,"enemies":"Maw","floor":47,"turns":9},{"damage":18,"enemies":"Spire Growth","floor":48,"turns":8},{"damage":54,"enemies":"Time Eater","floor":50,"turns":14}],"seed_played":"-6956859511130350312","potions_obtained":[{"floor":4.0,"key":"Strength Potion"},{"floor":5.0,"key":"BlessingOfTheForge"},{"floor":12.0,"key":"DuplicationPotion"},{"floor":14.0,"key":"Weak Potion"},{"floor":22,"key":"Ancient Potion"},{"floor":25,"key":"Weak Potion"},{"floor":30,"key":"Dexterity Potion"},{"floor":31,"key":"Fire Potion"},{"floor":41,"key":"PowerPotion"},{"floor":45,"key":"AttackPotion"},{"floor":48,"key":"Strength Potion"}],"is_trial":false,"path_per_floor":["M","?","M","M","M","R","E","$","T","?","?","M","R","M","R","B",null,"M","M","?","M","M","R","?","M","T","R","M","?","M","M","R","B",null,"M","?","?","M","$","R","M","R","T","M","M","?","M","M","R","B",null],"character_chosen":"IRONCLAD","items_purchased":["Shrug It Off","Mayhem","Feel No Pain","Burning Pact"],"campfire_rested":6,"item_purchase_floors":[8,8,39,39],"current_hp_per_floor":[62,62,55,54,45,69,53,53,53,46,46,15,39,39,39,36,80,78,72,72,68,27,53,53,44,44,44,39,39,33,21,49,30,95,81,71,71,48,48,48,36,65,65,56,44,70,46,34,64,16],"gold":79,"neow_bonus":"TWO_FIFTY_GOLD","is_daily":false,"chose_seed":false,"campfire_upgraded":3,"win_rate":0.0,"timestamp":1612036739,"path_taken":["M","?","M","M","M","R","E","$","T","?","?","M","R","M","R","BOSS","M","M","?","M","M","R","?","?","T","R","M","?","?","M","R","BOSS","M","?","?","M","$","R","M","R","T","M","M","?","M","M","R","BOSS"],"items_purchased_type":["Card","Card","Card","Card"],"build_version":"2020-12-18","purchased_purges":2,"victory":true,"max_hp_per_floor":[80,80,80,80,80,80,80,80,80,80,80,80,80,80,80,80,80,83,86,86,86,89,89,89,89,89,89,92,92,92,95,95,95,95,98,98,98,98,98,98,98,98,98,98,102,102,102,102,102,102],"relic_stats":{"counters":[25,208],"obtain_stats":[{"Burning Blood":0},{"Burning Blood":0},{"Burning Blood":0}],"Burning Blood":150},"card_choices":[{"not_picked":["Sentinel","Sword Boomerang"],"picked":"Pommel Strike","floor":1.0},{"not_picked":["Body Slam","Dual Wield"],"picked":"Battle Trance","floor":3.0},{"not_picked":["Clothesline","Battle Trance"],"picked":"Shrug It Off","floor":4.0},{"not_picked":["True Grit","Pommel Strike"],"picked":"Offering","floor":5.0},{"not_picked":["Dropkick","Bludgeon"],"picked":"Barricade","floor":7.0},{"not_picked":["Sword Boomerang","Warcry"],"picked":"Cleave","floor":12.0},{"not_picked":["Infernal Blade","Wild Strike"],"picked":"Metallicize","floor":14.0},{"not_picked":["Bludgeon","Exhume"],"picked":"Feed","floor":16.0},{"not_picked":["Carnage","Clash"],"picked":"Power Through","floor":18.0},{"not_picked":["Cleave","Heavy Blade"],"picked":"Iron Wave+1","floor":19.0},{"not_picked":["Sword Boomerang","Havoc"],"picked":"Offering","floor":21},{"not_picked":["Headbutt","Iron Wave"],"picked":"Metallicize+1","floor":22},{"not_picked":["Clash","Perfected Strike"],"picked":"Body Slam","floor":25},{"not_picked":["Metallicize+1","Searing Blow"],"picked":"Fire Breathing","floor":28},{"not_picked":["Headbutt","Carnage"],"picked":"Rage","floor":30},{"not_picked":["Anger","Pummel"],"picked":"Fire Breathing","floor":31},{"not_picked":["Offering","Double Tap"],"picked":"Berserk","floor":33},{"not_picked":["Iron Wave","Cleave"],"picked":"Second Wind+1","floor":35},{"not_picked":["Chrysalis","Secret Weapon"],"picked":"Enlightenment","floor":36},{"not_picked":["Jack Of All Trades","PanicButton"],"picked":"Apotheosis","floor":36},{"not_picked":["Impatience","Blind"],"picked":"Transmutation","floor":36},{"not_picked":["Pummel+1","Clothesline"],"picked":"Iron Wave+1","floor":38},{"not_picked":["Clash","Headbutt"],"picked":"Shrug It Off+1","floor":41},{"not_picked":["Armaments","Thunderclap"],"picked":"Body Slam+1","floor":44},{"not_picked":["Pommel Strike","Flex","Clash+1"],"picked":"SKIP","floor":45},{"not_picked":["Twin Strike","Wild Strike+1"],"picked":"Feed","floor":47},{"not_picked":["Heavy Blade+1","Wild Strike","Clash+1"],"picked":"SKIP","floor":48}],"player_experience":3356232,"relics_obtained":[],"event_choices":[{"damage_healed":0.0,"max_hp_gain":0.0,"max_hp_loss":0.0,"gold_gain":0.0,"event_name":"Scrap Ooze","player_choice":"Fled","floor":2.0,"gold_loss":0.0,"damage_taken":0.0},{"cards_removed":["Strike_R"],"damage_healed":0.0,"max_hp_gain":0.0,"max_hp_loss":0.0,"gold_gain":0.0,"event_name":"Golden Wing","player_choice":"Card Removal","floor":10.0,"gold_loss":0.0,"damage_taken":7.0},{"damage_healed":0.0,"max_hp_gain":0.0,"max_hp_loss":0.0,"gold_gain":0.0,"event_name":"Dead Adventurer","player_choice":"Searched \u00270\u0027 times","floor":11.0,"gold_loss":0.0,"damage_taken":0.0},{"damage_healed":0,"gold_gain":0,"player_choice":"Paid Fearfully","damage_taken":0,"max_hp_gain":0,"max_hp_loss":0,"event_name":"Masked Bandits","floor":20,"gold_loss":291},{"cards_removed":["Defend_R"],"damage_healed":0,"gold_gain":0,"player_choice":"Purged","damage_taken":0,"max_hp_gain":0,"max_hp_loss":0,"event_name":"Purifier","floor":24,"gold_loss":0},{"cards_removed":["Strike_R"],"damage_healed":0,"gold_gain":0,"player_choice":"Card Removal","damage_taken":0,"max_hp_gain":0,"max_hp_loss":0,"event_name":"Wheel of Change","floor":29,"gold_loss":0},{"damage_healed":0,"gold_gain":0,"player_choice":"Memory 3","damage_taken":10,"max_hp_gain":0,"max_hp_loss":0,"event_name":"SensoryStone","floor":36,"gold_loss":0},{"damage_healed":0,"gold_gain":0,"player_choice":"Ignored","damage_taken":0,"max_hp_gain":0,"max_hp_loss":0,"event_name":"Mysterious Sphere","floor":37,"gold_loss":0},{"damage_healed":26,"gold_gain":0,"player_choice":"Writhe","damage_taken":0,"max_hp_gain":0,"max_hp_loss":0,"event_name":"Winding Halls","floor":46,"gold_loss":0,"cards_obtained":["Writhe"]}],"is_beta":true,"boss_relics":[{"not_picked":["Runic Cube","Sozu","Philosopher\u0027s Stone"]},{"not_picked":["Fusion Hammer","Black Star","Empty Cage"]}],"items_purged_floors":[8,39],"is_endless":false,"potions_floor_spawned":[4,5,12,14,22,25,30,31,41,45,48],"ascension_level":0}}