{"host":"v711dtdb46xe9u7l","time":1612026997,"event":{"mods":["BaseMod","Highlight Path","Minty Spire (QoL Compilation)","Quick Restart","StSLib"],"gold_per_floor":[117,127,146,146,162,195,195,216,265,265,298,298,319,18,18,146,146,162,162],"floor_reached":18,"language":"ENG","playtime":890,"items_purged":["Shame"],"score":278,"play_id":"8f1a2199-1d9e-42f5-804f-7a44ba45eaf2","local_time":"20210130171637","is_ascension_mode":true,"campfire_choices":[{"data":"Entrench","floor":7.0,"key":"SMITH"},{"floor":10.0,"key":"REST"},{"data":"Body Slam","floor":12.0,"key":"SMITH"},{"floor":15.0,"key":"REST"}],"circlet_count":0,"master_deck":["AscendersBane","Strike_R","Strike_R","Strike_R","Strike_R","Strike_R","Defend_R","Defend_R","Defend_R","Defend_R","Bash","Entrench+1","Clothesline","Body Slam+1","Headbutt","Inflame","Ghostly Armor","Entrench","Tools of the Trade","Tactician+1"],"relics":["Cursed Key","Golden Idol","Bottled Flame","Regal Pillow","Mummified Hand","PrismaticShard","Philosopher\u0027s Stone"],"acts_visited":["Exordium","TheCity"],"potions_floor_usage":[18],"damage_taken":[{"damage":1.0,"enemies":"Cultist","floor":1.0,"turns":3.0},{"damage":0.0,"enemies":"2 Louse","floor":2.0,"turns":3.0},{"damage":2.0,"enemies":"Jaw Worm","floor":3.0,"turns":3.0},{"damage":8.0,"enemies":"Looter","floor":5.0,"turns":3.0},{"damage":29.0,"enemies":"3 Sentries","floor":6.0,"turns":5.0},{"damage":22.0,"enemies":"Large Slime","floor":8.0,"turns":7.0},{"damage":24.0,"enemies":"Gremlin Nob","floor":11.0,"turns":5.0},{"damage":4.0,"enemies":"Lots of Slimes","floor":13.0,"turns":4.0},{"damage":24.0,"enemies":"The Guardian","floor":16.0,"turns":14.0},{"damage":33,"enemies":"2 Thieves","floor":18,"turns":5}],"seed_played":"8681613255079862823","potions_obtained":[{"floor":1.0,"key":"PowerPotion"},{"floor":6.0,"key":"Fire Potion"},{"floor":13.0,"key":"Strength Potion"},{"floor":16.0,"key":"Ancient Potion"},{"floor":18,"key":"BloodPotion"}],"is_trial":false,"path_per_floor":["M","M","M","?","M","E","R","M","T","R","E","R","M","$","R","B",null,"M"],"character_chosen":"IRONCLAD","items_purchased":["PrismaticShard","Entrench"],"campfire_rested":2,"item_purchase_floors":[14,14],"current_hp_per_floor":[71,71,69,69,61,32,32,10,10,47,23,23,19,19,56,32,64,45,45],"gold":162,"neow_bonus":"BOSS_RELIC","is_daily":false,"chose_seed":false,"campfire_upgraded":2,"win_rate":0.0,"timestamp":1612026997,"path_taken":["M","?","M","?","M","E","R","M","T","R","E","R","M","$","R","BOSS","M"],"items_purchased_type":["Relic","Card"],"build_version":"2020-12-22","purchased_purges":1,"victory":false,"max_hp_per_floor":[80,80,80,74,74,74,74,74,74,74,74,74,74,74,74,74,74,74,74],"card_choices":[{"not_picked":["Wild Strike","Anger"],"picked":"Entrench","floor":1.0},{"not_picked":["Clash","Bloodletting"],"picked":"Clothesline","floor":2.0},{"not_picked":["Blood for Blood","Fire Breathing"],"picked":"Body Slam","floor":3.0},{"not_picked":["Dropkick","Havoc"],"picked":"Headbutt","floor":5.0},{"not_picked":["Reckless Charge","Flex","Fire Breathing"],"picked":"SKIP","floor":6.0},{"not_picked":["Searing Blow","Evolve"],"picked":"Inflame","floor":8.0},{"not_picked":["Perfected Strike","Anger","Fire Breathing"],"picked":"SKIP","floor":11.0},{"not_picked":["Bloodletting","Whirlwind"],"picked":"Ghostly Armor","floor":13.0},{"not_picked":["Corpse Explosion","Thunder Strike"],"picked":"Tools of the Trade","floor":16.0},{"not_picked":["Go for the Eyes","Headbutt"],"picked":"Tactician+1","floor":18}],"player_experience":420740,"relics_obtained":[{"floor":6.0,"key":"Bottled Flame"},{"floor":9.0,"key":"Regal Pillow"},{"floor":11.0,"key":"Mummified Hand"}],"event_choices":[{"damage_healed":0.0,"max_hp_gain":0.0,"max_hp_loss":6.0,"gold_gain":0.0,"event_name":"Golden Idol","player_choice":"Lose Max HP","floor":4.0,"gold_loss":0.0,"damage_taken":0.0,"relics_obtained":["Golden Idol"]}],"is_beta":false,"boss_relics":[{"not_picked":["Runic Cube","Snecko Eye"],"picked":"Philosopher\u0027s Stone"}],"items_purged_floors":[14],"is_endless":false,"potions_floor_spawned":[1,6,13,16,18],"killed_by":"2 Thieves","ascension_level":12}}