{"host":"4k1o517shm2ba6vh","time":1612018600,"event":{"mods":["AchievementEnabler","BaseMod","Minty Spire (QoL Compilation)","StSLib","The Poker Player","everything is the same but u backflip on backflip"],"gold_per_floor":[109,124,139,149,166,200,212,252,264,276,314,401,413,444,456,571,583,615,227,245,245,31,31,50,79,79,98,98,116,116,141,141,236,236,251,83,133,152,152,152,152,76,76,76,103,115,132,152,152,152],"floor_reached":51,"language":"ENG","playtime":2990,"items_purged":["Strike_G","Strike_G"],"score":1143,"play_id":"58da4f5f-f2e1-4dab-9ce0-ff586d14f4ea","local_time":"20210130085640","is_ascension_mode":true,"campfire_choices":[{"data":"Dagger Spray","floor":7,"key":"SMITH"},{"floor":10,"key":"REST"},{"floor":15,"key":"REST"},{"floor":23,"key":"REST"},{"data":"A Thousand Cuts","floor":28,"key":"SMITH"},{"floor":30,"key":"REST"},{"data":"Burst","floor":32,"key":"SMITH"},{"floor":40,"key":"REST"},{"floor":44,"key":"REST"},{"floor":49,"key":"REST"}],"circlet_count":0,"master_deck":["AscendersBane","Strike_G","Strike_G","Defend_G","Defend_G","Defend_G","Defend_G","Defend_G","Survivor","Neutralize+1","Flying Knee","Backstab","Bullet Time","Dagger Spray+1","Slice","Burst+1","Blade Dance","Cloak And Dagger","Caltrops","A Thousand Cuts+1","Well Laid Plans","Quick Slash+1","Backstab","Noxious Fumes","Corpse Explosion","Blur+1","Cloak And Dagger","PiercingWail","Die Die Die","Blade Dance","Caltrops","Backstab","Footwork","PiercingWail","Eviscerate","Infinite Blades","Blur","Endless Agony","Caltrops","Caltrops+1"],"relics":["Ring of the Snake","MawBank","Anchor","Letter Opener","Centennial Puzzle","Runic Dome","Dead Branch","Lantern","Prayer Wheel","Sundial","Juzu Bracelet","Fusion Hammer","Ginger","Shuriken","Bronze Scales"],"acts_visited":["Exordium","TheCity","TheBeyond"],"potions_floor_usage":[6,8,16,16,16,29,33,50,50,50],"damage_taken":[{"damage":0.0,"enemies":"Jaw Worm","floor":1.0,"turns":5.0},{"damage":1.0,"enemies":"Small Slimes","floor":2.0,"turns":4.0},{"damage":0,"enemies":"Cultist","floor":3,"turns":3},{"damage":0,"enemies":"Blue Slaver","floor":4,"turns":4},{"damage":8,"enemies":"Large Slime","floor":5,"turns":5},{"damage":12,"enemies":"Gremlin Nob","floor":6,"turns":3},{"damage":27,"enemies":"3 Sentries","floor":8,"turns":6},{"damage":9,"enemies":"Gremlin Nob","floor":11,"turns":4},{"damage":0,"enemies":"Gremlin Gang","floor":14,"turns":2},{"damage":26,"enemies":"The Guardian","floor":16,"turns":13},{"damage":0,"enemies":"3 Byrds","floor":18,"turns":3},{"damage":7,"enemies":"Chosen","floor":20,"turns":4},{"damage":0,"enemies":"3 Cultists","floor":24,"turns":3},{"damage":21,"enemies":"Book of Stabbing","floor":25,"turns":4},{"damage":16,"enemies":"Sentry and Sphere","floor":27,"turns":4},{"damage":0,"enemies":"Snecko","floor":29,"turns":4},{"damage":8,"enemies":"Gremlin Leader","floor":31,"turns":4},{"damage":31,"enemies":"Automaton","floor":33,"turns":7},{"damage":0,"enemies":"Orb Walker","floor":35,"turns":2},{"damage":3,"enemies":"Mind Bloom Boss Battle","floor":37,"turns":6},{"damage":17,"enemies":"3 Darklings","floor":38,"turns":3},{"damage":37,"enemies":"Giant Head","floor":45,"turns":6},{"damage":14,"enemies":"Maw","floor":46,"turns":5},{"damage":0,"enemies":"Jaw Worm Horde","floor":47,"turns":2},{"damage":0,"enemies":"3 Darklings","floor":48,"turns":2},{"damage":26,"enemies":"Donu and Deca","floor":50,"turns":5}],"seed_played":"-6689382489672806716","potions_obtained":[{"floor":1.0,"key":"FearPotion"},{"floor":3,"key":"Poison Potion"},{"floor":5,"key":"Weak Potion"},{"floor":6,"key":"ColorlessPotion"},{"floor":14,"key":"CunningPotion"},{"floor":18,"key":"Fire Potion"},{"floor":25,"key":"Strength Potion"},{"floor":37,"key":"Energy Potion"},{"floor":38,"key":"Energy Potion"},{"floor":47,"key":"Energy Potion"},{"floor":48,"key":"GamblersBrew"}],"is_trial":false,"path_per_floor":["M","M","M","M","M","E","R","E","T","R","E","?","?","M","R","B",null,"M","$","M","?","$","R","M","E","T","M","R","M","R","E","R","B",null,"M","$","?","M","?","R","?","$","T","R","E","M","M","M","R","B",null],"character_chosen":"THE_SILENT","items_purchased":["Dead Branch","Well Laid Plans","Noxious Fumes","Lantern","Caltrops","Infinite Blades"],"campfire_rested":7,"item_purchase_floors":[19,19,22,22,36,42],"current_hp_per_floor":[63,62,62,62,54,42,42,15,15,36,27,16,16,16,37,11,55,55,55,48,48,48,69,69,48,48,32,32,32,53,45,45,14,56,56,56,53,36,36,57,57,57,57,70,33,19,19,19,40,14],"gold":152,"neow_bonus":"UPGRADE_CARD","is_daily":false,"chose_seed":false,"campfire_upgraded":3,"win_rate":0.0,"timestamp":1612018600,"path_taken":["M","M","M","M","M","E","R","E","T","R","E","?","?","M","R","BOSS","M","$","M","?","$","R","M","E","T","M","R","M","R","E","R","BOSS","M","$","?","M","?","R","?","$","T","R","E","M","M","M","R","BOSS"],"items_purchased_type":["Relic","Card","Card","Relic","Card","Card"],"build_version":"2020-12-22","purchased_purges":2,"victory":true,"max_hp_per_floor":[70,70,70,70,70,70,70,70,70,70,70,70,70,70,70,70,70,70,70,70,70,70,70,70,70,70,70,70,70,70,70,70,70,70,70,70,70,70,70,70,70,70,70,70,70,70,70,70,70,70],"card_choices":[{"not_picked":["Poisoned Stab","Quick Slash"],"picked":"Flying Knee","floor":1.0},{"not_picked":["Acrobatics","Poisoned Stab"],"picked":"Backstab","floor":2},{"not_picked":["Sucker Punch","Flechettes"],"picked":"Bullet Time","floor":3},{"not_picked":["Outmaneuver","Concentrate"],"picked":"Dagger Spray","floor":4},{"not_picked":["Reflex","Dagger Spray"],"picked":"Slice","floor":5},{"not_picked":["Backstab","Backflip"],"picked":"Burst","floor":6},{"not_picked":["All Out Attack","Sucker Punch"],"picked":"Blade Dance","floor":8},{"not_picked":["Underhanded Strike","Dodge and Roll"],"picked":"Cloak And Dagger","floor":11},{"not_picked":["Blade Dance","Setup"],"picked":"Caltrops","floor":14},{"not_picked":["Corpse Explosion","Night Terror"],"picked":"A Thousand Cuts","floor":16},{"not_picked":["Riddle With Holes","Acrobatics","Escape Plan"],"picked":"SKIP","floor":18},{"not_picked":["Underhanded Strike","Blur"],"picked":"Quick Slash+1","floor":20},{"not_picked":["Poisoned Stab","Escape Plan+1","Masterful Stab"],"picked":"SKIP","floor":24},{"not_picked":["Poisoned Stab","Escape Plan+1","Masterful Stab"],"picked":"SKIP","floor":24},{"not_picked":["Riddle With Holes","Slice"],"picked":"Corpse Explosion","floor":25},{"not_picked":["All Out Attack","Eviscerate"],"picked":"Blur+1","floor":27},{"not_picked":["Prepared","Deadly Poison"],"picked":"Cloak And Dagger","floor":27},{"not_picked":["Calculated Gamble+1","Dagger Throw"],"picked":"PiercingWail","floor":29},{"not_picked":["Prepared","Outmaneuver","Sucker Punch+1"],"picked":"SKIP","floor":29},{"not_picked":["Quick Slash","Underhanded Strike","Phantasmal Killer"],"picked":"SKIP","floor":31},{"not_picked":["Bullet Time","Corpse Explosion"],"picked":"Die Die Die","floor":33},{"not_picked":["Bane+1","Flying Knee"],"picked":"Blade Dance","floor":35},{"not_picked":["Dodge and Roll","Reflex+1"],"picked":"Dash+1","floor":35},{"not_picked":["Bouncing Flask","Slice+1"],"picked":"Backstab","floor":37},{"not_picked":["Backflip+1","Sucker Punch"],"picked":"Footwork","floor":38},{"not_picked":["A Thousand Cuts","Calculated Gamble+1"],"picked":"PiercingWail","floor":38},{"not_picked":["Tactician","Backflip"],"picked":"Blur","floor":45},{"not_picked":["Noxious Fumes","Concentrate+1"],"picked":"Endless Agony","floor":46},{"not_picked":["Sucker Punch","Heel Hook"],"picked":"Caltrops","floor":46},{"not_picked":["Prepared","Deadly Poison+1","Tactician+1"],"picked":"SKIP","floor":47},{"not_picked":["Terror","Prepared","Riddle With Holes+1"],"picked":"SKIP","floor":47},{"not_picked":["Outmaneuver","Heel Hook"],"picked":"Caltrops+1","floor":48},{"not_picked":["Bane","Acrobatics","Dagger Spray"],"picked":"SKIP","floor":48}],"player_experience":428682,"relics_obtained":[{"floor":6,"key":"MawBank"},{"floor":8,"key":"Anchor"},{"floor":9,"key":"Letter Opener"},{"floor":11,"key":"Centennial Puzzle"},{"floor":25,"key":"Prayer Wheel"},{"floor":26,"key":"Sundial"},{"floor":31,"key":"Juzu Bracelet"},{"floor":37,"key":"Ginger"},{"floor":43,"key":"Shuriken"},{"floor":45,"key":"Bronze Scales"}],"event_choices":[{"damage_healed":0,"gold_gain":75,"player_choice":"Gather Gold","damage_taken":11,"max_hp_gain":0,"max_hp_loss":0,"event_name":"World of Goop","floor":12,"gold_loss":0},{"damage_healed":0,"gold_gain":0,"player_choice":"Ignored","damage_taken":0,"max_hp_gain":0,"max_hp_loss":0,"event_name":"Liars Game","floor":13,"gold_loss":0},{"damage_healed":0,"gold_gain":0,"player_choice":"Copied","damage_taken":0,"max_hp_gain":0,"max_hp_loss":0,"event_name":"Duplicator","floor":21,"gold_loss":0,"cards_obtained":["Backstab"]},{"damage_healed":0,"gold_gain":0,"player_choice":"Fight","damage_taken":0,"max_hp_gain":0,"max_hp_loss":0,"event_name":"MindBloom","floor":37,"gold_loss":0},{"cards_removed":["Dash"],"damage_healed":0,"gold_gain":0,"player_choice":"Removed Attack","damage_taken":0,"max_hp_gain":0,"max_hp_loss":0,"event_name":"Falling","floor":39,"gold_loss":0},{"damage_healed":0,"gold_gain":0,"cards_transformed":["Strike_G"],"player_choice":"Transformed","damage_taken":0,"max_hp_gain":0,"max_hp_loss":0,"event_name":"Transmorgrifier","floor":41,"gold_loss":0,"cards_obtained":["Eviscerate"]}],"is_beta":false,"boss_relics":[{"not_picked":["HoveringKite","Runic Pyramid"],"picked":"Runic Dome"},{"not_picked":["SacredBark","Black Star"],"picked":"Fusion Hammer"}],"items_purged_floors":[19,36],"is_endless":false,"potions_floor_spawned":[1,3,5,6,14,18,25,37,38,47,48],"ascension_level":10}}