{"host":"px2oznrenyeljk7o","time":1612002290,"event":{"mods":["100% Spire Juice","A Penny For Your Troubles","AchievementEnabler","Act Like it!","Arknights The Spire","Aspiration","Astrologer","BaseMod","Better Altar","Better Match","Better Note","Better Sensory Stone","Better Skull","Better Third Choice","BetterRewards","ChefMod","Colored Map","Conspire","Curses Come First","Elementarium","Energized Spire","Evolution","Fireblade Mod","Fox Events","Gensokyo","GifTheSpireLib","GungeonMod","Hermit","KinomotoSakuraMod(????)","Koishi","Lobotomy","LobotomyExtend","Luminous","Marisa????????","Menagerie","Minty Spire (QoL Compilation)","Nova Terra(??·??)","Poor People Problems","Potionbrewer","Random Character Button","Rare Cards Sparkle","Reimu??????","Reliquary","Replay The Spire","Robot Space Explorer","Shade Mod","Small Relic Pack","Somnambulant","Spicy Shops","StSLib","Stuff the Spire","The Administrix","The Alterego","The Animator","The Blackbeard","The Blue Laboratory","The Bug Knight","The Clintock","The Construct","The Cursed","The Death Knight","The Disciple","The Florist","The Gatherer","The Hayseed","The Hierophant","The Jungle","The Marked","The Mystic","The Runesmith","The Servant 0.9.4","TheFirefly","TheWitcher","WarShipGirlsR/????R mod","Wide Potions","Yakumo Yukari mod","Yuri Mod","everything is the same but u backflip on backflip","slay the spire mod where everything is the same but ironclad has a cowboy hat","??????REMEMod"],"gold_per_floor":[218,5,39,51,51,51,80,80,107,118,118,132,36,56,56,151,151,171,171,187,187,197,210,210,96,121,131,131,131],"floor_reached":28,"language":"ENG","playtime":3128,"items_purged":[],"score":220,"play_id":"f8ef6287-8a2c-4209-950f-47c2bc601384","local_time":"20210130112450","is_ascension_mode":false,"campfire_choices":[{"floor":6.0,"key":"REST"},{"floor":8.0,"key":"REST"},{"floor":15.0,"key":"RECALL"}],"circlet_count":0,"master_deck":["mysticmod:Strike_Mystic","mysticmod:Strike_Mystic","mysticmod:Strike_Mystic","mysticmod:Strike_Mystic","mysticmod:Defend_Mystic","mysticmod:Defend_Mystic","mysticmod:Defend_Mystic","mysticmod:Defend_Mystic","mysticmod:ArcaneDodge","AdministrixMod:FaithfulFlames","mysticmod:StyleChange","Pot Of Greed","Pot Of Greed","mysticmod:Riposte","mysticmod:CorrosiveTouch","mysticmod:PunishingArmor","mysticmod:Alacrity","mysticmod:LightningBolt","Mind Blast","mysticmod:PowerSlash","mysticmod:Doublecast","mysticmod:Grapple","mysticmod:KeenEdge","Pot Of Greed","Writhe","mysticmod:Fireball+1","mysticmod:MagicMissile","Jack Of All Trades","mysticmod:CorrosiveTouch","mysticmod:Disengage"],"relics":["mysticmod:BlessedBook","EVO:Axolotl","REME_ComplimentaryCards","LetterFromLob","Grinning Jar","relicPack:OneForAll","CaptainsWheel","reliquary:PartyBalloon","Runesmith:AutoHammer"],"acts_visited":["Exordium","TheCity"],"potions_floor_usage":[],"damage_taken":[{"damage":21.0,"enemies":"Jaw Worm","floor":1.0,"turns":8.0},{"damage":4.0,"enemies":"conspire:MimicChest","floor":3.0,"turns":6.0},{"damage":0.0,"enemies":"2 Louse","floor":4.0,"turns":2.0},{"damage":23.0,"enemies":"Gremlin Nob","floor":7.0,"turns":4.0},{"damage":0.0,"enemies":"Small Slimes","floor":10.0,"turns":3.0},{"damage":0.0,"enemies":"Exordium Thugs","floor":12.0,"turns":3.0},{"damage":2.0,"enemies":"Looter","floor":14.0,"turns":2.0},{"damage":54.0,"enemies":"The Guardian","floor":16.0,"turns":13.0},{"damage":15.0,"enemies":"Chosen","floor":18.0,"turns":5.0},{"damage":8.0,"enemies":"3 Cultists","floor":20.0,"turns":6.0},{"damage":33.0,"enemies":"Chosen and Byrds","floor":22.0,"turns":6.0},{"damage":1.0,"enemies":"Cultist and Chosen","floor":23.0,"turns":5.0},{"damage":11.0,"enemies":"Snake Plant","floor":27.0,"turns":4.0},{"damage":41,"enemies":"Cultist and Chosen","floor":28,"turns":5}],"seed_played":"7824894670321285855","potions_obtained":[{"floor":4.0,"key":"mysticmod:EssenceOfMagic"},{"floor":10.0,"key":"blueLaboratory:FrostheartPotion"},{"floor":12.0,"key":"blueLaboratory:FruitPunch"},{"floor":14.0,"key":"blueLaboratory:StoneskinPotion"},{"floor":18.0,"key":"Languid Potion"},{"floor":22.0,"key":"potionbrewer:NoxiousPotion"},{"floor":23.0,"key":"Fruit Juice"},{"floor":27,"key":"BlessingOfTheForge"}],"is_trial":false,"path_per_floor":["M","$","?","M","?","R","E","R","T","M","?","M","$","M","R","B",null,"M","?","M","?","M","M","?","$","T","M","M"],"character_chosen":"MYSTIC_CLASS","items_purchased":["mysticmod:StyleChange","Mind Blast","Jack Of All Trades","mysticmod:CorrosiveTouch"],"campfire_rested":2,"item_purchase_floors":[2,13,25,25],"current_hp_per_floor":[56,56,52,52,52,75,52,75,75,75,75,75,75,75,75,21,79,64,64,56,56,23,34,50,50,50,39,0,0],"gold":131,"neow_bonus":"HUNDRED_GOLD","is_daily":false,"chose_seed":false,"campfire_upgraded":0,"win_rate":0.0,"timestamp":1612002290,"path_taken":["M","$","?","M","?","R","E","R","T","?","?","M","$","M","R","BOSS","M","?","M","?","M","M","?","$","T","M","M"],"items_purchased_type":["Card","Card","Card","Card"],"build_version":"2020-12-22","purchased_purges":0,"victory":false,"max_hp_per_floor":[77,77,77,77,77,77,77,77,77,77,77,77,77,79,79,79,79,79,79,79,79,79,91,91,91,91,91,91,91],"card_choices":[{"not_picked":["mysticmod:Alacrity","mysticmod:Sideswipe"],"picked":"mysticmod:Snowball","floor":1.0},{"not_picked":["mysticmod:Alacrity","mysticmod:MysticalShield"],"picked":"mysticmod:Riposte","floor":3.0},{"not_picked":["mysticmod:Dedication","mysticmod:Daze"],"picked":"mysticmod:CorrosiveTouch","floor":4.0},{"not_picked":["mysticmod:PowerAttack","mysticmod:IllusionOfCalm"],"picked":"mysticmod:PunishingArmor","floor":7.0},{"not_picked":["mysticmod:CorrosiveTouch","mysticmod:EnergizedRift"],"picked":"mysticmod:Alacrity","floor":10.0},{"not_picked":["mysticmod:Flourish","mysticmod:IllusionOfCalm"],"picked":"mysticmod:LightningBolt","floor":12.0},{"not_picked":["mysticmod:TomeOfSpells","mysticmod:LightningBolt"],"picked":"mysticmod:PowerSlash","floor":14.0},{"not_picked":["mysticmod:ClosingBarrage","mysticmod:Haste"],"picked":"mysticmod:Doublecast","floor":16.0},{"not_picked":["mysticmod:BulkUp","mysticmod:HunkerDown"],"picked":"mysticmod:Grapple","floor":18.0},{"not_picked":["mysticmod:LightningBolt+1","mysticmod:Sideswipe+1"],"picked":"mysticmod:KeenEdge","floor":20.0},{"not_picked":["mysticmod:BladedDash","mysticmod:SuddenClarity"],"picked":"mysticmod:Fireball+1","floor":22.0},{"not_picked":["mysticmod:Flourish","mysticmod:HunkerDown"],"picked":"mysticmod:MagicMissile","floor":23.0},{"not_picked":["mysticmod:PureInstinct+1","mysticmod:BladedDash"],"picked":"mysticmod:Disengage","floor":27}],"player_experience":558560,"relics_obtained":[{"floor":1.0,"key":"LetterFromLob"},{"floor":3.0,"key":"Grinning Jar"},{"floor":7.0,"key":"CaptainsWheel"},{"floor":26.0,"key":"Runesmith:AutoHammer"}],"event_choices":[{"cards_removed":["Mind Blast"],"damage_healed":0.0,"max_hp_gain":0.0,"max_hp_loss":0.0,"gold_gain":0.0,"event_name":"betterNote:BetterNote","player_choice":"Take \u0026 Give","floor":19.0,"gold_loss":0.0,"damage_taken":0.0,"cards_obtained":["somnambulantmod: LostMind"]},{"damage_healed":0.0,"max_hp_gain":0.0,"max_hp_loss":0.0,"gold_gain":0.0,"event_name":"The Mausoleum","player_choice":"Opened","floor":21.0,"gold_loss":0.0,"damage_taken":0.0,"relics_obtained":["reliquary:PartyBalloon"],"cards_obtained":["Writhe"]}],"is_beta":false,"boss_relics":[{"not_picked":["Astrolabe","REME_LowDesire"],"picked":"mysticmod:BlessedBook"}],"items_purged_floors":[],"is_endless":false,"potions_floor_spawned":[4,10,12,14,18,22,23,27],"killed_by":"Cultist and Chosen","ascension_level":0}}