{"host":"k0n8pgjylnovu342","time":1612024487,"event":{"mods":["BaseMod","Beaked The Cultist","Colored Powertips","Downfall","Fox Events","Hermit","Hubris","Minty Spire (QoL Compilation)","Replay The Spire","Shop Mod","Spikes Relics","StSLib","The Cursed","The Disciple","The Jungle","The Runesmith","The Servant 0.9.4","The Witch","TheBandit"],"gold_per_floor":[129,177,216,43,94,169,256,206,229,325,337,349,463,568,580,592,592],"floor_reached":16,"language":"ENG","playtime":3048,"items_purged":[],"score":171,"play_id":"722c6964-08f4-40b6-ac7d-886c22886851","local_time":"20210130113447","daily_mods":["Heirloom","Flight","DeadlyEvents","Elite Swarm","Midas"],"is_ascension_mode":true,"campfire_choices":[{"floor":11,"key":"REST"},{"floor":15,"key":"REST"}],"circlet_count":0,"master_deck":["Runesmith:Strike_RS","Runesmith:Strike_RS","Runesmith:Strike_RS","Runesmith:Strike_RS","Runesmith:Defend_RS","Runesmith:Defend_RS","Runesmith:Defend_RS","Runesmith:Defend_RS","Runesmith:CraftFirestone","Runesmith:Fortify","Runesmith:CraftMagma","Runesmith:ChiselStab","Runesmith:HeatExchange","Runesmith:PoweredAnvil","Discovery","Runesmith:ChiselStab","Runesmith:CreatorForm","Runesmith:RunicBlueprint","Runesmith:DuctTape"],"relics":["Runesmith:BrokenRuby","replay:Trail_Library","hubris:FunFungus","hubris:TinFlute","Runesmith:Nanobots","MawBank","MiniBlackHole","Runesmith:EmergencyProvisions","Ginger","hubris:MysteriousPyramids"],"acts_visited":["Exordium"],"potions_floor_usage":[7,14,14,16],"damage_taken":[{"damage":0,"enemies":"Jaw Worm","floor":1,"turns":4},{"damage":4,"enemies":"Cultist","floor":2,"turns":4},{"damage":0,"enemies":"2 Louse","floor":3,"turns":2},{"damage":14,"enemies":"Blue Slaver","floor":5,"turns":5},{"damage":22,"enemies":"Gremlin Nob","floor":6,"turns":5},{"damage":9,"enemies":"3 Sentries","floor":7,"turns":6},{"damage":13,"enemies":"Lagavulin","floor":10,"turns":6},{"damage":31,"enemies":"3 Sentries","floor":13,"turns":6},{"damage":0,"enemies":"Lagavulin","floor":14,"turns":3},{"damage":34,"enemies":"The Guardian","floor":16,"turns":6}],"seed_played":"-7138834294146016397","potions_obtained":[{"floor":3,"key":"EssenceOfSteel"},{"floor":5,"key":"Block Potion"},{"floor":10,"key":"Fire Potion"},{"floor":14,"key":"Cursed Concoction"}],"is_trial":true,"path_per_floor":["M","M","M","$","M","E","E","?","T","E","R","T","E","E","R","B"],"character_chosen":"RUNESMITH_CLASS","items_purchased":["Runesmith:PoweredAnvil","Runesmith:CraftProtectio","Discovery"],"campfire_rested":2,"item_purchase_floors":[4,4,4],"current_hp_per_floor":[70,66,66,66,53,31,26,26,26,16,37,37,11,11,32,0,0],"gold":592,"neow_bonus":"","is_daily":false,"chose_seed":false,"campfire_upgraded":0,"win_rate":0.0,"timestamp":1612024487,"path_taken":["M","M","M","$","M","E","E","?","T","E","R","?","E","E","R","BOSS"],"items_purchased_type":["Card","Card","Card"],"build_version":"2020-12-22","purchased_purges":0,"victory":false,"max_hp_per_floor":[70,70,70,70,70,70,70,70,70,70,70,70,70,70,70,70,70],"card_choices":[{"not_picked":["Runesmith:EnergizedChisel","Runesmith:NegativeSpace"],"picked":"Runesmith:CraftMagma","floor":1},{"not_picked":["Runesmith:Grindstone","Runesmith:StaticCage"],"picked":"Runesmith:ChiselStab","floor":2},{"not_picked":["Runesmith:ChaoticBlast","Runesmith:DuctTape"],"picked":"Runesmith:HeatExchange","floor":3},{"not_picked":["Runesmith:WhiteBalance","Runesmith:Overpower"],"picked":"Runesmith:ChiselStab","floor":5},{"not_picked":["Runesmith:GrandSlam","Runesmith:CraftMedicinae"],"picked":"Runesmith:CreatorForm","floor":6},{"not_picked":["Runesmith:CraftPrismatica","Runesmith:FissionHammer","Runesmith:CreatorForm"],"picked":"SKIP","floor":7},{"not_picked":["Runesmith:CraftMedicinae","Runesmith:LastStand","Runesmith:CraftIndustria"],"picked":"SKIP","floor":10},{"not_picked":["Runesmith:CraftMedicinae","Runesmith:GrandSlam","Runesmith:CraftIndustria"],"picked":"SKIP","floor":13},{"not_picked":["Runesmith:CraftPrismatica","Runesmith:GrandSlam"],"picked":"Runesmith:DuctTape","floor":14}],"player_experience":186008,"relics_obtained":[{"floor":6,"key":"hubris:TinFlute"},{"floor":7,"key":"Runesmith:Nanobots"},{"floor":9,"key":"MawBank"},{"floor":10,"key":"MiniBlackHole"},{"floor":12,"key":"Runesmith:EmergencyProvisions"},{"floor":13,"key":"Ginger"},{"floor":14,"key":"hubris:MysteriousPyramids"}],"event_choices":[{"cards_removed":["Runesmith:CraftProtectio"],"damage_healed":0,"gold_gain":0,"player_choice":"Card Removal","damage_taken":0,"max_hp_gain":0,"max_hp_loss":0,"event_name":"The Cleric","floor":8,"gold_loss":50}],"is_beta":false,"boss_relics":[],"items_purged_floors":[],"is_endless":false,"potions_floor_spawned":[3,5,10,14],"killed_by":"The Guardian","ascension_level":1}}