{"host":"2qyxu97h6u4ukicb","time":1612024748,"event":{"mods":["AchievementEnabler","BaseMod","BetterRewards","Colored Map","Colored Powertips","Minty Spire (QoL Compilation)","Replay The Spire","Shop Mod","StSLib"],"gold_per_floor":[110,185,185,204,216,216,241,241,241,241,241,241,241,241,241],"floor_reached":14,"language":"ENG","playtime":474,"items_purged":[],"score":111,"play_id":"24e1c4d5-8426-407b-aae3-7ac5accb8b38","local_time":"20210130103908","is_ascension_mode":false,"campfire_choices":[{"data":"Vigilance","floor":6,"key":"SMITH"},{"floor":13,"key":"REST"}],"circlet_count":0,"master_deck":["Strike_P","Strike_P","Strike_P","Defend_P","Defend_P","Defend_P","Defend_P","Eruption+1","Vigilance+1","JustLucky","Pain","Prostrate","Indignation","Collect+1"],"relics":["PureWater","NeowsBlessing","WarpedTongs","Mirror","Frozen Egg 2"],"acts_visited":["Exordium"],"potions_floor_usage":[7,14],"damage_taken":[{"damage":0,"enemies":"Small Slimes","floor":1,"turns":1},{"damage":0,"enemies":"Jaw Worm","floor":4,"turns":1},{"damage":1,"enemies":"Cultist","floor":5,"turns":1},{"damage":3,"enemies":"Gremlin Nob","floor":7,"turns":2},{"damage":63,"enemies":"3 Sentries","floor":14,"turns":9}],"seed_played":"5783533825785444333","potions_obtained":[{"floor":1,"key":"Milkshake"},{"floor":5,"key":"DuplicationPotion"},{"floor":7,"key":"BottledMiracle"}],"is_trial":false,"path_per_floor":["M","?","?","M","M","R","E","$","T","?","$","?","R","E"],"character_chosen":"WATCHER","items_purchased":[],"campfire_rested":1,"item_purchase_floors":[],"current_hp_per_floor":[72,61,61,61,60,60,57,57,57,57,57,57,72,9,9],"gold":241,"neow_bonus":"THREE_ENEMY_KILL","is_daily":false,"chose_seed":false,"campfire_upgraded":1,"win_rate":0.0,"timestamp":1612024748,"path_taken":["M","?","?","M","?","R","E","$","T","?","?","?","R","E"],"items_purchased_type":[],"build_version":"2020-12-22","purchased_purges":0,"victory":false,"max_hp_per_floor":[72,72,72,72,72,72,72,72,72,72,72,72,72,72,72],"card_choices":[{"not_picked":["TalkToTheHand","Replay:Cycle"],"picked":"JustLucky","floor":1},{"not_picked":["JustLucky","FlyingSleeves"],"picked":"Prostrate","floor":4},{"not_picked":["Replay:Cycle","Replay:BluntJabs","WaveOfTheHand"],"picked":"SKIP","floor":5},{"not_picked":["Replay:BluntJabs","Judgement"],"picked":"Indignation","floor":7}],"player_experience":752448,"relics_obtained":[{"floor":7,"key":"Mirror"},{"floor":9,"key":"Frozen Egg 2"}],"event_choices":[{"damage_healed":0,"gold_gain":75,"player_choice":"Gather Gold","damage_taken":11,"max_hp_gain":0,"max_hp_loss":0,"event_name":"World of Goop","floor":2,"gold_loss":0},{"damage_healed":0,"gold_gain":0,"player_choice":"Rummage","damage_taken":0,"relics_obtained":["WarpedTongs"],"max_hp_gain":0,"max_hp_loss":0,"event_name":"Accursed Blacksmith","floor":3,"gold_loss":0,"cards_obtained":["Pain"]},{"damage_healed":0,"gold_gain":0,"player_choice":"Grow","damage_taken":0,"max_hp_gain":0,"max_hp_loss":0,"event_name":"Living Wall","floor":12,"gold_loss":0,"cards_upgraded":["Eruption"]}],"is_beta":false,"boss_relics":[],"items_purged_floors":[],"is_endless":false,"potions_floor_spawned":[1,5,7],"killed_by":"3 Sentries","ascension_level":0}}