{"host":"gquo1rsrdiuo0hhv","time":1612025732,"event":{"mods":["Act Like it!","BaseMod","Colored Powertips","Minty Spire (QoL Compilation)","Quick Restart","StSLib"],"gold_per_floor":[118,118,138,138,149,149,181,356,356,356,326,345,345,116,116,211,211,151,168,168,168,168,168],"floor_reached":22,"language":"ENG","playtime":1019,"items_purged":["Regret"],"score":189,"play_id":"29f67907-7dc0-4f0d-b2f7-5e28a1bedffb","local_time":"20210130235532","is_ascension_mode":true,"campfire_choices":[{"data":"Bash","floor":6.0,"key":"SMITH"},{"floor":10.0,"key":"REST"},{"floor":13.0,"key":"REST"},{"floor":15.0,"key":"RECALL"}],"circlet_count":0,"master_deck":["Strike_R","Strike_R","Strike_R","Defend_R","Defend_R","Defend_R","Defend_R","Bash+1","Exhume","Feel No Pain","Sentinel","Rage","Flex","Armaments","Thunderclap","Demon Form","Berserk","Havoc","Limit Break","True Grit+1"],"relics":["Burning Blood","Ornamental Fan","Charon\u0027s Ashes","Bag of Preparation","Orrery","Empty Cage","Toxic Egg 2"],"acts_visited":["Exordium","TheCity"],"potions_floor_usage":[],"damage_taken":[{"damage":7.0,"enemies":"Cultist","floor":1.0,"turns":5.0},{"damage":17.0,"enemies":"Jaw Worm","floor":3.0,"turns":5.0},{"damage":6.0,"enemies":"Small Slimes","floor":5.0,"turns":3.0},{"damage":56.0,"enemies":"Lagavulin","floor":7.0,"turns":8.0},{"damage":7.0,"enemies":"Looter","floor":11.0,"turns":4.0},{"damage":19.0,"enemies":"Blue Slaver","floor":12.0,"turns":4.0},{"damage":29.0,"enemies":"Slime Boss","floor":16.0,"turns":11.0},{"damage":25.0,"enemies":"2 Thieves","floor":18.0,"turns":4.0},{"damage":30.0,"enemies":"3 Byrds","floor":19.0,"turns":8.0},{"damage":36,"enemies":"3 Cultists","floor":22,"turns":5}],"seed_played":"-5413736098490725398","potions_obtained":[{"floor":3.0,"key":"BlessingOfTheForge"},{"floor":5.0,"key":"LiquidBronze"},{"floor":16.0,"key":"ElixirPotion"}],"is_trial":false,"path_per_floor":["M","?","M","?","M","R","E","?","T","R","M","M","R","$","R","B",null,"M","M","?","?","M"],"character_chosen":"IRONCLAD","items_purchased":["Orrery"],"campfire_rested":2,"item_purchase_floors":[14],"current_hp_per_floor":[79,79,68,68,68,68,18,18,18,42,41,28,52,52,52,29,80,61,37,37,37,1,1],"gold":168,"neow_bonus":"ONE_RANDOM_RARE_CARD","is_daily":false,"chose_seed":false,"campfire_upgraded":1,"win_rate":0.0,"timestamp":1612025732,"path_taken":["M","?","M","?","M","R","E","?","T","R","M","M","R","$","R","BOSS","M","M","?","?","M"],"items_purchased_type":["Relic"],"build_version":"2020-12-22","purchased_purges":1,"victory":false,"max_hp_per_floor":[80,80,80,80,80,80,80,80,80,80,80,80,80,80,80,80,80,80,80,80,80,80,80],"card_choices":[{"not_picked":["Iron Wave","Uppercut"],"picked":"Feel No Pain","floor":1.0},{"not_picked":["Clothesline","Wild Strike","Pommel Strike"],"picked":"SKIP","floor":3.0},{"not_picked":["Sword Boomerang","Body Slam","Wild Strike"],"picked":"SKIP","floor":5.0},{"not_picked":["Whirlwind","Combust"],"picked":"Rage","floor":7.0},{"not_picked":["Headbutt","Carnage"],"picked":"Flex","floor":11.0},{"not_picked":["Ghostly Armor","Metallicize"],"picked":"Armaments","floor":12.0},{"not_picked":["Rage","Sever Soul"],"picked":"Thunderclap","floor":14.0},{"not_picked":["Clothesline","Perfected Strike"],"picked":"Demon Form","floor":14.0},{"not_picked":["Body Slam","Flex"],"picked":"Berserk","floor":14.0},{"not_picked":["Sword Boomerang","Headbutt"],"picked":"Havoc","floor":14.0},{"not_picked":["Demon Form","Double Tap"],"picked":"Limit Break","floor":16.0},{"not_picked":["Searing Blow","Havoc+1","Perfected Strike"],"picked":"SKIP","floor":18.0},{"not_picked":["Havoc","Twin Strike+1","Clothesline"],"picked":"SKIP","floor":19.0}],"player_experience":409365,"relics_obtained":[{"floor":7.0,"key":"Charon\u0027s Ashes"},{"floor":9.0,"key":"Bag of Preparation"}],"event_choices":[{"damage_healed":0.0,"max_hp_gain":0.0,"max_hp_loss":0.0,"gold_gain":0.0,"event_name":"Big Fish","player_choice":"Box","floor":2.0,"gold_loss":0.0,"damage_taken":0.0,"relics_obtained":["Ornamental Fan"],"cards_obtained":["Regret"]},{"damage_healed":0.0,"max_hp_gain":0.0,"max_hp_loss":0.0,"gold_gain":0.0,"cards_transformed":["Strike_R"],"event_name":"Living Wall","player_choice":"Change","floor":4.0,"gold_loss":0.0,"damage_taken":0.0,"cards_obtained":["Sentinel"]},{"damage_healed":0.0,"max_hp_gain":0.0,"max_hp_loss":0.0,"gold_gain":175.0,"event_name":"Liars Game","player_choice":"AGREE","floor":8.0,"gold_loss":0.0,"damage_taken":0.0,"cards_obtained":["Doubt"]},{"damage_healed":0.0,"max_hp_gain":0.0,"max_hp_loss":0.0,"gold_gain":0.0,"event_name":"The Mausoleum","player_choice":"Opened","floor":20.0,"gold_loss":0.0,"damage_taken":0.0,"relics_obtained":["Toxic Egg 2"]},{"damage_healed":0.0,"max_hp_gain":0.0,"max_hp_loss":0.0,"gold_gain":0.0,"event_name":"The Library","player_choice":"Read","floor":21.0,"gold_loss":0.0,"damage_taken":0.0,"cards_obtained":["True Grit"]}],"is_beta":false,"boss_relics":[{"not_picked":["Coffee Dripper","Black Star"],"picked":"Empty Cage"}],"items_purged_floors":[14],"is_endless":false,"potions_floor_spawned":[3,5,16],"killed_by":"3 Cultists","ascension_level":1}}