{"host":"7tqog9fnhs0gxmti","time":1612007079,"event":{"mods":["AchievementEnabler","Act Like it!","Astrologer","BaseMod","Beaked The Cultist","CapriCore","Colored Map","Colored Powertips","Downfall","Hermit","Highlight Path","Koishi","Marisa????????","Minty Spire (QoL Compilation)","Quick Restart","Random Character Button","Rare Cards Sparkle","Robot Space Explorer","Somnambulant","StSLib","The Bug Knight","The Construct","The Cursed","The Disciple","The Gatherer","The Hayseed","The Marked","Wandering Minibosses","everything is the same but u backflip on backflip"],"gold_per_floor":[215,88,107,107,33,33,51,66,66,66,100,100,130,96,96,197,197,211,211,126,26,36,67,90,90,90,90,90,124,289,110,110,215,215,234,234,245,256,256,256],"floor_reached":39,"language":"ENG","playtime":2392,"items_purged":["construct:AttackMode","construct:SuppressiveFire","construct:Tumble"],"score":448,"play_id":"645e1cf1-28b1-41d1-856c-81f9579f4d27","local_time":"20210130194439","is_ascension_mode":true,"campfire_choices":[{"data":"construct:ReactiveShield","floor":6,"key":"SMITH"},{"data":"construct:ReactiveShield+1","floor":15,"key":"SMITH"},{"data":"construct:Autoturret","floor":25,"key":"SMITH"},{"data":"construct:Autoturret","floor":32,"key":"SMITH"}],"circlet_count":0,"master_deck":["construct:Strike_Gold","construct:Strike_Gold","construct:Strike_Gold","construct:Strike_Gold","construct:Strike_Gold","construct:Defend_Gold","construct:Defend_Gold","construct:Defend_Gold","construct:Defend_Gold","construct:DefenseMode","construct:Autoturret+2","construct:ReactiveShield+2","construct:Reinforce","construct:GuardCore","construct:Failsafe","construct:Forcefield","construct:Autoturret+1","construct:PanicFire","construct:FlameCore"],"relics":["construct:ClockworkPhoenix","Ornamental Fan","Torii","Akabeko","Kunai","Bottled Tornado","Black Star","MutagenicStrength","Meat on the Bone","Molten Egg 2","Mango","Dream Catcher","Sundial","Shuriken","construct:FoamFinger","SlaversCollar"],"acts_visited":["Exordium","TheCity","TheBeyond"],"potions_floor_usage":[16,16,22,22,23,33,35],"damage_taken":[{"damage":13,"enemies":"Cultist","floor":1,"turns":5},{"damage":0,"enemies":"2 Louse","floor":3,"turns":6},{"damage":10,"enemies":"Small Slimes","floor":7,"turns":5},{"damage":11,"enemies":"Exordium Wildlife","floor":8,"turns":5},{"damage":18,"enemies":"3 Sentries","floor":11,"turns":10},{"damage":1,"enemies":"Lagavulin","floor":13,"turns":8},{"damage":2,"enemies":"Exordium Thugs","floor":14,"turns":5},{"damage":15,"enemies":"Slime Boss","floor":16,"turns":13},{"damage":2,"enemies":"Chosen","floor":18,"turns":5},{"damage":11,"enemies":"2 Thieves","floor":22,"turns":4},{"damage":35,"enemies":"Slavers","floor":23,"turns":8},{"damage":25,"enemies":"Gremlin Leader","floor":29,"turns":7},{"damage":0,"enemies":"Sentry and Sphere","floor":30,"turns":7},{"damage":16,"enemies":"Champ","floor":33,"turns":9},{"damage":22,"enemies":"3 Darklings","floor":35,"turns":10},{"damage":24,"enemies":"3 Shapes","floor":37,"turns":5},{"damage":10,"enemies":"Maw","floor":38,"turns":7},{"damage":56,"enemies":"Sphere and 2 Shapes","floor":39,"turns":3}],"seed_played":"6785811640532477066","potions_obtained":[{"floor":7,"key":"SmokeBomb"},{"floor":11,"key":"Ancient Potion"},{"floor":13,"key":"DistilledChaos"},{"floor":16,"key":"EssenceOfSteel"},{"floor":18,"key":"ColorlessPotion"},{"floor":22,"key":"BlessingOfTheForge"},{"floor":29,"key":"Energy Potion"},{"floor":33,"key":"EssenceOfSteel"}],"is_trial":false,"path_per_floor":["M","$","M","?","$","R","M","M","T","?","E","T","E","M","R","B",null,"M","?","?","$","M","E","T","R","T","?","?","E","M","$","R","B",null,"M","$","M","M","M"],"character_chosen":"THE_CONSTRUCT_MOD","items_purchased":["construct:Autoturret","construct:ReactiveShield","construct:Autoturret"],"campfire_rested":0,"item_purchase_floors":[2,5,31],"current_hp_per_floor":[72,72,72,72,72,72,62,51,51,48,30,30,29,27,27,12,85,83,83,83,83,72,63,63,63,63,63,63,50,50,50,50,46,99,77,77,53,55,0,0],"gold":256,"neow_bonus":"HUNDRED_GOLD","is_daily":false,"chose_seed":false,"campfire_upgraded":4,"win_rate":0.0,"timestamp":1612007079,"path_taken":["M","$","?","?","?","R","?","M","T","?","E","?","E","M","R","BOSS","M","?","?","?","?","E","?","R","T","?","?","E","M","$","R","BOSS","M","$","?","M","M"],"items_purchased_type":["Card","Card","Card"],"build_version":"2020-12-22","purchased_purges":3,"victory":false,"max_hp_per_floor":[85,85,85,85,85,85,85,85,85,85,85,85,85,85,85,85,85,85,85,85,85,85,99,99,99,99,99,99,99,99,99,99,99,99,99,99,99,99,99,99],"card_choices":[{"not_picked":["construct:Versatility","construct:ClusterMines","construct:Antimatter"],"picked":"SKIP","floor":1},{"not_picked":["construct:SaveState","construct:Reserves"],"picked":"construct:SuppressiveFire","floor":3},{"not_picked":["construct:ScopeCore","construct:Boost"],"picked":"construct:Reinforce","floor":7},{"not_picked":["construct:OmegaCannon","construct:ScrapCannon"],"picked":"construct:GuardCore","floor":8},{"not_picked":["construct:HardReboot","construct:SuppressiveFire","construct:SweepLaser"],"picked":"SKIP","floor":11},{"not_picked":["construct:UnbalancingBlast","construct:ClockworkEgg","construct:Analyze"],"picked":"SKIP","floor":13},{"not_picked":["construct:HeavyBolt","construct:Isolate","construct:Accumulate"],"picked":"SKIP","floor":14},{"not_picked":["construct:SaveState","construct:Anticipate","construct:Backfire"],"picked":"SKIP","floor":18},{"not_picked":["construct:SaveState+1","construct:FocusedBeam+1"],"picked":"construct:Tumble","floor":22},{"not_picked":["construct:Impenetrable","construct:CriticalHit+1"],"picked":"construct:Failsafe","floor":23},{"not_picked":["construct:SweepLaser+1","construct:Reinforce"],"picked":"construct:Forcefield","floor":29},{"not_picked":["construct:Overcharge+1","construct:ShiftStrike+1","construct:Backfire+1"],"picked":"SKIP","floor":30},{"not_picked":["construct:Bunker","construct:Reserves"],"picked":"construct:PanicFire","floor":33},{"not_picked":["construct:SyphonStrike+1","construct:FocusedBeam+1","construct:Backfire+1"],"picked":"SKIP","floor":35},{"not_picked":["construct:ScrapCannon+1","construct:ElectricArmor+1"],"picked":"construct:FlameCore","floor":37},{"not_picked":["construct:Anticipate+1","construct:OneWayMirror","construct:HammerDown+1"],"picked":"SKIP","floor":38}],"player_experience":918403,"relics_obtained":[{"floor":9,"key":"Ornamental Fan"},{"floor":11,"key":"Akabeko"},{"floor":12,"key":"Kunai"},{"floor":13,"key":"Bottled Tornado"},{"floor":23,"key":"Molten Egg 2"},{"floor":23,"key":"Mango"},{"floor":24,"key":"Dream Catcher"},{"floor":26,"key":"Sundial"},{"floor":29,"key":"Shuriken"},{"floor":29,"key":"construct:FoamFinger"}],"event_choices":[{"cards_removed":["construct:Defend_Gold"],"damage_healed":0,"gold_gain":0,"player_choice":"Purged","damage_taken":0,"max_hp_gain":0,"max_hp_loss":0,"event_name":"Purifier","floor":4,"gold_loss":0},{"damage_healed":0,"gold_gain":0,"player_choice":"Success","damage_taken":3,"relics_obtained":["Torii"],"max_hp_gain":0,"max_hp_loss":0,"event_name":"Scrap Ooze","floor":10,"gold_loss":0},{"damage_healed":0,"gold_gain":0,"player_choice":"Inject Mutagens","damage_taken":0,"relics_obtained":["MutagenicStrength"],"max_hp_gain":0,"max_hp_loss":0,"event_name":"Drug Dealer","floor":19,"gold_loss":0},{"damage_healed":0,"gold_gain":0,"player_choice":"Obtained Relic","damage_taken":0,"relics_obtained":["Meat on the Bone"],"max_hp_gain":0,"max_hp_loss":0,"event_name":"Addict","floor":20,"gold_loss":85},{"damage_healed":0,"gold_gain":0,"player_choice":"Forge","damage_taken":0,"max_hp_gain":0,"max_hp_loss":0,"event_name":"Accursed Blacksmith","floor":28,"gold_loss":0,"cards_upgraded":["construct:Autoturret"]}],"is_beta":false,"boss_relics":[{"not_picked":["Astrolabe","Busted Crown"],"picked":"Black Star"},{"not_picked":["Snecko Eye","Tiny House"],"picked":"SlaversCollar"}],"items_purged_floors":[2,21,31],"is_endless":false,"potions_floor_spawned":[7,11,13,16,18,22,29,33],"killed_by":"Sphere and 2 Shapes","ascension_level":1}}