{"host":"wjcpoqa0e6xb69oe","time":1612027008,"event":{"mods":["Act Like it!","BaseMod","Decade(王小明)","Downfall","HololiveMod","KinomotoSakuraMod(木之本樱)","Koishi","Lobotomy","Minty Spire (QoL Compilation)","StSLib","The Administrix","WarShipGirlsR/战舰少女R mod","Yuyuko"],"gold_per_floor":[113,113,128,128,147,147,181,181,181,181,181],"floor_reached":10,"language":"ZHS","playtime":448,"items_purged":[],"score":66,"play_id":"129297a5-e628-4d6c-9f0d-a979348446c8","local_time":"20210131011648","is_ascension_mode":false,"campfire_choices":[{"data":"Koishi:RacingHeart","floor":6,"key":"SMITH"},{"data":"Koishi:DanmakuParanoia","floor":8,"key":"SMITH"}],"circlet_count":0,"master_deck":["Koishi:BasicStrike","Koishi:BasicStrike","Koishi:BasicStrike","Koishi:BasicStrike","Koishi:BasicDefend","Koishi:BasicDefend","Koishi:BasicDefend","Koishi:BasicDefend+1","Koishi:Provoke","Koishi:HauntingSlash+1","Koishi:SpiritedAway+1","Koishi:RacingHeart+1","Hololive_LuckPotion","Koishi:DanmakuParanoia+1"],"relics":["Koishi:ImaginaryFriend","NeowsBlessing","InkBottle","Bottled Lightning"],"acts_visited":["Exordium"],"potions_floor_usage":[10],"damage_taken":[{"damage":0,"enemies":"Jaw Worm","floor":1,"turns":1},{"damage":0,"enemies":"Cultist","floor":3,"turns":1},{"damage":0,"enemies":"2 Louse","floor":5,"turns":1},{"damage":30,"enemies":"Lagavulin","floor":7,"turns":7},{"damage":17,"enemies":"3 Sentries","floor":10,"turns":5}],"seed_played":"-6598852947043860157","potions_obtained":[{"floor":7,"key":"PowerPotion"}],"is_trial":false,"path_per_floor":["M","?","M","?","M","R","E","R","T","E"],"character_chosen":"KOISHI","items_purchased":[],"campfire_rested":0,"item_purchase_floors":[],"current_hp_per_floor":[60,60,60,48,48,48,31,31,31,16,16],"gold":181,"neow_bonus":"THREE_ENEMY_KILL","is_daily":false,"chose_seed":false,"campfire_upgraded":2,"win_rate":0.0,"timestamp":1612027008,"path_taken":["M","?","?","?","M","R","E","R","T","E"],"items_purchased_type":[],"build_version":"2020-12-22","purchased_purges":0,"victory":false,"max_hp_per_floor":[60,60,60,60,60,60,60,60,60,60,60],"card_choices":[{"not_picked":["Koishi:UnansweredLove","Hololive_Trident"],"picked":"Koishi:SpiritedAway","floor":1},{"not_picked":["Koishi:EmbryosDream","Hololive_Breathe"],"picked":"Koishi:RacingHeart","floor":3},{"not_picked":["Hololive_CallCivia","Hololive_CallNakiriAyame"],"picked":"Hololive_LuckPotion","floor":5},{"not_picked":["Koishi:Jaunt","Koishi:StingingMind"],"picked":"Koishi:DanmakuParanoia","floor":7}],"player_experience":171997,"relics_obtained":[{"floor":7,"key":"InkBottle"},{"floor":9,"key":"Bottled Lightning"}],"event_choices":[{"damage_healed":0,"gold_gain":0,"player_choice":"Upgraded","damage_taken":0,"max_hp_gain":0,"max_hp_loss":0,"event_name":"Upgrade Shrine","floor":2,"gold_loss":0,"cards_upgraded":["Koishi:HauntingSlash"]},{"damage_healed":0,"gold_gain":0,"player_choice":"Entered Light","damage_taken":12,"max_hp_gain":0,"max_hp_loss":0,"event_name":"Shining Light","floor":4,"gold_loss":0,"cards_upgraded":["Koishi:BasicDefend","Koishi:SpiritedAway"]}],"is_beta":false,"boss_relics":[],"items_purged_floors":[],"is_endless":false,"potions_floor_spawned":[7],"killed_by":"3 Sentries","ascension_level":0}}