{"host":"kh6fvhxn285ncg0o","time":1612015346,"event":{"mods":["Act Like it!","BaseMod","Colored Map","Friendly Minions","Keyboard Shortcuts","Minty Spire (QoL Compilation)","Quick Restart","Relic Stats","StSLib","SuperFastMode","UnlockEverythingMod"],"gold_per_floor":[118,133,133,58,77,77,110,110,110,144,160,62,62,79,79,79,79],"floor_reached":16,"language":"KOR","playtime":367,"items_purged":[],"score":220,"play_id":"087ee4f4-25b3-47fd-804e-9b987e4af2f1","local_time":"20210130230226","is_ascension_mode":true,"campfire_choices":[{"data":"Fire Breathing","floor":6,"key":"SMITH"},{"floor":8,"key":"REST"},{"floor":15,"key":"REST"}],"circlet_count":0,"master_deck":["AscendersBane","Strike_R","Strike_R","Strike_R","Strike_R","Defend_R","Defend_R","Defend_R","Defend_R","Bash","CurseOfTheBell","Fire Breathing+1","Burning Pact","Flash of Steel","Armaments"],"relics":["Calling Bell","Vajra","Sundial","StoneCalendar","Bag of Marbles","Art of War","Question Card","Singing Bowl"],"acts_visited":["Exordium"],"potions_floor_usage":[11,14,16],"damage_taken":[{"damage":4,"enemies":"Jaw Worm","floor":1,"turns":6},{"damage":3,"enemies":"2 Louse","floor":2,"turns":4},{"damage":1,"enemies":"Cultist","floor":5,"turns":3},{"damage":15,"enemies":"3 Sentries","floor":7,"turns":5},{"damage":31,"enemies":"Gremlin Nob","floor":10,"turns":4},{"damage":4,"enemies":"3 Louse","floor":11,"turns":5},{"damage":15,"enemies":"Gremlin Gang","floor":14,"turns":5},{"damage":24,"enemies":"The Guardian","floor":16,"turns":5}],"seed_played":"2248984742978314736","potions_obtained":[{"floor":1,"key":"Explosive Potion"},{"floor":10,"key":"Dexterity Potion"},{"floor":11,"key":"Dexterity Potion"}],"is_trial":false,"path_per_floor":["M","M","?","?","M","R","E","R","T","E","M","$","?","M","R","B"],"character_chosen":"IRONCLAD","items_purchased":["Flash of Steel"],"campfire_rested":2,"item_purchase_floors":[12],"current_hp_per_floor":[64,61,43,43,42,42,27,49,49,20,16,16,16,1,24,0,0],"gold":79,"neow_bonus":"BOSS_RELIC","is_daily":false,"chose_seed":false,"campfire_upgraded":1,"win_rate":0.0,"timestamp":1612015346,"path_taken":["M","M","?","?","?","R","E","R","T","E","M","$","?","M","R","BOSS"],"items_purchased_type":["Card"],"build_version":"2020-12-22","purchased_purges":0,"victory":false,"max_hp_per_floor":[75,75,75,75,75,75,75,75,75,77,77,77,77,77,77,77,77],"relic_stats":{"Singing Bowl":2,"counters":[8,37],"Sundial":[8],"StoneCalendar":[0],"Art of War":[5],"Question Card":3,"obtain_stats":[{"Calling Bell":0,"Singing Bowl":10,"Sundial":0,"Vajra":0,"StoneCalendar":0,"Bag of Marbles":3,"Art of War":7,"Question Card":9,"Burning Blood":0},{"Calling Bell":0,"Singing Bowl":5,"Sundial":0,"Vajra":0,"StoneCalendar":0,"Bag of Marbles":2,"Art of War":4,"Question Card":4,"Burning Blood":0},{"Calling Bell":0,"Singing Bowl":22,"Sundial":0,"Vajra":0,"StoneCalendar":0,"Bag of Marbles":10,"Art of War":18,"Question Card":18,"Burning Blood":0}]},"card_choices":[{"not_picked":["Rampage","Clothesline"],"picked":"Fire Breathing","floor":1},{"not_picked":["Hemokinesis","Twin Strike","Rampage"],"picked":"SKIP","floor":5},{"not_picked":["Rupture","Body Slam","Pommel Strike"],"picked":"SKIP","floor":7},{"not_picked":["Blood for Blood","Offering","Body Slam","Double Tap"],"picked":"Singing Bowl","floor":10},{"not_picked":["Iron Wave","Hemokinesis","Warcry"],"picked":"Burning Pact","floor":11},{"not_picked":["Intimidate","Havoc","Metallicize"],"picked":"Armaments","floor":14}],"player_experience":1297806,"relics_obtained":[{"floor":0,"key":"Vajra"},{"floor":0,"key":"Sundial"},{"floor":0,"key":"StoneCalendar"},{"floor":7,"key":"Art of War"},{"floor":9,"key":"Question Card"},{"floor":10,"key":"Singing Bowl"}],"event_choices":[{"damage_healed":0,"gold_gain":0,"player_choice":"Success","damage_taken":18,"relics_obtained":["Bag of Marbles"],"max_hp_gain":0,"max_hp_loss":0,"event_name":"Scrap Ooze","floor":3,"gold_loss":0},{"cards_removed":["Strike_R"],"damage_healed":0,"gold_gain":0,"player_choice":"Card Removal","damage_taken":0,"max_hp_gain":0,"max_hp_loss":0,"event_name":"The Cleric","floor":4,"gold_loss":75},{"damage_healed":0,"gold_gain":0,"player_choice":"Searched \u00271\u0027 times","damage_taken":0,"max_hp_gain":0,"max_hp_loss":0,"event_name":"Dead Adventurer","floor":13,"gold_loss":0}],"is_beta":false,"boss_relics":[],"items_purged_floors":[],"is_endless":false,"potions_floor_spawned":[1,10,11],"killed_by":"The Guardian","ascension_level":20}}