{"host":"f0gpob8hq9vgebej","time":1612025117,"event":{"mods":["AchievementEnabler","BaseMod","Minty Spire (QoL Compilation)","Quick Restart","SuperFastMode"],"gold_per_floor":[114,114,114,130,55,81,13,13,13,29,49,49,64,94,94,196,196,211,222,142,159,258,258,258,61,111,111,123,123,135,148,148,245,245,262,142,142,161,161,161],"floor_reached":39,"language":"KOR","playtime":815,"items_purged":["Strike_B","Strike_B","Defend_B","Defend_B"],"score":645,"play_id":"7ed57896-0c04-47a4-918c-2bcd0a3b7295","local_time":"20210131014517","is_ascension_mode":true,"campfire_choices":[{"data":"Consume","floor":8.0,"key":"SMITH"},{"data":"Capacitor","floor":12.0,"key":"SMITH"},{"data":"Zap","floor":15.0,"key":"SMITH"},{"data":"Echo Form","floor":23.0,"key":"SMITH"},{"floor":27.0,"key":"REST"},{"floor":32.0,"key":"REST"}],"circlet_count":0,"master_deck":["AscendersBane","Defend_B","Defend_B","Zap+1","Dualcast","Capacitor+1","Ball Lightning","Rainbow","Consume+1","White Noise","Tempest","White Noise","Echo Form+1","Coolheaded","Turbo","Force Field","Storm+1","Conserve Battery","Hologram","Barrage","Glacier","Core Surge","Secret Weapon"],"relics":["FrozenCore","NeowsBlessing","Meat on the Bone","Gremlin Horn","The Courier","Regal Pillow","Empty Cage","Pen Nib"],"acts_visited":["Exordium","TheCity","TheBeyond"],"potions_floor_usage":[39,39],"damage_taken":[{"damage":0.0,"enemies":"Jaw Worm","floor":1.0,"turns":1.0},{"damage":0.0,"enemies":"Small Slimes","floor":4.0,"turns":1.0},{"damage":0.0,"enemies":"3 Sentries","floor":6.0,"turns":1.0},{"damage":0.0,"enemies":"2 Louse","floor":10.0,"turns":3.0},{"damage":30.0,"enemies":"Exordium Thugs","floor":11.0,"turns":5.0},{"damage":6.0,"enemies":"Red Slaver","floor":13.0,"turns":4.0},{"damage":13.0,"enemies":"Gremlin Nob","floor":14.0,"turns":3.0},{"damage":21.0,"enemies":"Hexaghost","floor":16.0,"turns":6.0},{"damage":30.0,"enemies":"Spheric Guardian","floor":18.0,"turns":4.0},{"damage":34.0,"enemies":"3 Byrds","floor":19.0,"turns":3.0},{"damage":12.0,"enemies":"Snecko","floor":21.0,"turns":6.0},{"damage":25.0,"enemies":"Snake Plant","floor":28.0,"turns":4.0},{"damage":24.0,"enemies":"Centurion and Healer","floor":30.0,"turns":6.0},{"damage":19.0,"enemies":"Cultist and Chosen","floor":31.0,"turns":4.0},{"damage":35.0,"enemies":"Collector","floor":33.0,"turns":5.0},{"damage":45.0,"enemies":"3 Darklings","floor":35.0,"turns":7.0},{"damage":19.0,"enemies":"Orb Walker","floor":38.0,"turns":4.0},{"damage":33,"enemies":"Transient","floor":39,"turns":4}],"seed_played":"-7756406548192786719","potions_obtained":[{"floor":1.0,"key":"AttackPotion"},{"floor":6.0,"key":"SkillPotion"},{"floor":13.0,"key":"LiquidMemories"},{"floor":14.0,"key":"Ancient Potion"},{"floor":19.0,"key":"Strength Potion"},{"floor":30.0,"key":"PowerPotion"},{"floor":35.0,"key":"EssenceOfSteel"},{"floor":38.0,"key":"Energy Potion"}],"is_trial":false,"path_per_floor":["M","?","?","M","$","E","$","R","T","M","M","R","M","E","R","B",null,"M","M","$","M","?","R","?","$","T","R","M","?","M","M","R","B",null,"M","$","?","M","M"],"character_chosen":"DEFECT","items_purchased":["Consume","Storm","Conserve Battery"],"campfire_rested":2,"item_purchase_floors":[7,25,25],"current_hp_per_floor":[68,50,55,55,55,55,55,55,55,55,37,37,43,42,42,33,68,50,28,28,28,28,28,28,28,28,67,42,42,30,23,62,39,70,37,37,37,30,0,0],"gold":161,"neow_bonus":"THREE_ENEMY_KILL","is_daily":false,"chose_seed":false,"campfire_upgraded":4,"win_rate":0.0,"timestamp":1612025117,"path_taken":["M","?","?","M","?","E","$","R","T","M","M","R","M","E","R","BOSS","M","M","$","M","?","R","?","$","T","R","M","?","?","M","R","BOSS","M","$","?","M","M"],"items_purchased_type":["Card","Card","Card"],"build_version":"2020-12-22","purchased_purges":4,"victory":false,"max_hp_per_floor":[75,75,80,80,80,80,80,80,80,80,80,80,80,80,80,80,80,80,80,80,80,80,80,80,80,80,80,80,80,80,80,80,80,80,80,80,80,80,80,80],"card_choices":[{"not_picked":["Stack","Gash"],"picked":"Capacitor","floor":1.0},{"not_picked":["Compile Driver","Melter"],"picked":"Ball Lightning","floor":4.0},{"not_picked":["Go for the Eyes","Gash"],"picked":"Rainbow","floor":6.0},{"not_picked":["Scrape","Rip and Tear","Redo"],"picked":"SKIP","floor":10.0},{"not_picked":["Rebound","Sweeping Beam"],"picked":"White Noise","floor":11.0},{"not_picked":["Storm","Coolheaded"],"picked":"Tempest","floor":13.0},{"not_picked":["Lockon","Reprogram"],"picked":"White Noise","floor":14.0},{"not_picked":["Buffer","Rainbow"],"picked":"Echo Form","floor":16.0},{"not_picked":["Blizzard","Gash"],"picked":"Coolheaded","floor":18.0},{"not_picked":["Recycle","Skim"],"picked":"Turbo","floor":19.0},{"not_picked":["Barrage","Multi-Cast"],"picked":"Force Field","floor":21.0},{"not_picked":["BootSequence","Beam Cell"],"picked":"Hologram","floor":28.0},{"not_picked":["Lockon","Cold Snap"],"picked":"Barrage","floor":30.0},{"not_picked":["Double Energy","Cold Snap"],"picked":"Glacier","floor":31.0},{"not_picked":["Machine Learning","Rainbow"],"picked":"Core Surge","floor":33.0},{"not_picked":["Cold Snap+1","Melter","Sweeping Beam"],"picked":"SKIP","floor":35.0},{"not_picked":["Blind","Discovery"],"picked":"Secret Weapon","floor":37.0},{"not_picked":["Hologram+1","Chaos+1","Reprogram+1"],"picked":"SKIP","floor":38.0}],"player_experience":302834,"relics_obtained":[{"floor":6.0,"key":"Gremlin Horn"},{"floor":9.0,"key":"The Courier"},{"floor":14.0,"key":"Regal Pillow"},{"floor":26.0,"key":"Pen Nib"}],"event_choices":[{"damage_healed":0.0,"max_hp_gain":0.0,"max_hp_loss":0.0,"gold_gain":0.0,"event_name":"Scrap Ooze","player_choice":"Success","floor":2.0,"gold_loss":0.0,"damage_taken":18.0,"relics_obtained":["Meat on the Bone"]},{"damage_healed":0.0,"max_hp_gain":5.0,"max_hp_loss":0.0,"gold_gain":0.0,"event_name":"Big Fish","player_choice":"Donut","floor":3.0,"gold_loss":0.0,"damage_taken":0.0},{"damage_healed":0.0,"max_hp_gain":0.0,"max_hp_loss":0.0,"gold_gain":99.0,"event_name":"Nest","player_choice":"Stole From Cult","floor":22.0,"gold_loss":0.0,"damage_taken":0.0},{"damage_healed":0.0,"max_hp_gain":0.0,"max_hp_loss":0.0,"gold_gain":0.0,"event_name":"Vampires","player_choice":"Ignored","floor":24.0,"gold_loss":0.0,"damage_taken":0.0},{"damage_healed":0.0,"max_hp_gain":0.0,"max_hp_loss":0.0,"gold_gain":0.0,"event_name":"Upgrade Shrine","player_choice":"Upgraded","floor":29.0,"gold_loss":0.0,"damage_taken":0.0,"cards_upgraded":["Storm"]},{"damage_healed":0.0,"max_hp_gain":0.0,"max_hp_loss":0.0,"gold_gain":0.0,"event_name":"SensoryStone","player_choice":"Memory 1","floor":37.0,"gold_loss":0.0,"damage_taken":0.0}],"is_beta":false,"boss_relics":[{"not_picked":["Ectoplasm","Snecko Eye"],"picked":"Empty Cage"},{"not_picked":["Coffee Dripper","Sozu"],"picked":"FrozenCore"}],"items_purged_floors":[5,20,25,36],"is_endless":false,"potions_floor_spawned":[1,6,13,14,19,30,35,38],"killed_by":"Transient","ascension_level":11}}