{"host":"491vyvchqhlfizue","time":1612011270,"event":{"mods":["AchievementEnabler","BaseMod","BetterRewards","Colored Map","Conspire","Downfall","Infinite Spire","Minty Spire (QoL Compilation)","Reliquary","Replay The Spire","Shop Mod","Spikes Relics","StSLib","The Forsaken","The Runesmith"],"gold_per_floor":[118,118,118,133,148,160,189,189,236,263,280,355,280,55,55,145,145,153,180,219,255,280,334,334,371,371,571,624,645,677,708,658,750,750,774,799,826,826,826,826,866,866,866,902,902,945,945,972,972,984],"floor_reached":51,"language":"ENG","playtime":7489,"items_purged":["theForsaken:TheForsaken_Strike","theForsaken:TheForsaken_Defend","theForsaken:TheForsaken_Strike","theForsaken:TheForsaken_Defend","theForsaken:TheForsaken_Strike","theForsaken:TheForsaken_Strike"],"score":1534,"play_id":"2edb0c95-848d-48d9-9fc6-cd81f5fc2e68","local_time":"20210130075430","is_ascension_mode":true,"campfire_choices":[{"data":"theForsaken:ShieldBash","floor":8.0,"key":"SMITH"},{"data":"theForsaken:DefensiveStance","floor":15.0,"key":"SMITH"},{"data":"theForsaken:Prudence","floor":24.0,"key":"SMITH"},{"data":"theForsaken:DefensiveStance","floor":40.0,"key":"SMITH"},{"data":"infinitespire:Oblivion","floor":49,"key":"SMITH"}],"circlet_count":0,"master_deck":["AscendersBane","theForsaken:Smite","theForsaken:Penitence","theForsaken:QuickAttack","theForsaken:Bolster","theForsaken:DefensiveStance+1","theForsaken:ShieldBash+1","theForsaken:Prudence+1","theForsaken:DarkBargain","theForsaken:Prudence","theForsaken:DefensiveStance+1","theForsaken:DivineGuidance","Shame","infinitespire:Oblivion+1","theForsaken:DefensiveStance"],"relics":["theForsaken:JudgementScales","Membership Card","MerchantsRug","InkBottle","Gambling Chip","reliquary:RoseTintedGlasses","reliquary:WeakTea","reliquary:TridentHead","conspire:GlowingRock","reliquary:BoilingFlask","Counterbalance","theForsaken:PlagueMask","conspire:BottledYoYo","Pen Nib","Happy Flower","Replay:Bandana","reliquary:Knoch","Toolbox","Simple Rune","Blood Vial","CherryCoatedStake","theForsaken:ScaryMask","Empty Cage","OrangePellets","ReplayTheSpireMod:Ring of Exchange","Ring of Hypnosis","ReplayTheSpireMod:TigerMarble","Replay:Wax Seal","reliquary:IridiumChain","WizardHat","reliquary:HotPoker"],"acts_visited":["Exordium","TheCity","TheBeyond"],"potions_floor_usage":[50,50],"damage_taken":[{"damage":0.0,"enemies":"Small Slimes","floor":1.0,"turns":3.0},{"damage":1.0,"enemies":"2 Louse","floor":4.0,"turns":4.0},{"damage":0.0,"enemies":"Cultist","floor":5.0,"turns":4.0},{"damage":11.0,"enemies":"Exordium Wildlife","floor":6.0,"turns":7.0},{"damage":0.0,"enemies":"Lagavulin","floor":7.0,"turns":9.0},{"damage":0.0,"enemies":"Gremlin Nob","floor":10.0,"turns":5.0},{"damage":2.0,"enemies":"Exordium Thugs","floor":11.0,"turns":5.0},{"damage":0.0,"enemies":"The Guardian","floor":16.0,"turns":7.0},{"damage":16.0,"enemies":"2 Thieves","floor":18.0,"turns":4.0},{"damage":0.0,"enemies":"3 Byrds","floor":19.0,"turns":7.0},{"damage":0.0,"enemies":"Sentry and Sphere","floor":20.0,"turns":6.0},{"damage":0.0,"enemies":"Cultist and Chosen","floor":21.0,"turns":6.0},{"damage":20.0,"enemies":"Snake Plant","floor":22.0,"turns":5.0},{"damage":0.0,"enemies":"conspire:Head Lice","floor":23.0,"turns":8.0},{"damage":0.0,"enemies":"Replay:Snechameleon","floor":25.0,"turns":7.0},{"damage":0.0,"enemies":"conspire:Head Lice","floor":28.0,"turns":9.0},{"damage":0.0,"enemies":"conspire:HollyBat","floor":29.0,"turns":7.0},{"damage":0.0,"enemies":"Chosen and Byrds","floor":30.0,"turns":8.0},{"damage":0.0,"enemies":"Shelled Parasite and Fungi","floor":31.0,"turns":7.0},{"damage":16.0,"enemies":"Collector","floor":33.0,"turns":8.0},{"damage":0.0,"enemies":"Orb Walker","floor":35.0,"turns":6.0},{"damage":38.0,"enemies":"3 Shapes","floor":36.0,"turns":11.0},{"damage":0.0,"enemies":"Spire Growth","floor":37.0,"turns":7.0},{"damage":0.0,"enemies":"Nemesis","floor":41.0,"turns":13.0},{"damage":0,"enemies":"R_Hoarder","floor":44,"turns":12},{"damage":0,"enemies":"Reptomancer","floor":46,"turns":8},{"damage":0,"enemies":"Maw","floor":48,"turns":7},{"damage":0,"enemies":"Replay:Hell Engine","floor":50,"turns":12}],"seed_played":"4273382101766774759","potions_obtained":[{"floor":3.0,"key":"EssenceOfSteel"},{"floor":22.0,"key":"SpeedPotion"},{"floor":23.0,"key":"champ:CounterPotion"},{"floor":28.0,"key":"Swift Potion"},{"floor":29.0,"key":"Dexterity Potion"},{"floor":36.0,"key":"theForsaken:FearPotion"}],"is_trial":false,"path_per_floor":["M","?","?","M","M","M","E","R","T","E","M","?","$","$","R","B",null,"M","M","M","M","M","E","R","E","T","?","E","M","M","M","R_BF","B",null,"M","M","M","AVR","?","R","E","?","T","E","T","E","?","M","R","B",null],"character_chosen":"THE_FORSAKEN","items_purchased":["Membership Card","MerchantsRug","InkBottle","reliquary:RoseTintedGlasses","reliquary:WeakTea","theForsaken:QuickAttack","theForsaken:Bolster","reliquary:TridentHead","reliquary:BoilingFlask","theForsaken:DefensiveStance","Swift Potion","Energy Potion","Replay:Bandana","reliquary:Knoch","Venom Potion","Toolbox","theForsaken:DarkBargain"],"campfire_rested":0,"item_purchase_floors":[0,0,0,0,0,0,0,0,0,0,0,0,13,14,14,14,14],"current_hp_per_floor":[61,61,61,63,65,65,65,65,65,65,65,54,54,54,54,65,65,54,61,65,65,50,64,64,65,65,65,65,65,65,65,65,65,65,65,65,65,65,65,65,65,49,49,54,54,65,65,65,65,65],"gold":984,"neow_bonus":"","is_daily":false,"chose_seed":false,"campfire_upgraded":5,"win_rate":0.0,"timestamp":1612011270,"path_taken":["M","?","?","M","M","?","E","R","T","E","M","?","?","$","R","BOSS","M","M","M","M","M","E","R","E","T","?","E","?","M","M","R_BF","BOSS","M","?","M","AVR","?","R","E","?","T","E","?","E","?","M","R","BOSS"],"items_purchased_type":["Relic","Relic","Relic","Relic","Relic","Card","Card","Relic","Relic","Card","Potion","Potion","Relic","Relic","Potion","Relic","Card"],"build_version":"2020-12-22","purchased_purges":6,"victory":true,"max_hp_per_floor":[65,65,65,65,65,65,65,65,65,65,65,65,65,65,65,65,65,65,65,65,65,65,65,65,65,65,65,65,65,65,65,65,65,65,65,65,65,65,65,65,65,65,65,65,65,65,65,65,65,65],"card_choices":[{"not_picked":["theForsaken:HealingLight","theForsaken:CreepingInfection","theForsaken:PowerUp"],"picked":"SKIP","floor":1.0},{"not_picked":["theForsaken:Parry","theForsaken:BindingThorns","theForsaken:ScorchingSunlight"],"picked":"SKIP","floor":4.0},{"not_picked":["theForsaken:Parry","theForsaken:PowerUp"],"picked":"theForsaken:ShieldBash","floor":5.0},{"not_picked":["theForsaken:CreepingInfection","theForsaken:CowardsBrand","theForsaken:PowerUp"],"picked":"SKIP","floor":6.0},{"not_picked":["theForsaken:ShieldCharge","theForsaken:SolarFlare","theForsaken:Terrorize"],"picked":"SKIP","floor":7.0},{"not_picked":["theForsaken:ShieldBash","theForsaken:TearsOfSunlight"],"picked":"theForsaken:Prudence","floor":10.0},{"not_picked":["theForsaken:ShieldBash","theForsaken:Parry","theForsaken:QuickAttack"],"picked":"SKIP","floor":11.0},{"not_picked":["theForsaken:RainingSunlight","theForsaken:WordOfPower","theForsaken:Backlash"],"picked":"SKIP","floor":18.0},{"not_picked":["theForsaken:DarkBargain","theForsaken:ScorchingSunlight","theForsaken:BlindFaith"],"picked":"SKIP","floor":19.0},{"not_picked":["theForsaken:Parry","theForsaken:ChargeAttack","theForsaken:StoreUp+1"],"picked":"SKIP","floor":20.0},{"not_picked":["theForsaken:LightRoll","theForsaken:ChargeAttack","theForsaken:SolarFlare"],"picked":"SKIP","floor":21.0},{"not_picked":["theForsaken:HymnOfPatience","theForsaken:FuryStrikes"],"picked":"theForsaken:Prudence","floor":22.0},{"not_picked":["theForsaken:NobleSacrifice","theForsaken:HymnOfPatience","theForsaken:Enfeeble"],"picked":"SKIP","floor":23.0},{"not_picked":["theForsaken:Thunderbolt","theForsaken:FuryStrikes","theForsaken:PanicDive"],"picked":"SKIP","floor":25.0},{"not_picked":["theForsaken:Thunderbolt","theForsaken:FuryStrikes","theForsaken:PanicDive"],"picked":"SKIP","floor":25.0},{"not_picked":["theForsaken:Retribution","theForsaken:CleansingLight","theForsaken:NobleSacrifice"],"picked":"SKIP","floor":28.0},{"not_picked":["theForsaken:Backlash+1","theForsaken:HymnOfRest","theForsaken:CreepingInfection"],"picked":"SKIP","floor":29.0},{"not_picked":["theForsaken:ScorchingSunlight","theForsaken:Bolster","theForsaken:NobleSacrifice"],"picked":"SKIP","floor":30.0},{"not_picked":["theForsaken:SolarFlare","theForsaken:Thunderbolt"],"picked":"theForsaken:DefensiveStance","floor":31.0},{"not_picked":["theForsaken:Horror","theForsaken:Prudence"],"picked":"theForsaken:DivineGuidance","floor":33.0},{"not_picked":["theForsaken:NobleSacrifice","theForsaken:LightRoll","theForsaken:HymnOfPatience+1"],"picked":"SKIP","floor":35.0},{"not_picked":["theForsaken:StoreUp","theForsaken:Backlash+1","theForsaken:Terrorize+1"],"picked":"SKIP","floor":36.0},{"not_picked":["theForsaken:StoreUp","theForsaken:Backlash+1","theForsaken:Terrorize+1"],"picked":"SKIP","floor":36.0},{"not_picked":["theForsaken:CreepingInfection+1","theForsaken:FuryStrikes","theForsaken:FatRoll"],"picked":"SKIP","floor":37.0},{"not_picked":["theForsaken:InspiringBlow","theForsaken:CreepingInfection","theForsaken:BlessedWeapon+1"],"picked":"SKIP","floor":41.0},{"not_picked":["infinitespire:NeuralNetwork","Replay:Fractal Strike"],"picked":"infinitespire:Oblivion","floor":42.0},{"not_picked":["theForsaken:HymnOfPatience","theForsaken:Prudence"],"picked":"theForsaken:DefensiveStance","floor":44},{"not_picked":["theForsaken:FatRoll","theForsaken:RainingSunlight","theForsaken:Parry"],"picked":"SKIP","floor":46},{"not_picked":["theForsaken:NobleSacrifice","theForsaken:Eulogy","theForsaken:Preservation"],"picked":"SKIP","floor":48}],"player_experience":87449,"relics_obtained":[{"floor":7.0,"key":"conspire:BottledYoYo"},{"floor":9.0,"key":"Pen Nib"},{"floor":10.0,"key":"Happy Flower"},{"floor":23.0,"key":"Simple Rune"},{"floor":25.0,"key":"Blood Vial"},{"floor":26.0,"key":"CherryCoatedStake"},{"floor":28.0,"key":"theForsaken:ScaryMask"},{"floor":39.0,"key":"ReplayTheSpireMod:Ring of Exchange"},{"floor":39.0,"key":"Ring of Hypnosis"},{"floor":41.0,"key":"ReplayTheSpireMod:TigerMarble"},{"floor":43.0,"key":"Replay:Wax Seal"},{"floor":44,"key":"reliquary:IridiumChain"},{"floor":45,"key":"WizardHat"},{"floor":46,"key":"reliquary:HotPoker"}],"event_choices":[{"damage_healed":0.0,"max_hp_gain":0.0,"max_hp_loss":0.0,"gold_gain":0.0,"event_name":"Plague Doctor","player_choice":"Obtain Plague Curse","floor":2.0,"gold_loss":0.0,"damage_taken":0.0,"cards_obtained":["theForsaken:PlagueCurse"]},{"damage_healed":0.0,"max_hp_gain":0.0,"max_hp_loss":0.0,"gold_gain":0.0,"event_name":"Lab","player_choice":"Got Potions","floor":3.0,"gold_loss":0.0,"damage_taken":0.0},{"damage_healed":0.0,"max_hp_gain":0.0,"max_hp_loss":0.0,"gold_gain":75.0,"event_name":"World of Goop","player_choice":"Gather Gold","floor":12.0,"gold_loss":0.0,"damage_taken":11.0},{"damage_healed":0.0,"max_hp_gain":0.0,"max_hp_loss":0.0,"gold_gain":200.0,"event_name":"Wheel of Change","player_choice":"Gold","floor":27.0,"gold_loss":0.0,"damage_taken":0.0},{"damage_healed":0.0,"max_hp_gain":0.0,"max_hp_loss":0.0,"gold_gain":0.0,"event_name":"The Joust","player_choice":"Bet on Murderer","floor":32.0,"gold_loss":50.0,"damage_taken":0.0},{"cards_removed":["theForsaken:TheForsaken_Defend"],"damage_healed":0,"gold_gain":0,"player_choice":"Removed Skill","damage_taken":0,"max_hp_gain":0,"max_hp_loss":0,"event_name":"Falling","floor":47,"gold_loss":0}],"is_beta":false,"boss_relics":[{"not_picked":["reliquary:RedCape","Snecko Heart","Runic Dome"]},{"not_picked":["ReplayTheSpireMod:SealedPack","SacredBark"],"picked":"Empty Cage"}],"items_purged_floors":[0,0,0,0,0,38],"is_endless":false,"potions_floor_spawned":[1,6,10,20,22,23,28,29,36,37,44],"ascension_level":13}}