{"host":"«Â«˛","time":1612025779,"event":{"mods":["BaseMod","Colored Powertips","Minty Spire (QoL Compilation)","Quick Restart","Reimu£®≤©¿ˆ¡È√Œ£©","StSLib","UnlockEverythingMod"],"gold_per_floor":[117,117,82,82,99,99,99,117,117,64,99,99,99,48,48,144,144,144,144],"floor_reached":18,"language":"ZHS","playtime":677,"items_purged":[],"score":231,"play_id":"d3b39a5e-dd31-4a6b-9839-3ac69290ea90","local_time":"20210131005619","daily_mods":["SealedDeck","Specialized","Heirloom","Time Dilation","Flight"],"is_ascension_mode":false,"campfire_choices":[{"data":"Amulet:ReiMu","floor":6,"key":"SMITH"},{"floor":7,"key":"RECALL"},{"floor":13,"key":"REST"},{"floor":15,"key":"REST"}],"circlet_count":0,"master_deck":["CleanRite:ReiMu","CleanRite:ReiMu","CleanRite:ReiMu","CleanRite:ReiMu","CleanRite:ReiMu","RainPray2:ReiMu","RainPray2:ReiMu","YinYangSange:ReiMu","CareerPray:ReiMu","Amulet:ReiMu+1","Amulet:ReiMu","SpringWay:ReiMu","SpringWay:ReiMu","SpringWay:ReiMu","Gathering:ReiMu+1","CareerPray:ReiMu","SpringWay:ReiMu","YinYangSange:ReiMu","LearningPray:ReiMu","CareerPray:ReiMu","MikOfLucky:ReiMu+1","WonderfulDomain:ReiMu","SafetyPray:ReiMu","CeremonyResonance:ReiMu"],"relics":["FlyPower:ReiMu","Prayer Wheel","Shuriken","MealTicket","Runic Pyramid"],"acts_visited":["Exordium","TheCity"],"potions_floor_usage":[11],"damage_taken":[{"damage":8,"enemies":"2 Louse","floor":1,"turns":4},{"damage":1,"enemies":"Small Slimes","floor":5,"turns":4},{"damage":0,"enemies":"Jaw Worm","floor":8,"turns":3},{"damage":53,"enemies":"Gremlin Nob","floor":11,"turns":5},{"damage":24,"enemies":"The Guardian","floor":16,"turns":7},{"damage":13,"enemies":"Shell Parasite","floor":18,"turns":3}],"seed_played":"-7573157666353969592","potions_obtained":[{"floor":5,"key":"DistilledChaos"},{"floor":11,"key":"LiquidMemories"},{"floor":16,"key":"FearPotion"}],"is_trial":true,"path_per_floor":["M","?","?","?","M","R","R","M","T","$","E","?","R","$","R","B",null,"M"],"character_chosen":"REIMU","items_purchased":["WonderfulDomain:ReiMu","SafetyPray:ReiMu"],"campfire_rested":2,"item_purchase_floors":[10,14],"current_hp_per_floor":[57,57,65,65,64,64,64,64,64,64,11,11,30,45,64,40,65,52,52],"gold":144,"neow_bonus":"","is_daily":false,"chose_seed":false,"campfire_upgraded":1,"win_rate":0.0,"timestamp":1612025779,"path_taken":["M","?","?","?","?","R","R","?","T","$","E","?","R","$","R","BOSS","M"],"items_purchased_type":["Card","Card"],"build_version":"2020-12-18","purchased_purges":0,"victory":false,"max_hp_per_floor":[65,65,65,65,65,65,65,65,65,65,65,65,65,65,65,65,65,65,65],"card_choices":[{"not_picked":["FineLineFantasy:ReiMu","UniversalSpiritual:ReiMu"],"picked":"CareerPray:ReiMu","floor":1},{"not_picked":["SpreadBorder2:ReiMu","AlertArray:ReiMu"],"picked":"SpringWay:ReiMu","floor":1},{"not_picked":["Mountainwind:ReiMu","OrbThrow:ReiMu"],"picked":"YinYangSange:ReiMu","floor":5},{"not_picked":["SealNeedle:ReiMu","Intuition:ReiMu"],"picked":"LearningPray:ReiMu","floor":5},{"not_picked":["SpiritualOutbreak2:ReiMu","Amulet:ReiMu"],"picked":"CareerPray:ReiMu","floor":8},{"not_picked":["RainPray2:ReiMu","Enchanting:ReiMu"],"picked":"MikOfLucky:ReiMu","floor":8},{"not_picked":["SpiritualOutbreak2:ReiMu","Dreaming2:ReiMu","Crusade:ReiMu"],"picked":"SKIP","floor":11},{"not_picked":["HakureiPhantom:ReiMu","PrayRite:ReiMu"],"picked":"CeremonyResonance:ReiMu","floor":16}],"player_experience":247567,"relics_obtained":[{"floor":9,"key":"Shuriken"},{"floor":11,"key":"MealTicket"}],"event_choices":[{"damage_healed":0,"gold_gain":0,"player_choice":"Grow","damage_taken":0,"max_hp_gain":0,"max_hp_loss":0,"event_name":"Living Wall","floor":2,"gold_loss":0,"cards_upgraded":["Gathering:ReiMu"]},{"damage_healed":16,"gold_gain":0,"player_choice":"Healed","damage_taken":0,"max_hp_gain":0,"max_hp_loss":0,"event_name":"The Cleric","floor":3,"gold_loss":35},{"damage_healed":0,"gold_gain":0,"player_choice":"Ignored","damage_taken":0,"max_hp_gain":0,"max_hp_loss":0,"event_name":"Liars Game","floor":4,"gold_loss":0},{"damage_healed":0,"gold_gain":0,"player_choice":"Upgraded","damage_taken":0,"max_hp_gain":0,"max_hp_loss":0,"event_name":"Upgrade Shrine","floor":12,"gold_loss":0,"cards_upgraded":["MikOfLucky:ReiMu"]}],"is_beta":true,"boss_relics":[{"not_picked":["Sozu","SacredBark"],"picked":"Runic Pyramid"}],"items_purged_floors":[],"is_endless":false,"potions_floor_spawned":[5,11,16],"killed_by":"Shell Parasite","ascension_level":0}}