{"host":"Sylvester","time":1612039987,"event":{"mods":["BaseMod","Bestiary","Colored Map","Filter the Spire","Lobotomy","Minty Spire (QoL Compilation)","Replay The Spire","StSLib","The Bug Knight"],"gold_per_floor":[114,125,138,138,156,181,181,216,267,267,267,267,280,290,300,334,334,334,334],"floor_reached":18,"language":"ENG","playtime":978,"items_purged":[],"score":147,"play_id":"379632a4-adfd-48ad-8b68-e1a360f626d1","local_time":"20210130125307","is_ascension_mode":true,"campfire_choices":[{"floor":7,"key":"REST"}],"circlet_count":0,"master_deck":["HollowMod:NailStrikeStart","HollowMod:NailStrikeStart","HollowMod:NailStrikeStart","HollowMod:QuickDashStart+1","HollowMod:QuickDashStart+1","HollowMod:QuickDashStart","HollowMod:QuickDashStart","HollowMod:FocusHealStart","HollowMod:PogoStrike","HollowMod:MidwifesHunger","HollowMod:NewJinnsSoul","HollowMod:GrimmsGift","HollowMod:SlysStrikes+1","HollowMod:HuntersJournal","HollowMod:theNailsmith","HollowMod:CloakDash","HollowMod:DesolateDive"],"relics":["HollowMod:VesselMask","War Paint","Replay:Accelerometer","Lantern","Omamori","Ring of Fury","ReplayTheSpireMod:Ring of Challenge"],"acts_visited":["Exordium"],"potions_floor_usage":[15],"damage_taken":[{"damage":1.0,"enemies":"Cultist","floor":1.0,"turns":4.0},{"damage":3.0,"enemies":"Jaw Worm","floor":2.0,"turns":4.0},{"damage":6.0,"enemies":"2 Louse","floor":3.0,"turns":3.0},{"damage":34,"enemies":"Lots of Slimes","floor":5,"turns":9},{"damage":30,"enemies":"Gremlin Nob","floor":6,"turns":4},{"damage":15,"enemies":"3 Sentries","floor":8,"turns":8},{"damage":12,"enemies":"Large Slime","floor":13,"turns":8},{"damage":2,"enemies":"2 Fungi Beasts","floor":14,"turns":4},{"damage":10,"enemies":"Gremlin Gang","floor":15,"turns":5},{"damage":26,"enemies":"Lagavulin","floor":16,"turns":7},{"damage":3,"enemies":"Fading Forest","floor":18,"turns":2}],"seed_played":"-4451817072649533229","potions_obtained":[{"floor":8,"key":"Reflective Coating"},{"floor":13,"key":"Energy Potion"},{"floor":16,"key":"LifebloodPotion"}],"is_trial":false,"path_per_floor":["M","M","M","?","M","E","R","E","T","?","PTL","PTL","M","M","M","E","R_BF","B"],"character_chosen":"THE_BUGKNIGHT","items_purchased":[],"campfire_rested":1,"item_purchase_floors":[],"current_hp_per_floor":[74,74,68,68,44,14,36,27,27,27,27,27,21,25,21,1,1,0,0],"gold":334,"neow_bonus":"ONE_RANDOM_RARE_CARD","is_daily":false,"chose_seed":false,"campfire_upgraded":0,"win_rate":0.0,"timestamp":1612039987,"path_taken":["M","?","M","?","M","E","R","E","T","?","PTL","PTL","?","M","M","E","R_BF","BOSS"],"items_purchased_type":[],"build_version":"2020-11-17","purchased_purges":0,"victory":false,"max_hp_per_floor":[75,75,75,75,75,75,75,75,75,75,75,75,75,75,75,75,75,75,75],"card_choices":[{"not_picked":["HollowMod:ShadowDash","HollowMod:CloakDash"],"picked":"HollowMod:NewJinnsSoul","floor":1.0},{"not_picked":["HollowMod:TaintedHusks","HollowMod:ShadowDash"],"picked":"HollowMod:GrimmsGift","floor":2.0},{"not_picked":["HollowMod:ShapeofUnn","HollowMod:MawleksShell","HollowMod:MonarchWings"],"picked":"SKIP","floor":3.0},{"not_picked":["HollowMod:InfectedAttack","HollowMod:DungDefenderAura"],"picked":"HollowMod:HuntersJournal","floor":5},{"not_picked":["HollowMod:GrimmsGift","HollowMod:TaintedHusks","HollowMod:MothsMistake"],"picked":"SKIP","floor":6},{"not_picked":["HollowMod:NewJinnsSoul","HollowMod:CycloneSlash"],"picked":"HollowMod:theNailsmith","floor":8},{"not_picked":["HollowMod:SharpenedNail","HollowMod:VengefulVoid"],"picked":"HollowMod:CloakDash","floor":13},{"not_picked":["HollowMod:PureNailStrike","HollowMod:DoubleDash","HollowMod:TaintedHusks"],"picked":"SKIP","floor":14},{"not_picked":["HollowMod:CornifersMapStart","HollowMod:SoulVessel","HollowMod:TaintedHusks"],"picked":"SKIP","floor":15},{"not_picked":["HollowMod:SoulStrike","HollowMod:HowlingWraiths"],"picked":"HollowMod:DesolateDive","floor":16}],"player_experience":183106,"relics_obtained":[{"floor":6,"key":"War Paint"},{"floor":8,"key":"Replay:Accelerometer"},{"floor":16,"key":"Omamori"},{"floor":17,"key":"Ring of Fury"},{"floor":17,"key":"ReplayTheSpireMod:Ring of Challenge"}],"event_choices":[{"damage_healed":0,"gold_gain":0,"player_choice":"Gave Potion","damage_taken":0,"relics_obtained":["Lantern"],"max_hp_gain":0,"max_hp_loss":0,"event_name":"WeMeetAgain","floor":10,"gold_loss":0}],"is_beta":true,"boss_relics":[],"items_purged_floors":[],"is_endless":false,"potions_floor_spawned":[8,13,16],"killed_by":"Fading Forest","ascension_level":2}}