{"host":"f0gpob8hq9vgebej","time":1612026917,"event":{"mods":["AchievementEnabler","BaseMod","Minty Spire (QoL Compilation)","Quick Restart","SuperFastMode"],"gold_per_floor":[114,128,147,159,176,176,196,229,254,45,77,77,77,95,95,195,195,212,224,239,252,252,252,252],"floor_reached":23,"language":"KOR","playtime":562,"items_purged":["Defend_P"],"score":334,"play_id":"5aca762e-2153-44ec-88da-ce4d5db2b0ad","local_time":"20210131021517","is_ascension_mode":true,"campfire_choices":[{"data":"Eruption","floor":6.0,"key":"SMITH"},{"data":"TalkToTheHand","floor":12.0,"key":"SMITH"},{"floor":15.0,"key":"REST"}],"circlet_count":0,"master_deck":["Strike_P+1","Strike_P+1","Strike_P+1","Defend_P+1","Defend_P+1","Defend_P+1","Eruption+1","Vigilance","EmptyBody","Indignation","EmptyFist","Perseverance","TalkToTheHand+1","Swift Strike","Conclude","BattleHymn","Adaptation","Establishment","SandsOfTime","EmptyMind"],"relics":["PureWater","Dream Catcher","Toy Ornithopter","Bag of Preparation","Runic Pyramid"],"acts_visited":["Exordium","TheCity"],"potions_floor_usage":[23,23],"damage_taken":[{"damage":3.0,"enemies":"Jaw Worm","floor":1.0,"turns":4.0},{"damage":1.0,"enemies":"Small Slimes","floor":2.0,"turns":6.0},{"damage":0.0,"enemies":"2 Louse","floor":3.0,"turns":2.0},{"damage":2.0,"enemies":"2 Fungi Beasts","floor":4.0,"turns":5.0},{"damage":4.0,"enemies":"Looter","floor":5.0,"turns":4.0},{"damage":6.0,"enemies":"Blue Slaver","floor":7.0,"turns":4.0},{"damage":32.0,"enemies":"Gremlin Nob","floor":8.0,"turns":5.0},{"damage":5.0,"enemies":"Lagavulin","floor":11.0,"turns":5.0},{"damage":0.0,"enemies":"2 Fungi Beasts","floor":14.0,"turns":1.0},{"damage":0.0,"enemies":"Slime Boss","floor":16.0,"turns":4.0},{"damage":5,"enemies":"Chosen","floor":18,"turns":5},{"damage":17,"enemies":"2 Thieves","floor":19,"turns":2},{"damage":10,"enemies":"Snecko","floor":20,"turns":3},{"damage":25,"enemies":"Snake Plant","floor":21,"turns":4},{"damage":10,"enemies":"Book of Stabbing","floor":23,"turns":5}],"seed_played":"5013428347245135807","potions_obtained":[{"floor":3.0,"key":"Fire Potion"},{"floor":4.0,"key":"BlessingOfTheForge"},{"floor":8.0,"key":"Block Potion"},{"floor":14.0,"key":"Ancient Potion"},{"floor":19,"key":"CultistPotion"}],"is_trial":false,"path_per_floor":["M","M","M","M","M","R","M","E","T","$","E","R","?","M","R","B",null,"M","M","M","M","?","E"],"character_chosen":"WATCHER","items_purchased":["TalkToTheHand","Swift Strike"],"campfire_rested":1,"item_purchase_floors":[10,10],"current_hp_per_floor":[62,61,61,59,55,55,49,17,17,17,12,12,5,5,26,26,61,56,39,29,4,4,4,4],"gold":252,"neow_bonus":"REMOVE_CARD","is_daily":false,"chose_seed":false,"campfire_upgraded":2,"win_rate":0.0,"timestamp":1612026917,"path_taken":["M","M","M","M","M","R","M","E","T","$","E","R","?","M","R","BOSS","M","M","M","M","?","E"],"items_purchased_type":["Card","Card"],"build_version":"2020-12-22","purchased_purges":1,"victory":false,"max_hp_per_floor":[72,72,72,72,72,72,72,72,72,72,72,72,72,72,72,72,72,72,72,72,72,72,72,72],"card_choices":[{"not_picked":["ClearTheMind","CarveReality"],"picked":"EmptyBody","floor":1.0},{"not_picked":["PathToVictory","Wallop"],"picked":"Indignation","floor":2.0},{"not_picked":["Wallop","SashWhip","EmptyBody"],"picked":"SKIP","floor":3.0},{"not_picked":["EmptyMind","Crescendo"],"picked":"EmptyFist","floor":4.0},{"not_picked":["SignatureMove","ClearTheMind","WreathOfFlame"],"picked":"SKIP","floor":5.0},{"not_picked":["PathToVictory","Alpha"],"picked":"Perseverance","floor":7.0},{"not_picked":["Evaluate","SpiritShield","Study"],"picked":"SKIP","floor":8.0},{"not_picked":["BowlingBash","SignatureMove"],"picked":"Conclude","floor":11.0},{"not_picked":["Consecrate","EmptyFist"],"picked":"BattleHymn","floor":14.0},{"not_picked":["Protect","CutThroughFate"],"picked":"Adaptation","floor":15.0},{"not_picked":["MasterReality","Alpha"],"picked":"Establishment","floor":16.0},{"not_picked":["EmptyFist","Protect+1","PathToVictory"],"picked":"SKIP","floor":18},{"not_picked":["Conclude+1","FollowUp"],"picked":"SandsOfTime","floor":19},{"not_picked":["BowlingBash","SashWhip","PathToVictory+1"],"picked":"SKIP","floor":20},{"not_picked":["CrushJoints","ThirdEye"],"picked":"EmptyMind","floor":21}],"player_experience":305877,"relics_obtained":[{"floor":8.0,"key":"Dream Catcher"},{"floor":9.0,"key":"Toy Ornithopter"},{"floor":11.0,"key":"Bag of Preparation"}],"event_choices":[{"damage_healed":0.0,"max_hp_gain":0.0,"max_hp_loss":0.0,"gold_gain":0.0,"event_name":"Scrap Ooze","player_choice":"Fled","floor":13.0,"gold_loss":0.0,"damage_taken":7.0},{"damage_healed":0,"gold_gain":0,"player_choice":"Simplicity","damage_taken":0,"max_hp_gain":0,"max_hp_loss":0,"event_name":"Back to Basics","floor":22,"gold_loss":0,"cards_upgraded":["Strike_P","Strike_P","Strike_P","Defend_P","Defend_P","Defend_P"]}],"is_beta":false,"boss_relics":[{"not_picked":["Velvet Choker","Runic Dome"],"picked":"Runic Pyramid"}],"items_purged_floors":[10],"is_endless":false,"potions_floor_spawned":[3,4,8,14,19],"killed_by":"Book of Stabbing","ascension_level":6}}