{"host":"vumwfieg2b2mnrfl","time":1612041697,"event":{"mods":["AchievementEnabler","BaseMod","Minty Spire (QoL Compilation)","Rare Cards Sparkle","Relic Stats"],"gold_per_floor":[99,99,99,99,99,99,99,99,99,15,15,15,15,0,0,0,0,0,0,0,0,0,0,0,0,0,0,0,0,0,0,0,0,0,0,0,0,0,0,0,0,0,0,0,0,0,0,0,0,0,0],"floor_reached":50,"language":"ENG","playtime":2335,"items_purged":[],"score":1038,"play_id":"febdfa4d-1b81-4f27-ad65-9060e0fa3799","local_time":"20210130152137","is_ascension_mode":true,"campfire_choices":[{"data":"Leg Sweep","floor":6,"key":"SMITH"},{"floor":8,"key":"REST"},{"floor":12,"key":"REST"},{"data":"Dash","floor":15,"key":"SMITH"},{"data":"Storm of Steel","floor":24,"key":"SMITH"},{"data":"Dash","floor":28,"key":"SMITH"},{"floor":32,"key":"REST"},{"floor":40,"key":"REST"},{"floor":42,"key":"REST"},{"data":"Accuracy","floor":47,"key":"SMITH"},{"data":"Calculated Gamble","floor":49,"key":"SMITH"}],"circlet_count":0,"master_deck":["AscendersBane","Strike_G","Strike_G","Strike_G","Defend_G","Defend_G","Defend_G","Defend_G+1","Survivor","Neutralize","Leg Sweep+1","Prepared","Terror","Cloak And Dagger+1","Dash+1","Dash+1","Adrenaline","Storm of Steel+1","PiercingWail+1","Calculated Gamble+1","All Out Attack","Slice","Footwork","Accuracy+1","Unload","Panache","Adrenaline","Calculated Gamble+1"],"relics":["Ectoplasm","Juzu Bracelet","War Paint","Bronze Scales","Tingsha","Runic Pyramid","TungstenRod","Blood Vial","Nilry\u0027s Codex","SacredBark","Pantograph","MealTicket","Regal Pillow"],"acts_visited":["Exordium","TheCity","TheBeyond"],"potions_floor_usage":[7,11,23,30,33,50],"damage_taken":[{"damage":2,"enemies":"Small Slimes","floor":1,"turns":5},{"damage":2,"enemies":"Cultist","floor":2,"turns":5},{"damage":4,"enemies":"Jaw Worm","floor":3,"turns":6},{"damage":1,"enemies":"Blue Slaver","floor":4,"turns":4},{"damage":43,"enemies":"3 Sentries","floor":7,"turns":19},{"damage":0,"enemies":"Lagavulin","floor":11,"turns":6},{"damage":3,"enemies":"Looter","floor":14,"turns":3},{"damage":6,"enemies":"The Guardian","floor":16,"turns":11},{"damage":3,"enemies":"2 Thieves","floor":18,"turns":4},{"damage":0,"enemies":"Chosen","floor":22,"turns":4},{"damage":9,"enemies":"Slavers","floor":23,"turns":7},{"damage":4,"enemies":"Snecko","floor":29,"turns":4},{"damage":0,"enemies":"3 Cultists","floor":30,"turns":4},{"damage":26,"enemies":"Collector","floor":33,"turns":14},{"damage":28,"enemies":"3 Shapes","floor":35,"turns":7},{"damage":15,"enemies":"3 Darklings","floor":41,"turns":6},{"damage":9,"enemies":"Nemesis","floor":44,"turns":5},{"damage":6,"enemies":"Spire Growth","floor":45,"turns":3},{"damage":69,"enemies":"Donu and Deca","floor":50,"turns":7}],"seed_played":"-7287205046260259547","potions_obtained":[{"floor":3,"key":"SteroidPotion"},{"floor":4,"key":"Block Potion"},{"floor":7,"key":"SteroidPotion"},{"floor":11,"key":"DistilledChaos"},{"floor":16,"key":"AttackPotion"},{"floor":18,"key":"GhostInAJar"},{"floor":29,"key":"Explosive Potion"},{"floor":44,"key":"Strength Potion"},{"floor":45,"key":"Dexterity Potion"}],"is_trial":false,"path_per_floor":["M","M","M","M","$","R","E","R","T","$","E","R","?","M","R","B",null,"M","$","$","?","M","E","R","?","T","?","R","M","M","?","R","B",null,"M","?","$","?","?","R","M","R","T","E","M","$","R","T","R","B"],"character_chosen":"THE_SILENT","items_purchased":["Dash"],"campfire_rested":5,"item_purchase_floors":[10],"current_hp_per_floor":[57,55,51,50,50,50,7,26,26,26,26,45,45,42,42,36,59,56,56,56,56,56,47,47,47,47,47,47,45,47,30,49,25,56,30,30,30,30,30,49,36,55,55,48,44,59,59,59,59,0,0],"gold":0,"neow_bonus":"BOSS_RELIC","is_daily":false,"chose_seed":false,"campfire_upgraded":6,"win_rate":0.0,"timestamp":1612041697,"path_taken":["M","M","M","M","$","R","E","R","T","$","E","R","?","M","R","BOSS","M","?","$","?","M","E","R","?","T","?","R","M","M","?","R","BOSS","M","?","$","?","?","R","M","R","T","E","M","$","R","?","R","BOSS"],"items_purchased_type":["Card"],"build_version":"2020-12-22","purchased_purges":0,"victory":false,"max_hp_per_floor":[66,66,66,66,66,66,66,66,66,66,66,66,66,66,66,66,66,66,66,66,66,66,66,66,66,66,66,66,66,66,66,66,66,66,66,66,66,66,66,66,66,66,66,66,66,66,66,66,66,66,66],"relic_stats":{"Blood Vial":14,"Regal Pillow":0,"counters":[19,124],"Bronze Scales":[288],"Pantograph":7,"Tingsha":[388],"MealTicket":15,"Ectoplasm":538,"Juzu Bracelet":2,"War Paint":["Defend_G","Cloak And Dagger"],"obtain_stats":[{"Regal Pillow":48,"Nilry\u0027s Codex":31,"SacredBark":34,"Tingsha":13,"Juzu Bracelet":7,"War Paint":9,"Blood Vial":26,"Bronze Scales":11,"Pantograph":43,"MealTicket":44,"Ectoplasm":0,"TungstenRod":23,"Ring of the Snake":0,"Runic Pyramid":17},{"Regal Pillow":18,"Nilry\u0027s Codex":13,"SacredBark":14,"Tingsha":6,"Juzu Bracelet":5,"War Paint":5,"Blood Vial":11,"Bronze Scales":6,"Pantograph":16,"MealTicket":17,"Ectoplasm":0,"TungstenRod":11,"Ring of the Snake":0,"Runic Pyramid":8},{"Regal Pillow":117,"Nilry\u0027s Codex":82,"SacredBark":96,"Tingsha":45,"Juzu Bracelet":39,"War Paint":39,"Blood Vial":74,"Bronze Scales":45,"Pantograph":109,"MealTicket":114,"Ectoplasm":0,"TungstenRod":74,"Ring of the Snake":0,"Runic Pyramid":59}],"TungstenRod":29},"card_choices":[{"not_picked":["Outmaneuver","Quick Slash"],"picked":"Leg Sweep","floor":1},{"not_picked":["Deflect","Dodge and Roll"],"picked":"Prepared","floor":2},{"not_picked":["Dagger Spray","Quick Slash"],"picked":"Terror","floor":3},{"not_picked":["Underhanded Strike","Eviscerate"],"picked":"Cloak And Dagger","floor":4},{"not_picked":["Deadly Poison","Caltrops"],"picked":"Poisoned Stab","floor":7},{"not_picked":["Quick Slash","Crippling Poison"],"picked":"Dash","floor":11},{"not_picked":["Accuracy","Quick Slash"],"picked":"Adrenaline","floor":14},{"not_picked":["Grand Finale","Night Terror"],"picked":"Storm of Steel","floor":16},{"not_picked":["Backflip","Dagger Throw","Distraction"],"picked":"SKIP","floor":18},{"not_picked":["Flying Knee","Blade Dance+1"],"picked":"PiercingWail+1","floor":22},{"not_picked":["Wraith Form v2","Tools of the Trade"],"picked":"Calculated Gamble+1","floor":23},{"not_picked":["Backflip","PiercingWail+1"],"picked":"Footwork","floor":29},{"not_picked":["Prepared","Deadly Poison"],"picked":"Accuracy","floor":30},{"not_picked":["Tools of the Trade","Grand Finale"],"picked":"Unload","floor":33},{"not_picked":["Terror","Catalyst","All Out Attack"],"picked":"SKIP","floor":35},{"not_picked":["HandOfGreed","Violence"],"picked":"Panache","floor":36},{"not_picked":["Deflect","Underhanded Strike","Deadly Poison"],"picked":"SKIP","floor":41},{"not_picked":["Prepared","Dagger Throw"],"picked":"Calculated Gamble","floor":44},{"not_picked":["Riddle With Holes+1","Poisoned Stab","Backflip+1"],"picked":"SKIP","floor":45}],"player_experience":499721,"relics_obtained":[{"floor":7,"key":"Juzu Bracelet"},{"floor":9,"key":"War Paint"},{"floor":11,"key":"Bronze Scales"},{"floor":23,"key":"TungstenRod"},{"floor":26,"key":"Blood Vial"},{"floor":31,"key":"Nilry\u0027s Codex"},{"floor":43,"key":"Pantograph"},{"floor":44,"key":"MealTicket"},{"floor":48,"key":"Regal Pillow"}],"event_choices":[{"damage_healed":0,"gold_gain":0,"player_choice":"Gave Potion","damage_taken":0,"relics_obtained":["Tingsha"],"max_hp_gain":0,"max_hp_loss":0,"event_name":"WeMeetAgain","floor":13,"gold_loss":0},{"cards_removed":["Strike_G"],"damage_healed":0,"gold_gain":0,"player_choice":"Offered Basic","damage_taken":0,"max_hp_gain":0,"max_hp_loss":0,"event_name":"Bonfire Elementals","floor":21,"gold_loss":0},{"damage_healed":0,"gold_gain":0,"cards_transformed":["Defend_G","Strike_G"],"player_choice":"Became Test Subject","damage_taken":0,"max_hp_gain":0,"max_hp_loss":0,"event_name":"Drug Dealer","floor":25,"gold_loss":0,"cards_obtained":["All Out Attack","Slice"]},{"damage_healed":0,"gold_gain":0,"player_choice":"Ignored","damage_taken":0,"max_hp_gain":0,"max_hp_loss":0,"event_name":"The Mausoleum","floor":27,"gold_loss":0},{"damage_healed":0,"gold_gain":0,"player_choice":"Obtained Book","damage_taken":21,"max_hp_gain":0,"max_hp_loss":0,"event_name":"Cursed Tome","floor":31,"gold_loss":0},{"damage_healed":0,"gold_gain":0,"player_choice":"Memory 1","damage_taken":0,"max_hp_gain":0,"max_hp_loss":0,"event_name":"SensoryStone","floor":36,"gold_loss":0},{"damage_healed":0,"gold_gain":0,"cards_transformed":["Poisoned Stab"],"player_choice":"Transformed","damage_taken":0,"max_hp_gain":0,"max_hp_loss":0,"event_name":"Transmorgrifier","floor":38,"gold_loss":0,"cards_obtained":["Adrenaline"]},{"damage_healed":0,"gold_gain":0,"player_choice":"0 cards matched","damage_taken":0,"max_hp_gain":0,"max_hp_loss":0,"event_name":"Match and Keep!","floor":39,"gold_loss":0,"cards_obtained":[]}],"is_beta":false,"boss_relics":[{"not_picked":["Sozu","Velvet Choker"],"picked":"Runic Pyramid"},{"not_picked":["Fusion Hammer","SlaversCollar"],"picked":"SacredBark"}],"items_purged_floors":[],"is_endless":false,"potions_floor_spawned":[3,4,7,11,16,18,22,29,44,45],"killed_by":"Donu and Deca","ascension_level":20}}