{"host":"bxn2em57qlx5u4i0","time":1612006595,"event":{"mods":["BaseMod","Colored Map","Colored Powertips","Highlight Path","Minty Spire (QoL Compilation)","Random Character Button","Relic Sorter","Relic Stats","StSLib","SuperFastMode"],"gold_per_floor":[118,131,131,131,206,206,232,242,316,316,331,331,331,359,359,359,359],"floor_reached":16,"language":"ENG","playtime":236,"items_purged":[],"score":266,"play_id":"29c285c7-323b-4663-af91-440261a1d8d6","local_time":"20210130063635","is_ascension_mode":true,"campfire_choices":[{"data":"Flying Knee","floor":6,"key":"SMITH"},{"data":"Terror","floor":10,"key":"SMITH"},{"data":"Neutralize","floor":13,"key":"SMITH"},{"data":"Malaise","floor":15,"key":"SMITH"}],"circlet_count":0,"master_deck":["AscendersBane","Strike_G","Strike_G","Strike_G","Strike_G","Defend_G","Defend_G","Defend_G","Defend_G","Defend_G","Survivor","Neutralize+1","Flying Knee+1","Dagger Spray+1","Malaise+1","Terror+1","Dodge and Roll+1"],"relics":["Ring of the Snake","NeowsBlessing","Oddly Smooth Stone","Toxic Egg 2","Paper Crane","Unceasing Top"],"acts_visited":["Exordium"],"potions_floor_usage":[14,16],"damage_taken":[{"damage":0,"enemies":"Small Slimes","floor":1,"turns":1},{"damage":0,"enemies":"2 Louse","floor":2,"turns":1},{"damage":0,"enemies":"Lagavulin","floor":7,"turns":1},{"damage":0,"enemies":"Jaw Worm","floor":8,"turns":4},{"damage":6,"enemies":"Exordium Thugs","floor":11,"turns":5},{"damage":9,"enemies":"Gremlin Nob","floor":14,"turns":4},{"damage":47,"enemies":"Slime Boss","floor":16,"turns":6}],"seed_played":"1839020871294919261","potions_obtained":[{"floor":7,"key":"Swift Potion"},{"floor":8,"key":"FairyPotion"},{"floor":14,"key":"Swift Potion"}],"is_trial":false,"path_per_floor":["M","M","?","?","?","R","E","M","T","R","M","T","R","E","R","B"],"character_chosen":"THE_SILENT","items_purchased":[],"campfire_rested":0,"item_purchase_floors":[],"current_hp_per_floor":[59,59,59,52,41,41,41,41,41,41,35,35,35,26,26,0,0],"gold":359,"neow_bonus":"THREE_ENEMY_KILL","is_daily":false,"chose_seed":false,"campfire_upgraded":4,"win_rate":0.0,"timestamp":1612006595,"path_taken":["M","M","?","?","?","R","E","M","T","R","M","?","R","E","R","BOSS"],"items_purchased_type":[],"build_version":"2020-12-22","purchased_purges":0,"victory":false,"max_hp_per_floor":[66,66,66,66,66,66,66,66,66,66,66,66,66,66,66,66,66],"relic_stats":{"counters":[7,22],"obtain_stats":[{"NeowsBlessing":0,"Oddly Smooth Stone":7,"Toxic Egg 2":9,"Paper Crane":12,"Unceasing Top":14,"Ring of the Snake":0},{"NeowsBlessing":0,"Oddly Smooth Stone":3,"Toxic Egg 2":4,"Paper Crane":5,"Unceasing Top":6,"Ring of the Snake":0},{"NeowsBlessing":0,"Oddly Smooth Stone":3,"Toxic Egg 2":7,"Paper Crane":12,"Unceasing Top":16,"Ring of the Snake":0}],"Unceasing Top":[0],"Ring of the Snake":[14]},"card_choices":[{"not_picked":["Prepared","Underhanded Strike"],"picked":"Flying Knee","floor":1},{"not_picked":["Deadly Poison","Reflex"],"picked":"Dagger Spray","floor":2},{"not_picked":["PiercingWail","Sucker Punch"],"picked":"Malaise","floor":7},{"not_picked":["Underhanded Strike","Accuracy"],"picked":"Terror","floor":8},{"not_picked":["Outmaneuver+1","Distraction+1","Bane"],"picked":"SKIP","floor":11},{"not_picked":["Distraction+1","Slice"],"picked":"Dodge and Roll+1","floor":14}],"player_experience":2965541,"relics_obtained":[{"floor":7,"key":"Oddly Smooth Stone"},{"floor":9,"key":"Toxic Egg 2"},{"floor":12,"key":"Paper Crane"},{"floor":14,"key":"Unceasing Top"}],"event_choices":[{"damage_healed":0,"gold_gain":0,"player_choice":"Grow","damage_taken":0,"max_hp_gain":0,"max_hp_loss":0,"event_name":"Living Wall","floor":3,"gold_loss":0,"cards_upgraded":["Dagger Spray"]},{"cards_removed":["Strike_G"],"damage_healed":0,"gold_gain":0,"player_choice":"Card Removal","damage_taken":7,"max_hp_gain":0,"max_hp_loss":0,"event_name":"Golden Wing","floor":4,"gold_loss":0},{"damage_healed":0,"gold_gain":75,"player_choice":"Gather Gold","damage_taken":11,"max_hp_gain":0,"max_hp_loss":0,"event_name":"World of Goop","floor":5,"gold_loss":0}],"is_beta":false,"boss_relics":[],"items_purged_floors":[],"is_endless":false,"potions_floor_spawned":[7,8,11,14],"killed_by":"Slime Boss","ascension_level":20}}