{"host":"o9spzpa23hdobruw","time":1612047157,"event":{"mods":["100% Spire Juice","2.2 Compatiblity","Act Like it!","Arknights","Aspiration","Astrologer","BaseMod","Beaked The Cultist","Better Note","CCEM2","CapriCore","Clockwork Mod","Elementarium","Friendly Minions","Hermit","Jorbs\u0027s Wanderer Trilogy","Koishi","Luminous","Marisa????????","Minty Spire (QoL Compilation)","Prisma Mod","Reimu??????","Relic Stats","SCP261 Mod","Somnambulant","StSLib","The Administrix","The Bladedancer","The Bug Knight","The Construct","The Cursed","The Disciple","The Druid","The Immortal","The Marked","The Mystic","The Runesmith","The Saiyan","The Servant 0.9.4","TheBandit","TheSwordswoman","WarShipGirlsR/????R mod"],"gold_per_floor":[112,139,139,166,193,193,193,193,218,18,56,84,118,142,154,261,273,301,323,335,358,386,398,410,422,434,446,497,509,562,574,586,700,712,747,797,779,404,404,404,85,112,181,216,227,227,240,259,259,259,259,259,17,65,65,65],"floor_reached":55,"language":"ENG","playtime":7201,"items_purged":["Regret","Normality","Injury"],"score":774,"play_id":"a43dc9f5-9f95-400e-86d3-b182357d4d54","local_time":"20210131005237","is_ascension_mode":false,"campfire_choices":[{"data":"stsjorbsmod:BookOfTongues","floor":6.0,"key":"SMITH"},{"data":"stsjorbsmod:FreshAdventure","floor":8.0,"key":"SMITH"},{"floor":15.0,"key":"REST"},{"data":"stsjorbsmod:Prestidigitation","floor":23,"key":"SMITH"},{"data":"stsjorbsmod:EyeOfTheStorm","floor":29,"key":"SMITH"},{"floor":32,"key":"RECALL"},{"data":"stsjorbsmod:TrueStrike","floor":40,"key":"SMITH"},{"floor":46,"key":"REST"},{"floor":49,"key":"REST"},{"data":"Sadistic Nature","floor":52,"key":"SMITH"}],"circlet_count":0,"master_deck":["stsjorbsmod:ForbiddenGrimoire+1","stsjorbsmod:Strike_Wanderer+1","stsjorbsmod:Strike_Wanderer","stsjorbsmod:Strike_Wanderer+1","stsjorbsmod:Strike_Wanderer","stsjorbsmod:Defend_Wanderer","stsjorbsmod:Defend_Wanderer","stsjorbsmod:Defend_Wanderer+1","stsjorbsmod:Defend_Wanderer","stsjorbsmod:FreshAdventure+1","stsjorbsmod:EyeOfTheStorm+1","stsjorbsmod:LocateObject","stsjorbsmod:ParryingBlow","stsjorbsmod:ColorSpray","stsjorbsmod:BookOfTongues+1","stsjorbsmod:Prestidigitation+1","stsjorbsmod:Prepare+1","stsjorbsmod:Hibernate+1","stsjorbsmod:ScorchingRay+1","stsjorbsmod:SmithingStrike+1","stsjorbsmod:FracturedMind","stsjorbsmod:BlackTentacles+1","stsjorbsmod:Withdraw+1","stsjorbsmod:UnseenServant+1","stsjorbsmod:EyeOfTheStorm+1","stsjorbsmod:Materialize+1","stsjorbsmod:Withering","stsjorbsmod:ChainLightning","stsjorbsmod:DoubleCheck+1","stsjorbsmod:Withdraw+1","CurseOfTheBell","stsjorbsmod:ArcaneWeapon+1","stsjorbsmod:Aid+1","stsjorbsmod:Fireball","stsjorbsmod:TrueStrike+1","Sadistic Nature+1","stsjorbsmod:FindFamiliar","Doubt","stsjorbsmod:WanderingMind+1","stsjorbsmod:Counterspell+1","stsjorbsmod:DisguiseSelf+1"],"relics":["stsjorbsmod:GrimoireRelic","Incense Burner","Toxic Egg 2","Whetstone","MawBank","Cursed Key","HollowMod:PaleOreRelic","Letter Opener","Calling Bell","Strawberry","Pear","CCEMRelics:WarHorn","Bottled Lightning","aspiration:ChemicalBlood","InkBottle","Frozen Egg 2","CCEMRelics:WrappedPresent","stsjorbsmod:MindPalaceRelic","aspiration:FetidBarrel"],"acts_visited":["Exordium","TheCity","TheBeyond","TheEnding"],"potions_floor_usage":[28,28,42,44,47,47,50,50,54,54,54,55,55,55,55],"damage_taken":[{"damage":3.0,"enemies":"Cultist","floor":1.0,"turns":4.0},{"damage":5.0,"enemies":"2 Louse","floor":2.0,"turns":3.0},{"damage":6.0,"enemies":"Jaw Worm","floor":4.0,"turns":5.0},{"damage":18.0,"enemies":"Large Slime","floor":5.0,"turns":7.0},{"damage":4.0,"enemies":"Exordium Wildlife","floor":11.0,"turns":4.0},{"damage":9.0,"enemies":"Looter","floor":12.0,"turns":3.0},{"damage":16.0,"enemies":"Lagavulin","floor":13.0,"turns":7.0},{"damage":0.0,"enemies":"Large Slime","floor":14.0,"turns":4.0},{"damage":12.0,"enemies":"The Guardian","floor":16.0,"turns":10.0},{"damage":0.0,"enemies":"Spheric Guardian","floor":18.0,"turns":3.0},{"damage":9.0,"enemies":"3 Byrds","floor":19.0,"turns":5.0},{"damage":1,"enemies":"Cultist and Chosen","floor":21,"turns":6},{"damage":4,"enemies":"Shelled Parasite and Fungi","floor":22,"turns":6},{"damage":3,"enemies":"HollowMod:Nosk","floor":28,"turns":7},{"damage":2,"enemies":"3 Cultists","floor":30,"turns":5},{"damage":22,"enemies":"Champ","floor":33,"turns":10},{"damage":12,"enemies":"Orb Walker","floor":35,"turns":4},{"damage":8,"enemies":"3 Shapes","floor":36,"turns":5},{"damage":21,"enemies":"Giant Head","floor":42,"turns":8},{"damage":25,"enemies":"beaked:SuperParasite","floor":44,"turns":6},{"damage":3,"enemies":"Sphere and 2 Shapes","floor":45,"turns":4},{"damage":28,"enemies":"Transient","floor":47,"turns":4},{"damage":2,"enemies":"Jaw Worm Horde","floor":48,"turns":4},{"damage":58,"enemies":"Awakened One","floor":50,"turns":11},{"damage":44,"enemies":"Shield and Spear","floor":54,"turns":7},{"damage":59,"enemies":"The Heart","floor":55,"turns":3}],"seed_played":"6441669172135817309","potions_obtained":[{"floor":4.0,"key":"SteroidPotion"},{"floor":11.0,"key":"SpeedPotion"},{"floor":13.0,"key":"Explosive Potion"},{"floor":14.0,"key":"DistilledChaos"},{"floor":19.0,"key":"Energy Potion"},{"floor":21,"key":"LiquidBronze"},{"floor":28,"key":"SpeedPotion"},{"floor":30,"key":"GrandPatriotsElixir:ReiMu"},{"floor":42,"key":"DistilledChaos"},{"floor":44,"key":"Block Potion"},{"floor":50,"key":"PowerPotion"},{"floor":54,"key":"Weak Potion"}],"is_trial":false,"path_per_floor":["M","M","?","M","M","R","?","R","T","$","M","M","E","M","R","B",null,"M","M","?","M","M","R","?","$","T","?","E","R","M","T","R","B",null,"M","M","?","$","?","R","$","E","T","E","M","R","M","M","R","B",null,"R","$","E","B"],"character_chosen":"WANDERER","items_purchased":["stsjorbsmod:Prestidigitation","stsjorbsmod:Prepare+1","stsjorbsmod:Hibernate+1","Bottled Lightning","stsjorbsmod:TrueStrike","Sadistic Nature","CCEMRelics:WrappedPresent"],"campfire_rested":3,"item_purchase_floors":[10,10,10,38,38,41,53],"current_hp_per_floor":[72,68,68,64,48,48,48,48,48,48,45,37,21,22,44,32,74,74,66,66,67,66,66,66,66,66,73,74,74,74,74,74,52,91,81,76,76,76,76,76,76,55,55,35,35,62,36,35,62,4,91,91,96,57,0,0],"gold":65,"neow_bonus":"TEN_PERCENT_HP_BONUS","is_daily":false,"chose_seed":false,"campfire_upgraded":6,"win_rate":0.0,"timestamp":1612047157,"path_taken":["M","?","?","M","M","R","?","R","T","$","M","M","E","M","R","BOSS","M","M","?","M","M","R","?","$","T","?","E","R","M","?","R","BOSS","M","M","?","$","?","R","?","E","T","E","M","R","M","?","R","BOSS","R","$","E","BOSS"],"items_purchased_type":["Card","Card","Card","Relic","Card","Card","Relic"],"build_version":"2020-12-22","purchased_purges":3,"victory":false,"max_hp_per_floor":[74,74,74,74,74,74,74,74,74,74,74,74,74,74,74,74,74,74,74,74,74,74,74,74,74,74,74,74,74,74,74,74,74,91,91,91,91,91,91,91,91,91,91,91,91,91,91,91,91,91,91,91,96,96,96,96],"relic_stats":{"counters":[26,145],"Whetstone":["stsjorbsmod:Strike_Wanderer","stsjorbsmod:Strike_Wanderer"],"Letter Opener":[215],"MawBank":300,"Cursed Key":3,"obtain_stats":[{"Pear":34,"CCEMRelics:WrappedPresent":53,"aspiration:FetidBarrel":54,"stsjorbsmod:GrimoireRelic":0,"Incense Burner":3,"Whetstone":9,"Letter Opener":31,"Frozen Egg 2":44,"stsjorbsmod:MindPalaceRelic":53,"MawBank":13,"Cursed Key":17,"Calling Bell":34,"Strawberry":34,"HollowMod:PaleOreRelic":28,"Bottled Lightning":38,"Toxic Egg 2":7,"CCEMRelics:WarHorn":34,"InkBottle":43,"aspiration:ChemicalBlood":42},{"Pear":16,"CCEMRelics:WrappedPresent":24,"aspiration:FetidBarrel":25,"stsjorbsmod:GrimoireRelic":0,"Incense Burner":2,"Whetstone":4,"Letter Opener":15,"Frozen Egg 2":20,"stsjorbsmod:MindPalaceRelic":24,"MawBank":7,"Cursed Key":9,"Calling Bell":16,"Strawberry":16,"HollowMod:PaleOreRelic":14,"Bottled Lightning":18,"Toxic Egg 2":4,"CCEMRelics:WarHorn":16,"InkBottle":19,"aspiration:ChemicalBlood":19},{"Pear":89,"CCEMRelics:WrappedPresent":135,"aspiration:FetidBarrel":142,"stsjorbsmod:GrimoireRelic":0,"Incense Burner":7,"Whetstone":19,"Letter Opener":79,"Frozen Egg 2":112,"stsjorbsmod:MindPalaceRelic":135,"MawBank":33,"Cursed Key":47,"Calling Bell":89,"Strawberry":89,"HollowMod:PaleOreRelic":74,"Bottled Lightning":98,"Toxic Egg 2":19,"CCEMRelics:WarHorn":89,"InkBottle":106,"aspiration:ChemicalBlood":106}],"InkBottle":[20]},"card_choices":[{"not_picked":["stsjorbsmod:ChainLightning","stsjorbsmod:MagicMirror"],"picked":"stsjorbsmod:LocateObject","floor":1.0},{"not_picked":["stsjorbsmod:FracturedMind","stsjorbsmod:BlackTentacles"],"picked":"stsjorbsmod:ParryingBlow","floor":2.0},{"not_picked":["stsjorbsmod:DisguiseSelf","stsjorbsmod:Channel"],"picked":"stsjorbsmod:ColorSpray","floor":4.0},{"not_picked":["stsjorbsmod:FranticSearch","stsjorbsmod:Hurt"],"picked":"stsjorbsmod:BookOfTongues","floor":5.0},{"not_picked":["stsjorbsmod:FracturedMind","stsjorbsmod:Mending+1"],"picked":"stsjorbsmod:ScorchingRay+1","floor":11.0},{"not_picked":["stsjorbsmod:BookOfTongues","stsjorbsmod:Prestidigitation"],"picked":"stsjorbsmod:SmithingStrike","floor":12.0},{"not_picked":["stsjorbsmod:BurningFlask+1","stsjorbsmod:UnseenServant+1"],"picked":"stsjorbsmod:FracturedMind","floor":13.0},{"not_picked":["stsjorbsmod:Stalwart+1","stsjorbsmod:AnimateObjects+1"],"picked":"stsjorbsmod:BlackTentacles","floor":14.0},{"not_picked":["stsjorbsmod:Fear+1","stsjorbsmod:DeathThroes"],"picked":"stsjorbsmod:Withdraw+1","floor":16.0},{"not_picked":["stsjorbsmod:TollTheDead","stsjorbsmod:WeightOfMemory","stsjorbsmod:FracturedMind"],"picked":"SKIP","floor":18.0},{"not_picked":["stsjorbsmod:Prepare+1","stsjorbsmod:Firebolt"],"picked":"stsjorbsmod:UnseenServant+1","floor":19.0},{"not_picked":["stsjorbsmod:UnseenServant+1","stsjorbsmod:Mania","stsjorbsmod:ParryingBlow"],"picked":"SKIP","floor":21},{"not_picked":["stsjorbsmod:TollTheDead+1","stsjorbsmod:WanderingMind+1"],"picked":"stsjorbsmod:Materialize+1","floor":22},{"not_picked":["stsjorbsmod:Materialize+1","stsjorbsmod:BurningFlask+1"],"picked":"stsjorbsmod:ChainLightning","floor":28},{"not_picked":["stsjorbsmod:BlackTentacles","stsjorbsmod:UnseenServant+1"],"picked":"stsjorbsmod:DoubleCheck+1","floor":30},{"not_picked":["stsjorbsmod:HoldMonster+1","stsjorbsmod:Feast+1"],"picked":"stsjorbsmod:Withdraw+1","floor":33},{"not_picked":["stsjorbsmod:DoubleCheck+1","stsjorbsmod:LocateObject+1"],"picked":"stsjorbsmod:ArcaneWeapon+1","floor":35},{"not_picked":["stsjorbsmod:Firebolt","stsjorbsmod:RayOfFrost+1"],"picked":"stsjorbsmod:Aid+1","floor":36},{"not_picked":[],"picked":"stsjorbsmod:Fireball","floor":37},{"not_picked":["stsjorbsmod:UnseenServant+1","stsjorbsmod:Will+1"],"picked":"stsjorbsmod:FindFamiliar","floor":42},{"not_picked":["stsjorbsmod:BurningFlask+1","stsjorbsmod:WeightOfMemory"],"picked":"stsjorbsmod:WanderingMind+1","floor":44},{"not_picked":["stsjorbsmod:WanderingMind+1","stsjorbsmod:SmithingStrike+1"],"picked":"stsjorbsmod:Counterspell+1","floor":45},{"not_picked":["stsjorbsmod:SmithingStrike+1","stsjorbsmod:ParryingBlow","stsjorbsmod:WeightOfMemory+1"],"picked":"SKIP","floor":47},{"not_picked":["stsjorbsmod:Hibernate+1","stsjorbsmod:DoubleCheck+1"],"picked":"stsjorbsmod:DisguiseSelf+1","floor":48},{"not_picked":["stsjorbsmod:Prestidigitation+1","stsjorbsmod:MagicMissiles+1","stsjorbsmod:ChatteringStrike"],"picked":"SKIP","floor":54}],"player_experience":611429,"relics_obtained":[{"floor":9.0,"key":"Whetstone"},{"floor":13.0,"key":"MawBank"},{"floor":28,"key":"HollowMod:PaleOreRelic"},{"floor":31,"key":"Letter Opener"},{"floor":34,"key":"Strawberry"},{"floor":34,"key":"Pear"},{"floor":34,"key":"CCEMRelics:WarHorn"},{"floor":42,"key":"aspiration:ChemicalBlood"},{"floor":43,"key":"InkBottle"},{"floor":44,"key":"Frozen Egg 2"},{"floor":53,"key":"stsjorbsmod:MindPalaceRelic"},{"floor":54,"key":"aspiration:FetidBarrel"}],"event_choices":[{"damage_healed":0.0,"max_hp_gain":0.0,"max_hp_loss":0.0,"gold_gain":0.0,"event_name":"Big Fish","player_choice":"Box","floor":3.0,"gold_loss":0.0,"damage_taken":0.0,"relics_obtained":["Incense Burner"],"cards_obtained":["Regret"]},{"damage_healed":0.0,"max_hp_gain":0.0,"max_hp_loss":0.0,"gold_gain":0.0,"event_name":"Duplicator","player_choice":"Copied","floor":20.0,"gold_loss":0.0,"damage_taken":0.0,"cards_obtained":["stsjorbsmod:EyeOfTheStorm"]},{"damage_healed":0,"gold_gain":0,"player_choice":"Bought 0 Potions","damage_taken":0,"max_hp_gain":0,"max_hp_loss":0,"event_name":"The Woman in Blue","floor":24,"gold_loss":0}],"is_beta":false,"boss_relics":[{"not_picked":["Velvet Choker","Runic Pyramid"],"picked":"Cursed Key"},{"not_picked":["aspiration:IroncladSkillbook","Runesmith:UraniumAnvil"],"picked":"Calling Bell"}],"items_purged_floors":[10,38,41],"is_endless":false,"potions_floor_spawned":[4,11,13,14,19,21,28,30,42,45],"killed_by":"The Heart","ascension_level":0}}