{"host":"kkntor5wdjky96yl","time":1612025028,"event":{"mods":["AchievementEnabler","BaseMod","Colored Map","KOR Keyword Fix","Minty Spire (QoL Compilation)","Shop Mod","StSLib","SuperFastMode","Swap Starting Deck Mod"],"gold_per_floor":[109,109,119,119,119,152,167,167,167,183,216,216,242,291,291,388,388,388],"floor_reached":17,"language":"KOR","playtime":494,"items_purged":[],"score":208,"play_id":"09626c0b-eb32-4392-8398-42edfd027a92","local_time":"20210131014348","is_ascension_mode":true,"campfire_choices":[{"data":"Fusion","floor":8,"key":"SMITH"},{"floor":12,"key":"REST"},{"floor":15,"key":"REST"}],"circlet_count":0,"master_deck":["Strike_B","Strike_B+1","Strike_B","Strike_B","Defend_B","Defend_B","Defend_B","Defend_B","Zap","Dualcast","Fusion+1","Chaos+1","Beam Cell","Coolheaded","Skim","Echo Form"],"relics":["Cracked Core","NeowsBlessing","Letter Opener","Oddly Smooth Stone","Orichalcum","Centennial Puzzle","Art of War","Juzu Bracelet","Black Star"],"acts_visited":["Exordium","TheCity"],"potions_floor_usage":[16,16],"damage_taken":[{"damage":0,"enemies":"2 Louse","floor":1,"turns":1},{"damage":0,"enemies":"Small Slimes","floor":3,"turns":1},{"damage":0,"enemies":"Gremlin Nob","floor":6,"turns":1},{"damage":5,"enemies":"Jaw Worm","floor":7,"turns":3},{"damage":0,"enemies":"Exordium Wildlife","floor":10,"turns":3},{"damage":12,"enemies":"Lagavulin","floor":11,"turns":5},{"damage":27,"enemies":"3 Sentries","floor":13,"turns":6},{"damage":25,"enemies":"Hexaghost","floor":16,"turns":9}],"seed_played":"-6786328417464050844","potions_obtained":[{"floor":6,"key":"Dexterity Potion"},{"floor":7,"key":"Regen Potion"},{"floor":13,"key":"AttackPotion"},{"floor":16,"key":"Fire Potion"}],"is_trial":false,"path_per_floor":["M","?","M","?","$","E","M","R","T","M","E","R","E","T","R","B",null],"character_chosen":"DEFECT","items_purchased":[],"campfire_rested":2,"item_purchase_floors":[],"current_hp_per_floor":[75,68,68,53,53,53,48,48,48,48,36,58,31,31,53,43,75,75],"gold":388,"neow_bonus":"THREE_ENEMY_KILL","is_daily":false,"chose_seed":false,"campfire_upgraded":1,"win_rate":0.0,"timestamp":1612025028,"path_taken":["M","?","M","?","?","E","?","R","T","M","E","R","E","?","R","BOSS"],"items_purchased_type":[],"build_version":"2020-12-22","purchased_purges":0,"victory":false,"max_hp_per_floor":[75,75,75,75,75,75,75,75,75,75,75,75,75,75,75,75,75,75],"card_choices":[{"not_picked":["Redo","Undo"],"picked":"Fusion","floor":1},{"not_picked":["Sweeping Beam","Cold Snap"],"picked":"Chaos","floor":3},{"not_picked":["Double Energy","Sunder"],"picked":"Beam Cell","floor":6},{"not_picked":["Steam Power","Leap"],"picked":"Coolheaded","floor":7},{"not_picked":["Double Energy","Creative AI"],"picked":"Skim","floor":10},{"not_picked":["Consume","Redo","BootSequence"],"picked":"SKIP","floor":11},{"not_picked":["Creative AI","Genetic Algorithm","Skim"],"picked":"SKIP","floor":13},{"not_picked":["Rainbow","Core Surge"],"picked":"Echo Form","floor":16}],"player_experience":125143,"relics_obtained":[{"floor":6,"key":"Oddly Smooth Stone"},{"floor":9,"key":"Orichalcum"},{"floor":11,"key":"Centennial Puzzle"},{"floor":13,"key":"Art of War"},{"floor":14,"key":"Juzu Bracelet"}],"event_choices":[{"damage_healed":0,"gold_gain":0,"player_choice":"Success","damage_taken":7,"relics_obtained":["Letter Opener"],"max_hp_gain":0,"max_hp_loss":0,"event_name":"Scrap Ooze","floor":2,"gold_loss":0},{"damage_healed":0,"gold_gain":0,"player_choice":"Entered Light","damage_taken":15,"max_hp_gain":0,"max_hp_loss":0,"event_name":"Shining Light","floor":4,"gold_loss":0,"cards_upgraded":["Chaos","Strike_B"]}],"is_beta":false,"boss_relics":[{"not_picked":["Busted Crown","FrozenCore"],"picked":"Black Star"}],"items_purged_floors":[],"is_endless":false,"potions_floor_spawned":[6,7,13,16],"ascension_level":1}}