{"host":"jpzdg3po3tjxdjri","time":1612005734,"event":{"mods":["BaseMod","Better Third Choice","Colored Map","Colored Powertips","Minty Spire (QoL Compilation)","StSLib"],"gold_per_floor":[119,119,132,149,109,127,159,170,196,212,212,212,212,227,227,320,320,344,5,55,73,73,102,102,119,119,119,132,132,0,29,29,29,29],"floor_reached":33,"language":"ENG","playtime":1272,"items_purged":["Strike_B"],"score":552,"play_id":"13e25778-4623-4288-9075-4d5fd5c44b90","local_time":"20210130112214","is_ascension_mode":true,"campfire_choices":[{"floor":11,"key":"REST"},{"floor":13,"key":"REST"},{"data":"Zap","floor":15,"key":"SMITH"},{"data":"Machine Learning","floor":24,"key":"SMITH"},{"floor":29,"key":"REST"},{"floor":32,"key":"REST"}],"circlet_count":0,"master_deck":["AscendersBane","Strike_B","Strike_B","Strike_B","Defend_B","Defend_B","Defend_B","Defend_B","Zap+1","Dualcast","Doom and Gloom+1","Coolheaded","FTL","Genetic Algorithm","Cold Snap","Ball Lightning","Compile Driver","Leap","Leap","Rainbow","CurseOfTheBell","Recycle+1","White Noise+1","Blizzard","Loop","Cold Snap","Machine Learning+1","Core Surge","Compile Driver","Sweeping Beam","Leap","Self Repair","Reinforced Body","Ball Lightning","Beam Cell"],"relics":["Cracked Core","Mango","Bronze Scales","Bloody Idol","Calling Bell","Akabeko","Mummified Hand","Prayer Wheel","Omamori","Bag of Preparation","Oddly Smooth Stone","Dream Catcher"],"acts_visited":["Exordium","TheCity"],"potions_floor_usage":[7,23,33],"damage_taken":[{"damage":2,"enemies":"Jaw Worm","floor":1,"turns":3},{"damage":0,"enemies":"Small Slimes","floor":3,"turns":2},{"damage":0,"enemies":"2 Louse","floor":4,"turns":3},{"damage":18,"enemies":"Large Slime","floor":6,"turns":4},{"damage":29,"enemies":"Lagavulin","floor":7,"turns":7},{"damage":9,"enemies":"Blue Slaver","floor":8,"turns":4},{"damage":13,"enemies":"Exordium Wildlife","floor":10,"turns":4},{"damage":9,"enemies":"3 Louse","floor":14,"turns":1},{"damage":14,"enemies":"Hexaghost","floor":16,"turns":9},{"damage":5,"enemies":"3 Byrds","floor":18,"turns":3},{"damage":2,"enemies":"Chosen","floor":21,"turns":4},{"damage":39,"enemies":"Slavers","floor":23,"turns":6},{"damage":28,"enemies":"Snake Plant","floor":25,"turns":4},{"damage":5,"enemies":"Centurion and Healer","floor":28,"turns":5},{"damage":18,"enemies":"Book of Stabbing","floor":31,"turns":6},{"damage":121,"enemies":"Champ","floor":33,"turns":19}],"seed_played":"-4558217427461023629","potions_obtained":[{"floor":1,"key":"FairyPotion"},{"floor":7,"key":"Fruit Juice"},{"floor":8,"key":"LiquidBronze"},{"floor":14,"key":"EssenceOfDarkness"},{"floor":21,"key":"FocusPotion"},{"floor":28,"key":"SkillPotion"}],"is_trial":false,"path_per_floor":["M","?","M","M","$","M","E","M","T","M","R","?","R","M","R","B",null,"M","$","?","M","?","E","R","M","T","?","M","R","?","E","R","B"],"character_chosen":"DEFECT","items_purchased":["Genetic Algorithm","Omamori","Blizzard","Loop"],"campfire_rested":4,"item_purchase_floors":[5,19,19,19],"current_hp_per_floor":[69,69,69,69,69,51,41,32,32,19,48,15,44,35,35,21,78,73,73,73,71,71,37,37,14,14,14,14,43,43,37,66,0,0],"gold":29,"neow_bonus":"TEN_PERCENT_HP_BONUS","is_daily":false,"chose_seed":false,"campfire_upgraded":2,"win_rate":0.0,"timestamp":1612005734,"path_taken":["M","?","M","M","$","M","E","M","T","M","R","?","R","M","R","BOSS","M","$","?","M","?","E","R","M","T","?","M","R","?","E","R","BOSS"],"items_purchased_type":["Card","Relic","Card","Card"],"build_version":"2020-12-22","purchased_purges":1,"victory":false,"max_hp_per_floor":[78,78,78,78,78,78,97,97,97,97,97,97,97,97,97,97,97,97,97,97,97,97,97,97,97,97,97,97,97,97,97,97,97,97],"card_choices":[{"not_picked":["Redo","Go for the Eyes"],"picked":"Doom and Gloom","floor":1},{"not_picked":["Beam Cell","Rebound"],"picked":"Coolheaded","floor":3},{"not_picked":["Compile Driver","Beam Cell"],"picked":"FTL","floor":4},{"not_picked":["Double Energy","Sweeping Beam"],"picked":"Cold Snap","floor":6},{"not_picked":["Buffer","Cold Snap"],"picked":"Ball Lightning","floor":7},{"not_picked":["White Noise","Go for the Eyes"],"picked":"Compile Driver","floor":8},{"not_picked":["Reprogram","Redo"],"picked":"Leap","floor":10},{"not_picked":["FTL","Chaos"],"picked":"Leap","floor":14},{"not_picked":["Reboot","Amplify"],"picked":"Rainbow","floor":16},{"not_picked":["Stack","Sweeping Beam"],"picked":"Recycle+1","floor":18},{"not_picked":["Hologram","Leap+1"],"picked":"White Noise+1","floor":18},{"not_picked":["Undo","FTL"],"picked":"Cold Snap","floor":21},{"not_picked":["Beam Cell+1","Compile Driver"],"picked":"Machine Learning","floor":21},{"not_picked":["Cold Snap","Barrage"],"picked":"Core Surge","floor":23},{"not_picked":["Genetic Algorithm","Turbo"],"picked":"Compile Driver","floor":25},{"not_picked":["Fusion","Barrage"],"picked":"Sweeping Beam","floor":25},{"not_picked":["Beam Cell","Turbo"],"picked":"Self Repair","floor":28},{"not_picked":["Beam Cell","Doom and Gloom"],"picked":"Reinforced Body","floor":28},{"not_picked":["Streamline","Consume"],"picked":"Ball Lightning","floor":31},{"not_picked":["Compile Driver","Chill"],"picked":"Beam Cell","floor":32}],"player_experience":872968,"relics_obtained":[{"floor":7,"key":"Mango"},{"floor":9,"key":"Bronze Scales"},{"floor":17,"key":"Akabeko"},{"floor":17,"key":"Mummified Hand"},{"floor":17,"key":"Prayer Wheel"},{"floor":23,"key":"Bag of Preparation"},{"floor":26,"key":"Oddly Smooth Stone"},{"floor":31,"key":"Dream Catcher"}],"event_choices":[{"damage_healed":0,"gold_gain":0,"player_choice":"Grow","damage_taken":0,"max_hp_gain":0,"max_hp_loss":0,"event_name":"Living Wall","floor":2,"gold_loss":0,"cards_upgraded":["Doom and Gloom"]},{"damage_healed":0,"gold_gain":0,"player_choice":"Take Damage","damage_taken":33,"relics_obtained":["Golden Idol"],"max_hp_gain":0,"max_hp_loss":0,"event_name":"Golden Idol","floor":12,"gold_loss":0},{"damage_healed":0,"gold_gain":50,"player_choice":"Steal","damage_taken":0,"max_hp_gain":0,"max_hp_loss":0,"event_name":"betterThird:BetterNest","floor":20,"gold_loss":0},{"damage_healed":0,"gold_gain":0,"player_choice":"Gave Idol","damage_taken":0,"relics_obtained":["Bloody Idol"],"max_hp_gain":0,"max_hp_loss":0,"event_name":"Forgotten Altar","floor":22,"relics_lost":["Golden Idol"],"gold_loss":0},{"damage_healed":0,"gold_gain":0,"player_choice":"Read","damage_taken":0,"max_hp_gain":0,"max_hp_loss":0,"event_name":"The Library","floor":27,"gold_loss":0,"cards_obtained":["Leap"]},{"damage_healed":0,"gold_gain":0,"player_choice":"Paid Fearfully","damage_taken":0,"max_hp_gain":0,"max_hp_loss":0,"event_name":"Masked Bandits","floor":30,"gold_loss":132}],"is_beta":false,"boss_relics":[{"not_picked":["Tiny House","Cursed Key"],"picked":"Calling Bell"}],"items_purged_floors":[19],"is_endless":false,"potions_floor_spawned":[1,7,8,14,18,21,28],"killed_by":"Champ","ascension_level":15}}