{"host":"4jj9j1v1tx707ann","time":1612002244,"event":{"mods":["AchievementEnabler","BaseMod","Colored Map","Keyboard Shortcuts","Minty Spire (QoL Compilation)","Permanent Neow","Quick Restart","Rare Cards Sparkle","StSLib","SuperFastMode","everything is the same but u backflip on backflip"],"gold_per_floor":[109,109,127,52,70,70,20,20,67,84,110,124,143,175,175,280,280,299,574,285,303,322,334,334,334,360,384,384,55,90,109,109,109,109],"floor_reached":33,"language":"KOR","playtime":889,"items_purged":["Regret","Regret"],"score":335,"play_id":"29ffdeda-1f67-4e3b-91ab-26128377044a","local_time":"20210130192404","is_ascension_mode":true,"campfire_choices":[{"data":"Dagger Spray","floor":6.0,"key":"SMITH"},{"data":"After Image","floor":15.0,"key":"SMITH"},{"data":"Tools of the Trade","floor":24.0,"key":"SMITH"},{"floor":28.0,"key":"REST"},{"floor":32,"key":"REST"}],"circlet_count":0,"master_deck":["Strike_G","Defend_G","Defend_G","Defend_G","Defend_G","Survivor","Neutralize","After Image+1","Bouncing Flask","Dagger Spray+1","Deadly Poison","Backflip","Tools of the Trade+1","Glass Knife+1","Riddle With Holes+1","Die Die Die+1","Master of Strategy","Noxious Fumes","Calculated Gamble","Concentrate+1","Apotheosis+1","Malaise+1"],"relics":["Ring of the Snake","Centennial Puzzle","Oddly Smooth Stone","Akabeko","Kunai","Astrolabe","Toxic Egg 2","CeramicFish","PreservedInsect","Bag of Preparation"],"acts_visited":["Exordium","TheCity"],"potions_floor_usage":[33],"damage_taken":[{"damage":1.0,"enemies":"Jaw Worm","floor":1.0,"turns":5.0},{"damage":0.0,"enemies":"2 Louse","floor":3.0,"turns":2.0},{"damage":3.0,"enemies":"Small Slimes","floor":5.0,"turns":3.0},{"damage":2.0,"enemies":"Exordium Wildlife","floor":10.0,"turns":3.0},{"damage":11.0,"enemies":"3 Sentries","floor":11.0,"turns":8.0},{"damage":0.0,"enemies":"Exordium Thugs","floor":12.0,"turns":3.0},{"damage":1.0,"enemies":"Blue Slaver","floor":13.0,"turns":2.0},{"damage":14.0,"enemies":"Gremlin Nob","floor":14.0,"turns":4.0},{"damage":8.0,"enemies":"Hexaghost","floor":16.0,"turns":9.0},{"damage":8.0,"enemies":"2 Thieves","floor":18.0,"turns":2.0},{"damage":6.0,"enemies":"Chosen","floor":21.0,"turns":2.0},{"damage":11.0,"enemies":"Snake Plant","floor":22.0,"turns":3.0},{"damage":11.0,"enemies":"Cultist and Chosen","floor":23.0,"turns":4.0},{"damage":24.0,"enemies":"Shelled Parasite and Fungi","floor":27.0,"turns":5.0},{"damage":5.0,"enemies":"Slavers","floor":30.0,"turns":2.0},{"damage":0,"enemies":"Snake Plant","floor":31,"turns":2},{"damage":54,"enemies":"Collector","floor":33,"turns":6}],"seed_played":"6406740935840222746","potions_obtained":[{"floor":1.0,"key":"Explosive Potion"},{"floor":10.0,"key":"Swift Potion"},{"floor":12.0,"key":"Poison Potion"},{"floor":16.0,"key":"SteroidPotion"},{"floor":27.0,"key":"SteroidPotion"}],"is_trial":false,"path_per_floor":["M","?","M","$","M","R","?","?","T","M","E","M","M","E","R","B",null,"M","?","$","M","M","M","R","T","T","M","R","$","E","M","R","B"],"character_chosen":"THE_SILENT","items_purchased":["Master of Strategy","Apotheosis+1","PreservedInsect"],"campfire_rested":2,"item_purchase_floors":[20,29,29],"current_hp_per_floor":[69,69,69,69,66,66,66,59,59,57,46,46,45,31,31,23,70,62,62,62,56,45,34,34,34,34,10,31,31,26,26,47,0,0],"gold":109,"neow_bonus":"ONE_RANDOM_RARE_CARD","is_daily":false,"chose_seed":false,"campfire_upgraded":3,"win_rate":0.0,"timestamp":1612002244,"path_taken":["M","?","M","$","M","R","?","?","T","?","E","M","M","E","R","BOSS","M","?","$","?","M","M","R","?","T","M","R","$","E","M","R","BOSS"],"items_purchased_type":["Card","Card","Relic"],"build_version":"2020-12-22","purchased_purges":2,"victory":false,"max_hp_per_floor":[70,70,70,70,70,70,70,70,70,70,70,70,70,70,70,70,70,70,70,70,70,70,70,70,70,70,70,70,70,70,70,70,70,70],"card_choices":[{"not_picked":["Setup","Caltrops","Masterful Stab"],"picked":"SKIP","floor":1.0},{"not_picked":["Flying Knee","Dagger Throw"],"picked":"Bouncing Flask","floor":3.0},{"not_picked":["Slice","Eviscerate"],"picked":"Dagger Spray","floor":5.0},{"not_picked":["Distraction","Riddle With Holes","Blade Dance"],"picked":"SKIP","floor":10.0},{"not_picked":["Doppelganger","Prepared"],"picked":"Deadly Poison","floor":11.0},{"not_picked":["Accuracy","Expertise","Deadly Poison"],"picked":"SKIP","floor":12.0},{"not_picked":["Accuracy","Expertise","Deadly Poison"],"picked":"SKIP","floor":12.0},{"not_picked":["Dagger Spray","Outmaneuver"],"picked":"Backflip","floor":13.0},{"not_picked":["Setup","Riddle With Holes","Accuracy"],"picked":"SKIP","floor":14.0},{"not_picked":["Setup","Riddle With Holes","Accuracy"],"picked":"SKIP","floor":14.0},{"not_picked":["Night Terror","Glass Knife"],"picked":"Tools of the Trade","floor":16.0},{"not_picked":["Acrobatics","Cloak And Dagger","Deadly Poison"],"picked":"SKIP","floor":18.0},{"not_picked":["Tactician","Dodge and Roll+1"],"picked":"Noxious Fumes","floor":21.0},{"not_picked":["Acrobatics","Backstab+1"],"picked":"Calculated Gamble","floor":22.0},{"not_picked":["Reflex","Prepared","Dodge and Roll+1"],"picked":"SKIP","floor":23.0},{"not_picked":["Underhanded Strike","Skewer"],"picked":"Concentrate+1","floor":27.0},{"not_picked":["Endless Agony","Flying Knee","Malaise+1"],"picked":"SKIP","floor":30.0},{"not_picked":["Endless Agony","Flying Knee"],"picked":"Malaise+1","floor":30.0},{"not_picked":["Deadly Poison+1","Tactician+1","Acrobatics+1"],"picked":"SKIP","floor":31}],"player_experience":172146,"relics_obtained":[{"floor":9.0,"key":"Oddly Smooth Stone"},{"floor":11.0,"key":"Akabeko"},{"floor":14.0,"key":"Kunai"},{"floor":25.0,"key":"Toxic Egg 2"},{"floor":26.0,"key":"CeramicFish"},{"floor":30.0,"key":"Bag of Preparation"}],"event_choices":[{"damage_healed":0.0,"max_hp_gain":0.0,"max_hp_loss":0.0,"gold_gain":0.0,"event_name":"Big Fish","player_choice":"Box","floor":2.0,"gold_loss":0.0,"damage_taken":0.0,"relics_obtained":["Centennial Puzzle"],"cards_obtained":["Regret"]},{"cards_removed":["Strike_G"],"damage_healed":0.0,"max_hp_gain":0.0,"max_hp_loss":0.0,"gold_gain":0.0,"event_name":"The Cleric","player_choice":"Card Removal","floor":7.0,"gold_loss":50.0,"damage_taken":0.0},{"cards_removed":["Strike_G"],"damage_healed":0.0,"max_hp_gain":0.0,"max_hp_loss":0.0,"gold_gain":0.0,"event_name":"Golden Wing","player_choice":"Card Removal","floor":8.0,"gold_loss":0.0,"damage_taken":7.0},{"damage_healed":0.0,"max_hp_gain":0.0,"max_hp_loss":0.0,"gold_gain":275.0,"event_name":"Golden Shrine","player_choice":"Desecrate","floor":19.0,"gold_loss":0.0,"damage_taken":0.0,"cards_obtained":["Regret"]}],"is_beta":false,"boss_relics":[{"not_picked":["Cursed Key","HoveringKite"],"picked":"Astrolabe"}],"items_purged_floors":[4,20],"is_endless":false,"potions_floor_spawned":[1,10,12,16,21,22,27],"killed_by":"Collector","ascension_level":4}}