{"host":"1omuyl0df1yi03p2","time":1612025100,"event":{"mods":["BaseMod","Colored Map","Colored Powertips","Downfall","Hubris","Infinite Spire","Minty Spire (QoL Compilation)","Replay The Spire","StSLib","The Bug Knight","The Necromancer","The Wild Card"],"gold_per_floor":[116,17,17,17,28,28,62,62,62,87,105,131,131,82,82,179,179,193,193,204,204,204,204,204,218,245,259,26,61,75,94,94,199,199,211,222,234,88,106,136,153,153,178,209,209,209,209,279,279,279],"floor_reached":51,"language":"ENG","playtime":9683,"items_purged":[],"score":995,"play_id":"189c943c-8084-4edd-a1f3-9d906a9d37e5","local_time":"20210130104500","is_ascension_mode":true,"campfire_choices":[{"data":"Neutralize","floor":6,"key":"SMITH"},{"data":"Cloak And Dagger","floor":8,"key":"SMITH"},{"floor":13,"key":"REST"},{"floor":15,"key":"REST"},{"data":"ReplayTheSpireMod:Scrap Shanks","floor":23,"key":"SMITH"},{"floor":32,"key":"REST"},{"floor":42,"key":"REST"},{"data":"Bane","floor":46,"key":"SMITH"}],"circlet_count":0,"master_deck":["Strike_G","Strike_G","Strike_G","Strike_G","Strike_G","Defend_G","Defend_G","Defend_G","Defend_G","Defend_G","Survivor","Neutralize+1","Glass Knife+1","hubris:TrickCloak","Infinite Blades+1","Cloak And Dagger+1","ReplayTheSpireMod:Scrap Shanks+1","Phantasmal Killer+1","Dodge and Roll+1","ReplayTheSpireMod:Speed Training+1","PiercingWail+1","Die Die Die+1","Acrobatics+1","Tactician+1","Cloak And Dagger+1","Hidden Blade+1","Envenom+1","Blind+1","Acrobatics+1","Acrobatics+1","Backflip+1","Burst+1","Bane+1","Expertise+1","Blade Dance+1","hubris:Insight+1","Backflip+1","Blade Dance+1","Sneak Up+1","Blade Dance+1","Backflip+1"],"relics":["Ring of the Snake","Golden Egg","Blue Candle","Toxic Egg 2","Bottled Tornado","Tiny Chest","Matryoshka","HoveringKite","infinitespire:Satchel","hubris:TenFootPole","Enchiridion","HornCleat","Happy Flower","infinitespire:PuzzleCube","Pen Nib","Sozu","Toy Ornithopter","Vajra","infinitespire:WardingShard","Pocketwatch","hubris:TinFlute"],"acts_visited":["Exordium","TheCity","TheBeyond"],"potions_floor_usage":[12,20,36],"damage_taken":[{"damage":0,"enemies":"2 Louse","floor":1,"turns":2},{"damage":0,"enemies":"Jaw Worm","floor":5,"turns":4},{"damage":18,"enemies":"HollowMod:MossKnight","floor":7,"turns":20},{"damage":11,"enemies":"infinitespire:Voidling","floor":11,"turns":4},{"damage":21,"enemies":"Gremlin Nob","floor":12,"turns":4},{"damage":30,"enemies":"Fading Forest","floor":16,"turns":11},{"damage":4,"enemies":"Shell Parasite","floor":18,"turns":7},{"damage":0,"enemies":"3 Cultists","floor":20,"turns":4},{"damage":0,"enemies":"Cultist and Chosen","floor":25,"turns":5},{"damage":7,"enemies":"Centurion and Healer","floor":27,"turns":5},{"damage":15,"enemies":"Gremlin Leader","floor":29,"turns":6},{"damage":3,"enemies":"Shelled Parasite and Fungi","floor":30,"turns":4},{"damage":0,"enemies":"Snake Plant","floor":31,"turns":3},{"damage":17,"enemies":"Automaton","floor":33,"turns":7},{"damage":0,"enemies":"Orb Walker","floor":35,"turns":3},{"damage":1,"enemies":"3 Darklings","floor":36,"turns":4},{"damage":0,"enemies":"Maw","floor":37,"turns":4},{"damage":7,"enemies":"Sphere and 2 Shapes","floor":39,"turns":4},{"damage":0,"enemies":"Nemesis","floor":40,"turns":3},{"damage":7,"enemies":"4 Shapes","floor":41,"turns":2},{"damage":0,"enemies":"HollowMod:StalkingDevout","floor":44,"turns":3},{"damage":0,"enemies":"Donu and Deca","floor":50,"turns":5}],"seed_played":"6124467287899282092","potions_obtained":[{"floor":11,"key":"Swift Potion"},{"floor":16,"key":"Elixir"},{"floor":18,"key":"hexamod:SoulburnPotion"},{"floor":30,"key":"Reflective Coating"},{"floor":31,"key":"Swift Potion"}],"is_trial":false,"path_per_floor":["M","$","?","?","M","R","E","R","T","T","M","E","R","$","R","B",null,"M","T","M","?","T","R","?","M","T","M","$","E","M","M","R","B",null,"M","M","M","$","M","E","M","R","T","E","AVR","R","?","T","R_BF","B",null],"character_chosen":"THE_SILENT","items_purchased":["Infinite Blades","Cloak And Dagger","PiercingWail+1","Envenom","Blind+1","hubris:Insight+1","Backflip+1"],"campfire_rested":4,"item_purchase_floors":[2,2,14,28,28,38,38],"current_hp_per_floor":[63,63,63,58,58,58,40,40,40,40,38,17,35,35,53,23,63,59,59,59,52,52,52,52,52,52,45,45,30,27,27,45,28,63,63,62,62,62,55,55,48,63,63,63,63,63,63,63,63,63],"gold":279,"neow_bonus":"THREE_RARE_CARDS","is_daily":false,"chose_seed":false,"campfire_upgraded":4,"win_rate":0.0,"timestamp":1612025100,"path_taken":["M","$","?","?","M","R","E","R","T","?","?","E","R","$","R","BOSS","M","?","M","?","?","R","?","M","T","?","$","E","M","M","R","BOSS","M","M","M","$","M","E","M","R","T","E","AVR","R","?","?","R_BF","BOSS"],"items_purchased_type":["Card","Card","Card","Card","Card","Card","Card"],"build_version":"2020-12-22","purchased_purges":0,"victory":true,"max_hp_per_floor":[63,63,63,63,63,63,63,63,63,63,63,63,63,63,63,63,63,63,63,63,63,63,63,63,63,63,63,63,63,63,63,63,63,63,63,63,63,63,63,63,63,63,63,63,63,63,63,63,63,63],"card_choices":[{"not_picked":["Doppelganger","Tools of the Trade"],"picked":"Glass Knife","floor":0},{"not_picked":["Dodge and Roll","Poisoned Stab"],"picked":"hubris:TrickCloak","floor":1},{"not_picked":["hubris:Sniper","Dagger Throw"],"picked":"ReplayTheSpireMod:Scrap Shanks","floor":5},{"not_picked":["Dodge and Roll+1","Poisoned Stab"],"picked":"Phantasmal Killer+1","floor":7},{"not_picked":["Dagger Spray","hubris:TrickCloak+1"],"picked":"Dodge and Roll+1","floor":11},{"not_picked":["Draining Mist+1","Slice"],"picked":"ReplayTheSpireMod:Speed Training+1","floor":12},{"not_picked":["Grand Finale","Envenom"],"picked":"Die Die Die","floor":16},{"not_picked":["Deadly Poison+1","Predator"],"picked":"Acrobatics+1","floor":18},{"not_picked":["Bane+1","Calculated Gamble+1"],"picked":"Tactician+1","floor":20},{"not_picked":["Underhanded Strike+1","Deflect+1"],"picked":"Cloak And Dagger+1","floor":25},{"not_picked":["Poisoned Stab+1","Atom Bomb"],"picked":"Hidden Blade+1","floor":27},{"not_picked":["Crippling Poison+1","ReplayTheSpireMod:Speed Training+1"],"picked":"Acrobatics+1","floor":29},{"not_picked":["Sucker Punch","Choke"],"picked":"Acrobatics+1","floor":30},{"not_picked":["Quick Slash","Dagger Spray"],"picked":"Backflip+1","floor":31},{"not_picked":["infinitespire:Neurotoxin+1","Die Die Die"],"picked":"Burst+1","floor":33},{"not_picked":["Hidden Blade+1","Well Laid Plans+1"],"picked":"Bane","floor":35},{"not_picked":["Quick Slash+1","Noxious Fumes"],"picked":"Expertise+1","floor":36},{"not_picked":["Quick Slash","Sucker Punch+1"],"picked":"Blade Dance+1","floor":37},{"not_picked":["Calculated Gamble+1","Backflip+1"],"picked":"Blade Dance+1","floor":39},{"not_picked":["Underhanded Strike+1","Storm of Steel+1"],"picked":"Sneak Up+1","floor":40},{"not_picked":["Finisher+1","Underhanded Strike"],"picked":"Blade Dance+1","floor":41},{"not_picked":["Hidden Blade+1","Flying Knee+1"],"picked":"Backflip+1","floor":44}],"player_experience":188269,"relics_obtained":[{"floor":3,"key":"Golden Egg"},{"floor":7,"key":"Toxic Egg 2"},{"floor":9,"key":"Bottled Tornado"},{"floor":10,"key":"Tiny Chest"},{"floor":12,"key":"Matryoshka"},{"floor":19,"key":"infinitespire:Satchel"},{"floor":19,"key":"hubris:TenFootPole"},{"floor":21,"key":"Enchiridion"},{"floor":22,"key":"HornCleat"},{"floor":22,"key":"Happy Flower"},{"floor":26,"key":"infinitespire:PuzzleCube"},{"floor":29,"key":"Pen Nib"},{"floor":40,"key":"Toy Ornithopter"},{"floor":43,"key":"Vajra"},{"floor":44,"key":"infinitespire:WardingShard"},{"floor":48,"key":"hubris:TinFlute"}],"event_choices":[{"damage_healed":0,"gold_gain":0,"player_choice":"Obtained Book","damage_taken":16,"max_hp_gain":0,"max_hp_loss":0,"event_name":"Cursed Tome","floor":21,"gold_loss":0},{"damage_healed":0,"gold_gain":0,"player_choice":"Upgraded","damage_taken":0,"max_hp_gain":0,"max_hp_loss":0,"event_name":"Upgrade Shrine","floor":24,"gold_loss":0,"cards_upgraded":["Infinite Blades"]},{"damage_healed":0,"gold_gain":0,"player_choice":"Ignored","damage_taken":0,"max_hp_gain":0,"max_hp_loss":0,"event_name":"Mysterious Sphere","floor":47,"gold_loss":0}],"is_beta":false,"boss_relics":[{"not_picked":["hubris:RunicObelisk","Tiny House"],"picked":"HoveringKite"},{"not_picked":["hubris:HollowSoul","Runic Dome"],"picked":"Sozu"}],"items_purged_floors":[],"is_endless":false,"potions_floor_spawned":[11,16,18,30,31,36,37,41],"ascension_level":4}}