{"host":"tiwza2kisyyrpq7h","time":1612011508,"event":{"mods":["BaseMod","BetterRewards","Colored Powertips","Minty Spire (QoL Compilation)","Quick Restart","Rare Cards Sparkle","StSLib","SuperFastMode","The Servant 0.9.4","óô»ðÖ¸ÄÏ"],"gold_per_floor":[111,125,125,200,200,200,232,244,270,285,298,298,66,86,86,190,190,209,235,145,156,168,201,201,201,224,237,237,251,251,267,267,365,365,380,1379,1399,1399,1414,1414,1414,1414,1464,1464,1482,1514,477,492,5,5],"floor_reached":51,"language":"ZHS","playtime":2010,"items_purged":["Strike_B","Strike_B+1","Defend_B"],"score":1218,"play_id":"51188e98-ebac-4455-8656-14c8efbc6c8b","local_time":"20210130205828","is_ascension_mode":true,"campfire_choices":[{"data":"Dualcast","floor":6.0,"key":"SMITH"},{"data":"Loop","floor":15.0,"key":"SMITH"},{"floor":24.0,"key":"REST"},{"floor":32.0,"key":"REST"},{"floor":40.0,"key":"REST"},{"floor":42.0,"key":"REST"}],"circlet_count":0,"master_deck":["AscendersBane","Defend_B+1","Zap+1","Dualcast+1","Auto Shields","Glacier","Chaos","Defragment+1","Loop+1","Ball Lightning+1","Echo Form","Static Discharge","Coolheaded+1","Sunder+1","Buffer","Blizzard","Compile Driver","Creative AI","Coolheaded","Conserve Battery","Undo","Loop","Amplify","White Noise","Hello World","Double Energy","Magnetism","Turbo","Static Discharge"],"relics":["Cracked Core","NeowsBlessing","Tiny Chest","Pen Nib","Runic Capacitor","Fusion Hammer","Toy Ornithopter","Whetstone","DataDisk","Pantograph","Empty Cage","Kunai","Art of War","Boot","Unceasing Top","Toolbox","Ginger","Membership Card","War Paint"],"acts_visited":["Exordium","TheCity","TheBeyond"],"potions_floor_usage":[50,50],"damage_taken":[{"damage":0.0,"enemies":"Cultist","floor":1.0,"turns":1.0},{"damage":0.0,"enemies":"Small Slimes","floor":2.0,"turns":1.0},{"damage":0.0,"enemies":"Lagavulin","floor":7.0,"turns":1.0},{"damage":7.0,"enemies":"2 Louse","floor":8.0,"turns":3.0},{"damage":0.0,"enemies":"Lots of Slimes","floor":10.0,"turns":6.0},{"damage":0.0,"enemies":"Looter","floor":11.0,"turns":4.0},{"damage":4.0,"enemies":"Exordium Wildlife","floor":14.0,"turns":6.0},{"damage":15.0,"enemies":"The Guardian","floor":16.0,"turns":8.0},{"damage":28.0,"enemies":"3 Byrds","floor":18.0,"turns":4.0},{"damage":7.0,"enemies":"2 Thieves","floor":21.0,"turns":3.0},{"damage":7.0,"enemies":"Centurion and Healer","floor":22.0,"turns":10.0},{"damage":18.0,"enemies":"Gremlin Leader","floor":23.0,"turns":6.0},{"damage":20.0,"enemies":"Shelled Parasite and Fungi","floor":27.0,"turns":4.0},{"damage":1.0,"enemies":"Chosen and Byrds","floor":29.0,"turns":9.0},{"damage":8.0,"enemies":"Colosseum Slavers","floor":30.0,"turns":3.0},{"damage":0.0,"enemies":"3 Cultists","floor":31.0,"turns":5.0},{"damage":25.0,"enemies":"Collector","floor":33.0,"turns":9.0},{"damage":13.0,"enemies":"3 Shapes","floor":35.0,"turns":3.0},{"damage":7.0,"enemies":"Orb Walker","floor":37.0,"turns":4.0},{"damage":29.0,"enemies":"4 Shapes","floor":39.0,"turns":3.0},{"damage":3.0,"enemies":"Sphere and 2 Shapes","floor":45.0,"turns":6.0},{"damage":0.0,"enemies":"Giant Head","floor":46.0,"turns":10.0},{"damage":0.0,"enemies":"Maw","floor":48.0,"turns":8.0},{"damage":61,"enemies":"Awakened One","floor":50,"turns":10}],"seed_played":"7452943517813872227","potions_obtained":[{"floor":1.0,"key":"DuplicationPotion"},{"floor":2.0,"key":"Swift Potion"},{"floor":5.0,"key":"FocusPotion"},{"floor":10.0,"key":"Block Potion"},{"floor":14.0,"key":"Energy Potion"},{"floor":22.0,"key":"Energy Potion"},{"floor":31.0,"key":"SneckoOil"},{"floor":35.0,"key":"Block Potion"},{"floor":48.0,"key":"Dexterity Potion"}],"is_trial":false,"path_per_floor":["M","M","?","?","?","R","E","M","T","M","M","?","$","M","R","B",null,"M","T","?","M","M","E","R","?","T","M","T","M","?","M","R","B",null,"M","?","M","?","M","R","T","R","T","?","M","E","$","M","R","B",null],"character_chosen":"DEFECT","items_purchased":["Runic Capacitor","Unceasing Top","Toolbox","White Noise","Hello World","Double Energy","Ginger","Membership Card","Magnetism","War Paint","Turbo","DuplicationPotion","Static Discharge"],"campfire_rested":4,"item_purchase_floors":[13,47,47,47,47,47,47,49,49,49,49,49,49],"current_hp_per_floor":[68,68,61,50,50,50,50,43,43,43,43,28,28,24,24,9,59,31,31,31,29,22,9,31,31,31,11,11,10,2,2,24,29,64,51,51,44,44,20,42,42,64,64,64,61,61,61,61,61,14],"gold":5,"neow_bonus":"THREE_ENEMY_KILL","is_daily":false,"chose_seed":false,"campfire_upgraded":2,"win_rate":0.0,"timestamp":1612011508,"path_taken":["M","M","?","?","?","R","E","?","T","M","M","?","?","M","R","BOSS","M","?","?","?","M","E","R","?","T","M","?","M","?","M","R","BOSS","M","?","M","?","M","R","?","R","T","?","M","E","$","M","R","BOSS"],"items_purchased_type":["Relic","Relic","Relic","Card","Card","Card","Relic","Relic","Card","Relic","Card","Potion","Card"],"build_version":"2020-12-22","purchased_purges":3,"victory":true,"max_hp_per_floor":[75,75,75,75,75,75,75,75,75,75,75,75,75,75,75,75,75,75,75,75,75,75,75,75,75,75,75,75,75,75,75,75,75,75,75,75,75,75,75,75,75,75,75,75,75,75,75,75,75,75],"card_choices":[{"not_picked":["Hologram","Chaos"],"picked":"Auto Shields","floor":1.0},{"not_picked":["Beam Cell","Leap"],"picked":"Glacier","floor":2.0},{"not_picked":["Sunder","Ball Lightning"],"picked":"Chaos","floor":7.0},{"not_picked":["Ball Lightning","Beam Cell"],"picked":"Defragment","floor":8.0},{"not_picked":["Sweeping Beam","Barrage"],"picked":"Loop","floor":10.0},{"not_picked":["Redo","Steam","Gash"],"picked":"SKIP","floor":11.0},{"not_picked":["Barrage","Cold Snap"],"picked":"Ball Lightning","floor":14.0},{"not_picked":["All For One","Fission"],"picked":"Echo Form","floor":16.0},{"not_picked":["Barrage","Ball Lightning+1"],"picked":"Static Discharge","floor":18.0},{"not_picked":["Lockon+1","Reinforced Body"],"picked":"Coolheaded","floor":21.0},{"not_picked":["Barrage","Cold Snap"],"picked":"Sunder+1","floor":22.0},{"not_picked":["Doom and Gloom","Coolheaded"],"picked":"Buffer","floor":23.0},{"not_picked":["Redo","Rebound"],"picked":"Blizzard","floor":27.0},{"not_picked":["Rebound","Cold Snap"],"picked":"Turbo","floor":29.0},{"not_picked":["Gash","Beam Cell"],"picked":"Compile Driver","floor":31.0},{"not_picked":["Biased Cognition","All For One"],"picked":"Creative AI","floor":33.0},{"not_picked":["Rip and Tear","Rebound"],"picked":"Coolheaded","floor":35.0},{"not_picked":["Tempest","Darkness"],"picked":"Conserve Battery","floor":37.0},{"not_picked":["Redo","Blizzard"],"picked":"Undo","floor":39.0},{"not_picked":["Ball Lightning","Steam Power+1"],"picked":"Loop","floor":45.0},{"not_picked":["Sweeping Beam","Ball Lightning"],"picked":"Amplify","floor":46.0},{"not_picked":["Rebound+1","Redo","Conserve Battery"],"picked":"SKIP","floor":48.0}],"player_experience":958381,"relics_obtained":[{"floor":7.0,"key":"Tiny Chest"},{"floor":9.0,"key":"Pen Nib"},{"floor":19.0,"key":"Toy Ornithopter"},{"floor":23.0,"key":"Whetstone"},{"floor":26.0,"key":"DataDisk"},{"floor":28.0,"key":"Pantograph"},{"floor":41.0,"key":"Kunai"},{"floor":43.0,"key":"Art of War"},{"floor":46.0,"key":"Boot"}],"event_choices":[{"cards_removed":["Defend_B"],"damage_healed":0.0,"max_hp_gain":0.0,"max_hp_loss":0.0,"gold_gain":0.0,"event_name":"Golden Wing","player_choice":"Card Removal","floor":3.0,"gold_loss":0.0,"damage_taken":7.0},{"damage_healed":0.0,"max_hp_gain":0.0,"max_hp_loss":0.0,"gold_gain":75.0,"event_name":"World of Goop","player_choice":"Gather Gold","floor":4.0,"gold_loss":0.0,"damage_taken":11.0},{"damage_healed":0.0,"max_hp_gain":0.0,"max_hp_loss":0.0,"gold_gain":0.0,"event_name":"Lab","player_choice":"Got Potions","floor":5.0,"gold_loss":0.0,"damage_taken":0.0},{"damage_healed":0.0,"max_hp_gain":0.0,"max_hp_loss":0.0,"gold_gain":0.0,"event_name":"Shining Light","player_choice":"Entered Light","floor":12.0,"gold_loss":0.0,"damage_taken":15.0,"cards_upgraded":["Defragment","Strike_B"]},{"cards_removed":["Strike_B"],"damage_healed":0.0,"max_hp_gain":0.0,"max_hp_loss":0.0,"gold_gain":0.0,"event_name":"Designer","player_choice":"Upgrade and Remove","floor":20.0,"gold_loss":90.0,"damage_taken":0.0,"cards_upgraded":["Defend_B"]},{"damage_healed":0.0,"max_hp_gain":0.0,"max_hp_loss":0.0,"gold_gain":0.0,"event_name":"Ghosts","player_choice":"Ignored","floor":25.0,"gold_loss":0.0,"damage_taken":0.0},{"damage_healed":0.0,"max_hp_gain":0.0,"max_hp_loss":0.0,"gold_gain":0.0,"event_name":"Colosseum","player_choice":"Fight","floor":30.0,"gold_loss":0.0,"damage_taken":0.0},{"damage_healed":0.0,"max_hp_gain":0.0,"max_hp_loss":0.0,"gold_gain":0.0,"event_name":"Colosseum","player_choice":"Fled From Nobs","floor":30.0,"gold_loss":0.0,"damage_taken":0.0},{"damage_healed":0.0,"max_hp_gain":0.0,"max_hp_loss":0.0,"gold_gain":999.0,"event_name":"MindBloom","player_choice":"Gold","floor":36.0,"gold_loss":0.0,"damage_taken":0.0,"cards_obtained":["Normality","Normality"]},{"cards_removed":["Normality","Normality"],"damage_healed":0.0,"max_hp_gain":0.0,"max_hp_loss":0.0,"gold_gain":0.0,"event_name":"Fountain of Cleansing","player_choice":"Removed Curses","floor":38.0,"gold_loss":0.0,"damage_taken":0.0},{"cards_removed":["Turbo"],"damage_healed":0.0,"max_hp_gain":0.0,"max_hp_loss":0.0,"gold_gain":0.0,"event_name":"Falling","player_choice":"Removed Skill","floor":44.0,"gold_loss":0.0,"damage_taken":0.0}],"is_beta":false,"boss_relics":[{"not_picked":["Busted Crown","SlaversCollar"],"picked":"Fusion Hammer"},{"not_picked":["Sozu","Snecko Eye"],"picked":"Empty Cage"}],"items_purged_floors":[13,47,49],"is_endless":false,"potions_floor_spawned":[1,2,10,14,22,30,31,35,48],"ascension_level":12}}