{"host":"oigynbtg272c19pw","time":1612009680,"event":{"mods":["BaseMod","Colored Map","Minty Spire (QoL Compilation)","Relic Stats","Slay the Relics Exporter","StSLib"],"gold_per_floor":[116,116,61,75,93,123,123,123,192,25,25,68,68,92,92,92,92],"floor_reached":16,"playtime":473,"items_purged":[],"score":216,"play_id":"2cdb22d8-320e-4aec-8686-923ffce8e117","local_time":"20210130132800","is_ascension_mode":true,"campfire_choices":[{"data":"Perfected Strike","floor":11.0,"key":"SMITH"},{"data":"Double Tap","floor":13,"key":"SMITH"},{"data":"Intimidate","floor":15,"key":"SMITH"}],"circlet_count":0,"master_deck":["AscendersBane","Strike_R","Strike_R","Strike_R+1","Strike_R+1","Strike_R","Defend_R","Defend_R","Defend_R","Bash","Perfected Strike+1","Shrug It Off","Intimidate+1","Anger","Double Tap+1","Brutality","Headbutt"],"relics":["Burning Blood","NeowsBlessing","Boot","Calipers","Golden Idol","White Beast Statue","Lee\u0027s Waffle","Omamori"],"acts_visited":["Exordium"],"potions_floor_usage":[16],"damage_taken":[{"damage":0.0,"enemies":"2 Louse","floor":1.0,"turns":2.0},{"damage":0.0,"enemies":"Cultist","floor":4.0,"turns":1.0},{"damage":0.0,"enemies":"Small Slimes","floor":5.0,"turns":1.0},{"damage":47.0,"enemies":"3 Sentries","floor":6.0,"turns":11.0},{"damage":17,"enemies":"Lagavulin","floor":12,"turns":4},{"damage":11,"enemies":"Exordium Thugs","floor":14,"turns":4},{"damage":59,"enemies":"Hexaghost","floor":16,"turns":9}],"seed_played":"7958929563941090943","potions_obtained":[{"floor":4.0,"key":"EntropicBrew"},{"floor":12,"key":"SteroidPotion"},{"floor":14,"key":"EssenceOfSteel"}],"is_trial":false,"path_per_floor":["M","?","?","M","M","E","?","?","T","$","R","E","R","M","R","B"],"character_chosen":"IRONCLAD","items_purchased":["Lee\u0027s Waffle"],"campfire_rested":0,"item_purchase_floors":[10],"current_hp_per_floor":[74,51,51,57,63,22,22,22,22,75,75,64,64,59,59,0,0],"gold":92,"neow_bonus":"THREE_ENEMY_KILL","is_daily":false,"chose_seed":false,"campfire_upgraded":3,"win_rate":0.0,"timestamp":1612009680,"path_taken":["M","?","?","M","?","E","?","?","T","$","R","E","R","M","R","BOSS"],"items_purchased_type":["Relic"],"build_version":"2020-12-13","purchased_purges":0,"victory":false,"max_hp_per_floor":[75,75,75,75,75,75,68,68,68,75,75,75,75,75,75,75,75],"relic_stats":{"Lee\u0027s Waffle":53,"counters":[7,31],"Golden Idol":14,"Boot":[0],"obtain_stats":[{"Lee\u0027s Waffle":10,"Calipers":6,"NeowsBlessing":0,"Golden Idol":7,"Omamori":12,"Boot":3,"Burning Blood":0,"White Beast Statue":9},{"Lee\u0027s Waffle":4,"Calipers":4,"NeowsBlessing":0,"Golden Idol":4,"Omamori":5,"Boot":1,"Burning Blood":0,"White Beast Statue":4},{"Lee\u0027s Waffle":15,"Calipers":15,"NeowsBlessing":0,"Golden Idol":15,"Omamori":19,"Boot":2,"Burning Blood":0,"White Beast Statue":15}],"Burning Blood":36},"card_choices":[{"not_picked":["True Grit","Armaments"],"picked":"Perfected Strike","floor":1.0},{"not_picked":["Seeing Red","Clash"],"picked":"Shrug It Off","floor":4.0},{"not_picked":["Shrug It Off","Perfected Strike"],"picked":"Intimidate","floor":5.0},{"not_picked":["True Grit","Havoc"],"picked":"Anger","floor":6.0},{"not_picked":["Burning Pact","Blood for Blood"],"picked":"Brutality","floor":12},{"not_picked":["Heavy Blade","Havoc"],"picked":"Headbutt","floor":14}],"player_experience":1508840,"relics_obtained":[{"floor":6.0,"key":"Calipers"},{"floor":9.0,"key":"White Beast Statue"},{"floor":12,"key":"Omamori"}],"event_choices":[{"damage_healed":0.0,"max_hp_gain":0.0,"max_hp_loss":0.0,"gold_gain":0.0,"event_name":"Shining Light","player_choice":"Entered Light","floor":2.0,"gold_loss":0.0,"damage_taken":23.0,"cards_upgraded":["Strike_R","Strike_R"]},{"damage_healed":0.0,"max_hp_gain":0.0,"max_hp_loss":0.0,"gold_gain":0.0,"event_name":"WeMeetAgain","player_choice":"Paid Gold","floor":3.0,"gold_loss":55.0,"damage_taken":0.0,"relics_obtained":["Boot"]},{"damage_healed":0.0,"max_hp_gain":0.0,"max_hp_loss":7.0,"gold_gain":0.0,"event_name":"Golden Idol","player_choice":"Lose Max HP","floor":7.0,"gold_loss":0.0,"damage_taken":0.0,"relics_obtained":["Golden Idol"]},{"damage_healed":0.0,"max_hp_gain":0.0,"max_hp_loss":0.0,"gold_gain":0.0,"cards_transformed":["Defend_R"],"event_name":"Transmorgrifier","player_choice":"Transformed","floor":8.0,"gold_loss":0.0,"damage_taken":0.0,"cards_obtained":["Double Tap"]}],"is_beta":false,"boss_relics":[],"items_purged_floors":[],"is_endless":false,"potions_floor_spawned":[4,12,14],"killed_by":"Hexaghost","ascension_level":20}}