{"host":"ya062ahhhuj9au1o","time":1612031824,"event":{"mods":["BaseMod","Better Third Choice","Downfall","Filter the Spire","Hermit","Minty Spire (QoL Compilation)","Random Character Button","Robot Space Explorer","Somnambulant","StSLib","The Bug Knight","The Cursed","The Marked","The Servant 0.9.4"],"gold_per_floor":[117,117,137,156,175,175,189,189,189,223,223,243,243,24,24,120,120,120],"floor_reached":17,"language":"ENG","playtime":909,"items_purged":["hermit:Defend_Hermit"],"score":255,"play_id":"16c99b43-fc0d-4b12-92c1-92a88e8844df","local_time":"20210130133704","is_ascension_mode":true,"campfire_choices":[{"data":"hermit:HighNoon","floor":6,"key":"SMITH"},{"data":"hermit:Desperado","floor":8,"key":"SMITH"},{"floor":13,"key":"REST"},{"data":"hermit:CalledShot","floor":15,"key":"SMITH"}],"circlet_count":0,"master_deck":["hermit:Strike_Hermit","hermit:Strike_Hermit","hermit:Strike_Hermit","hermit:Strike_Hermit","hermit:Defend_Hermit","hermit:Defend_Hermit","hermit:Snapshot+1","hermit:Covet","hermit:Deadeye","hermit:CursedWeapon","hermit:Desperado+1","hermit:Scavenge","hermit:CalledShot+1","hermit:Quickdraw"],"relics":["Philosopher\u0027s Stone","InkBottle","Dead Branch","Happy Flower","Mummified Hand","Lee\u0027s Waffle","Empty Cage"],"acts_visited":["Exordium","TheCity"],"potions_floor_usage":[7],"damage_taken":[{"damage":8,"enemies":"Jaw Worm","floor":1,"turns":3},{"damage":0,"enemies":"Cultist","floor":3,"turns":3},{"damage":10,"enemies":"Small Slimes","floor":4,"turns":2},{"damage":9,"enemies":"Exordium Wildlife","floor":5,"turns":4},{"damage":4,"enemies":"Lots of Slimes","floor":7,"turns":3},{"damage":2,"enemies":"HollowMod:MossKnight","floor":10,"turns":5},{"damage":2,"enemies":"Blue Slaver","floor":12,"turns":2},{"damage":48,"enemies":"Hexaghost","floor":16,"turns":5}],"seed_played":"-728738702866951947","potions_obtained":[{"floor":3,"key":"Block Potion"},{"floor":16,"key":"hermit:Eclipse"}],"is_trial":false,"path_per_floor":["M","?","M","M","M","R","M","R","T","E","?","M","R","$","R","B",null],"character_chosen":"HERMIT","items_purchased":["Lee\u0027s Waffle"],"campfire_rested":1,"item_purchase_floors":[14],"current_hp_per_floor":[60,60,60,50,41,41,37,37,37,35,29,27,49,82,82,34,70,70],"gold":120,"neow_bonus":"BOSS_RELIC","is_daily":false,"chose_seed":false,"campfire_upgraded":3,"win_rate":0.0,"timestamp":1612031824,"path_taken":["M","?","M","M","M","R","?","R","T","E","?","M","R","$","R","BOSS"],"items_purchased_type":["Relic"],"build_version":"2020-12-22","purchased_purges":1,"victory":false,"max_hp_per_floor":[75,75,75,75,75,75,75,75,75,75,75,75,75,82,82,82,82,82],"card_choices":[{"not_picked":["hermit:WideOpen","hermit:ItchyTrigger"],"picked":"hermit:Deadeye","floor":1},{"not_picked":["hermit:Misfire","hermit:HoleUp"],"picked":"hermit:CursedWeapon","floor":3},{"not_picked":["hermit:TrackingShot","hermit:Virtue"],"picked":"hermit:HighNoon","floor":4},{"not_picked":["hermit:Roulette","hermit:Quickdraw"],"picked":"hermit:Desperado","floor":5},{"not_picked":["hermit:Misfire","hermit:Desperado"],"picked":"hermit:Scavenge","floor":7},{"not_picked":["hermit:Brawl","hermit:Ricochet"],"picked":"hermit:CalledShot","floor":10},{"not_picked":["hermit:Shortfuse","hermit:ItchyTrigger"],"picked":"hermit:Quickdraw","floor":12}],"player_experience":1820303,"relics_obtained":[{"floor":9,"key":"InkBottle"},{"floor":10,"key":"Dead Branch"}],"event_choices":[{"damage_healed":0,"gold_gain":0,"player_choice":"Forge","damage_taken":0,"max_hp_gain":0,"max_hp_loss":0,"event_name":"Accursed Blacksmith","floor":2,"gold_loss":0,"cards_upgraded":["hermit:Snapshot"]},{"damage_healed":0,"gold_gain":1,"player_choice":"Relic Relic ","damage_taken":6,"max_hp_gain":0,"max_hp_loss":0,"event_name":"betterThird:BetterScrap","floor":11,"gold_loss":0,"cards_obtained":["Lockon"]}],"is_beta":false,"boss_relics":[{"not_picked":["Velvet Choker","Ectoplasm"],"picked":"Empty Cage"}],"items_purged_floors":[14],"is_endless":false,"potions_floor_spawned":[3,16],"ascension_level":8}}