{"host":"9qk11wtevf51xvhl","time":1612043328,"event":{"mods":["BaseMod","Minty Spire (QoL Compilation)"],"gold_per_floor":[119,131,431,431,431,466,466,494,494,506,506,535,555,574,574,679,679,652,652,664,676,108,137,137,137,137],"floor_reached":25,"language":"ENG","playtime":2071,"items_purged":["Regret"],"score":290,"play_id":"e0e2bb24-7510-496f-b6de-d4a4f1d17add","local_time":"20210130224848","is_ascension_mode":true,"campfire_choices":[{"data":"Conserve Battery","floor":7,"key":"SMITH"},{"floor":11,"key":"REST"},{"floor":15,"key":"REST"}],"circlet_count":0,"master_deck":["Strike_B","Strike_B","Strike_B","Strike_B","Defend_B","Defend_B","Defend_B","Defend_B","Zap","Dualcast","Cold Snap","Conserve Battery+1","Steam","Cold Snap","Streamline","Reinforced Body","Loop","Capacitor","Electrodynamics","Coolheaded","Aggregate+1","Leap","Storm","Ghostly","Ghostly","Ghostly","Ghostly","Ghostly"],"relics":["Cracked Core","Old Coin","Girya","Bag of Marbles","Calipers","Ancient Tea Set","Bottled Flame","Bottled Lightning","Inserter","Oddly Smooth Stone","Toolbox","Bag of Preparation","MealTicket"],"acts_visited":["Exordium","TheCity"],"potions_floor_usage":[16,16,20],"damage_taken":[{"damage":0,"enemies":"Cultist","floor":1,"turns":4},{"damage":0,"enemies":"2 Louse","floor":2,"turns":3},{"damage":36,"enemies":"3 Sentries","floor":6,"turns":10},{"damage":9,"enemies":"Lagavulin","floor":8,"turns":9},{"damage":5,"enemies":"Small Slimes","floor":10,"turns":3},{"damage":6,"enemies":"3 Sentries","floor":12,"turns":8},{"damage":35,"enemies":"Gremlin Gang","floor":13,"turns":6},{"damage":1,"enemies":"Large Slime","floor":14,"turns":4},{"damage":42,"enemies":"Slime Boss","floor":16,"turns":16},{"damage":22,"enemies":"2 Thieves","floor":18,"turns":5},{"damage":2,"enemies":"3 Byrds","floor":20,"turns":2},{"damage":24,"enemies":"Centurion and Healer","floor":21,"turns":13},{"damage":46,"enemies":"Slavers","floor":23,"turns":5},{"damage":17,"enemies":"Book of Stabbing","floor":25,"turns":3}],"seed_played":"-3414868395569526626","potions_obtained":[{"floor":13,"key":"LiquidMemories"},{"floor":14,"key":"Regen Potion"},{"floor":18,"key":"LiquidBronze"}],"is_trial":false,"path_per_floor":["M","M","T","?","?","E","R","E","T","M","R","E","M","M","R","B",null,"M","?","M","M","$","E","?","E"],"character_chosen":"DEFECT","items_purchased":["Oddly Smooth Stone","Toolbox","Bag of Preparation","Leap"],"campfire_rested":2,"item_purchase_floors":[22,22,22,22],"current_hp_per_floor":[82,82,82,79,79,43,43,34,34,29,53,47,12,11,35,8,82,60,82,80,56,56,10,10,0,0],"gold":137,"neow_bonus":"TEN_PERCENT_HP_BONUS","is_daily":false,"chose_seed":false,"campfire_upgraded":1,"win_rate":0.0,"timestamp":1612043328,"path_taken":["M","M","?","?","?","E","R","E","T","M","R","E","M","M","R","BOSS","M","?","M","?","$","E","?","E"],"items_purchased_type":["Relic","Relic","Relic","Card"],"build_version":"2020-12-22","purchased_purges":1,"victory":false,"max_hp_per_floor":[82,82,82,82,82,82,82,82,82,82,82,82,82,82,82,82,82,82,82,82,82,82,82,41,41,41],"card_choices":[{"not_picked":["Coolheaded","Ball Lightning"],"picked":"Cold Snap","floor":1},{"not_picked":["Turbo","Rebound"],"picked":"Conserve Battery","floor":2},{"not_picked":["Compile Driver","Gash"],"picked":"Steam","floor":6},{"not_picked":["Hologram","Skim"],"picked":"Cold Snap","floor":8},{"not_picked":["Coolheaded","Hello World"],"picked":"Streamline","floor":10},{"not_picked":["Turbo","Skim"],"picked":"Reinforced Body","floor":12},{"not_picked":["White Noise","Gash"],"picked":"Loop","floor":13},{"not_picked":["Redo","Force Field"],"picked":"Capacitor","floor":14},{"not_picked":["Creative AI","Meteor Strike"],"picked":"Electrodynamics","floor":16},{"not_picked":["Beam Cell+1","Conserve Battery+1"],"picked":"Coolheaded","floor":18},{"not_picked":["Hologram","Stack","Rebound"],"picked":"SKIP","floor":20},{"not_picked":["Gash","Steam Power"],"picked":"Aggregate+1","floor":21},{"not_picked":["Echo Form","Hologram+1"],"picked":"Storm","floor":23}],"player_experience":567709,"relics_obtained":[{"floor":3,"key":"Old Coin"},{"floor":6,"key":"Calipers"},{"floor":8,"key":"Ancient Tea Set"},{"floor":9,"key":"Bottled Flame"},{"floor":12,"key":"Bottled Lightning"},{"floor":23,"key":"MealTicket"}],"event_choices":[{"damage_healed":0,"gold_gain":0,"player_choice":"Success","damage_taken":3,"relics_obtained":["Girya"],"max_hp_gain":0,"max_hp_loss":0,"event_name":"Scrap Ooze","floor":4,"gold_loss":0},{"damage_healed":0,"gold_gain":0,"player_choice":"Box","damage_taken":0,"relics_obtained":["Bag of Marbles"],"max_hp_gain":0,"max_hp_loss":0,"event_name":"Big Fish","floor":5,"gold_loss":0,"cards_obtained":["Regret"]},{"damage_healed":22,"gold_gain":0,"player_choice":"Full Heal","damage_taken":0,"max_hp_gain":0,"max_hp_loss":0,"event_name":"Wheel of Change","floor":19,"gold_loss":0},{"damage_healed":0,"gold_gain":0,"player_choice":"Became a Ghost","damage_taken":0,"max_hp_gain":0,"max_hp_loss":41,"event_name":"Ghosts","floor":24,"gold_loss":0,"cards_obtained":["Ghostly","Ghostly","Ghostly","Ghostly","Ghostly"]}],"is_beta":false,"boss_relics":[{"not_picked":["Calling Bell","Snecko Eye"],"picked":"Inserter"}],"items_purged_floors":[22],"is_endless":false,"potions_floor_spawned":[13,14,18],"killed_by":"Book of Stabbing","ascension_level":2}}