{"host":"19r1ww88x2tc73i0","time":1612015081,"event":{"mods":["BaseMod","BetterRewards","Colored Map","Minty Spire (QoL Compilation)","Relic Stats","StSLib","SuperFastMode","slay the spire mod where everything is the same but ironclad has a cowboy hat"],"gold_per_floor":[117,97,117,127,142,142,170,170,196,214,214,234,249,1,1,73,73,91,91,91,111,36,36,47,65,138,138,138,138],"floor_reached":28,"language":"ENG","playtime":920,"items_purged":["Strike_R"],"score":444,"play_id":"ef6a5df0-fa13-4bea-a0e3-4f37d03ab1e7","local_time":"25640130205801","is_ascension_mode":true,"campfire_choices":[{"data":"Pommel Strike","floor":6.0,"key":"SMITH"},{"data":"Shockwave","floor":8.0,"key":"SMITH"},{"data":"Clothesline","floor":11.0,"key":"SMITH"},{"data":"Flex","floor":15,"key":"SMITH"},{"floor":23,"key":"REST"},{"data":"Limit Break","floor":27,"key":"SMITH"}],"circlet_count":0,"master_deck":["AscendersBane","Strike_R","Strike_R","Strike_R","Defend_R","Defend_R","Defend_R","Defend_R","Bash","Pommel Strike+1","Shrug It Off","Shockwave+1","Twin Strike","Exhume","Clothesline+1","Battle Trance","Flex+1","Inflame+1","Limit Break+1","Intimidate","Necronomicurse","Bloodletting+1","Corruption"],"relics":["Burning Blood","Bag of Preparation","Pen Nib","Toolbox","SacredBark","Necronomicon"],"acts_visited":["Exordium","TheCity"],"potions_floor_usage":[16,25,25],"damage_taken":[{"damage":2.0,"enemies":"2 Louse","floor":1.0,"turns":4.0},{"damage":12.0,"enemies":"Cultist","floor":3.0,"turns":4.0},{"damage":0.0,"enemies":"Small Slimes","floor":4.0,"turns":6.0},{"damage":10.0,"enemies":"2 Fungi Beasts","floor":5.0,"turns":5.0},{"damage":22.0,"enemies":"3 Sentries","floor":7.0,"turns":6.0},{"damage":35.0,"enemies":"Exordium Thugs","floor":10.0,"turns":7.0},{"damage":16,"enemies":"3 Louse","floor":12,"turns":3},{"damage":1,"enemies":"Exordium Wildlife","floor":13,"turns":3},{"damage":17,"enemies":"Hexaghost","floor":16,"turns":8},{"damage":32,"enemies":"Chosen","floor":18,"turns":6},{"damage":9,"enemies":"2 Thieves","floor":21,"turns":2},{"damage":25,"enemies":"Snake Plant","floor":24,"turns":4},{"damage":6,"enemies":"Centurion and Healer","floor":25,"turns":4},{"damage":16,"enemies":"Cultist and Chosen","floor":28,"turns":3}],"seed_played":"-7058685460361775054","potions_obtained":[{"floor":2.0,"key":"EntropicBrew"},{"floor":3.0,"key":"Block Potion"},{"floor":7.0,"key":"LiquidMemories"},{"floor":10.0,"key":"Dexterity Potion"},{"floor":16,"key":"Swift Potion"},{"floor":25,"key":"ElixirPotion"}],"is_trial":false,"path_per_floor":["M","?","M","M","M","R","E","R","T","M","R","M","M","$","R","B",null,"M","?","?","M","$","R","M","M","T","R","M"],"character_chosen":"IRONCLAD","items_purchased":["Inflame","Toolbox"],"campfire_rested":1,"item_purchase_floors":[14,14],"current_hp_per_floor":[72,72,66,72,68,68,52,52,52,37,37,27,32,32,32,21,62,36,15,15,12,12,34,15,15,15,15,0,0],"gold":138,"neow_bonus":"REMOVE_CARD","is_daily":false,"chose_seed":false,"campfire_upgraded":5,"win_rate":0.0,"timestamp":1612015081,"path_taken":["M","?","?","M","M","R","E","R","T","M","R","M","M","$","R","BOSS","M","?","?","M","$","R","M","M","T","R","M"],"items_purchased_type":["Card","Relic"],"build_version":"2020-12-22","purchased_purges":1,"victory":false,"max_hp_per_floor":[75,75,75,75,75,75,75,75,75,75,75,75,75,75,75,75,75,75,75,75,75,75,75,75,75,75,75,75,75],"relic_stats":{"counters":[14,65],"Pen Nib":[6],"Bag of Preparation":[18],"Necronomicon":[8],"obtain_stats":[{"SacredBark":17,"Toolbox":14,"Pen Nib":9,"Bag of Preparation":7,"Necronomicon":19,"Burning Blood":0},{"SacredBark":9,"Toolbox":8,"Pen Nib":5,"Bag of Preparation":5,"Necronomicon":10,"Burning Blood":0},{"SacredBark":46,"Toolbox":38,"Pen Nib":25,"Bag of Preparation":25,"Necronomicon":52,"Burning Blood":0}],"Burning Blood":78},"card_choices":[{"not_picked":["Heavy Blade","Body Slam"],"picked":"Pommel Strike","floor":1.0},{"not_picked":["Clash","Disarm"],"picked":"Shrug It Off","floor":3.0},{"not_picked":["Metallicize","Warcry"],"picked":"Shockwave","floor":4.0},{"not_picked":["Clash","Heavy Blade"],"picked":"Twin Strike","floor":5.0},{"not_picked":["Wild Strike","Body Slam"],"picked":"Exhume","floor":7.0},{"not_picked":["Sentinel","Warcry"],"picked":"Clothesline","floor":10.0},{"not_picked":["Armaments","Intimidate"],"picked":"Battle Trance","floor":12},{"not_picked":["Twin Strike","Headbutt"],"picked":"Flex","floor":13},{"not_picked":["Exhume","Impervious"],"picked":"Limit Break","floor":16},{"not_picked":["Warcry","Wild Strike"],"picked":"Intimidate","floor":18},{"not_picked":["Wild Strike","Twin Strike","Clash+1"],"picked":"SKIP","floor":21},{"not_picked":["Shrug It Off","Armaments"],"picked":"Bloodletting+1","floor":24},{"not_picked":["Inflame","Sentinel"],"picked":"Corruption","floor":25}],"player_experience":978667,"relics_obtained":[{"floor":7.0,"key":"Bag of Preparation"},{"floor":9.0,"key":"Pen Nib"},{"floor":19,"key":"Necronomicon"}],"event_choices":[{"damage_healed":0.0,"max_hp_gain":0.0,"max_hp_loss":0.0,"gold_gain":0.0,"event_name":"The Woman in Blue","player_choice":"Bought 1 Potion","floor":2.0,"gold_loss":0.0,"damage_taken":0.0},{"damage_healed":0,"gold_gain":0,"player_choice":"Obtained Book","damage_taken":21,"max_hp_gain":0,"max_hp_loss":0,"event_name":"Cursed Tome","floor":19,"gold_loss":0},{"damage_healed":0,"gold_gain":0,"player_choice":"Upgraded","damage_taken":0,"max_hp_gain":0,"max_hp_loss":0,"event_name":"Upgrade Shrine","floor":20,"gold_loss":0,"cards_upgraded":["Inflame"]}],"is_beta":false,"boss_relics":[{"not_picked":["Black Blood","Runic Pyramid"],"picked":"SacredBark"}],"items_purged_floors":[22],"is_endless":false,"potions_floor_spawned":[3,5,7,10,16,21,25],"killed_by":"Cultist and Chosen","ascension_level":20}}