{"host":"b69u97qm214vzd6b","time":1612029685,"event":{"mods":["BaseMod","Downfall","Hermit","Infinite Spire","Minty Spire (QoL Compilation)","Replay The Spire","StSLib","The Animator","The Cursed"],"gold_per_floor":[111,111,125,139,139,172,185,212,212,236,236,246,246],"floor_reached":12,"language":"ENG","playtime":543,"items_purged":[],"score":108,"play_id":"e2e19372-6d3f-4655-9cc2-ab3e970dfdb1","local_time":"20210130110125","is_ascension_mode":true,"campfire_choices":[{"floor":11,"key":"REST"}],"circlet_count":0,"master_deck":["Strike_B","Strike_B","Strike_B","Strike_B","Defend_B","Defend_B","Defend_B","Defend_B","Zap+1","Dualcast","Conserve Battery","Beam Cell","Glacier","Hologram","Cold Snap","Amplify","Sweeping Beam"],"relics":["Cracked Core","Pen Nib","Replay:Bandana"],"acts_visited":["Exordium"],"potions_floor_usage":[6,8,12,12],"damage_taken":[{"damage":12,"enemies":"Jaw Worm","floor":1,"turns":4},{"damage":6,"enemies":"Cultist","floor":3,"turns":3},{"damage":3,"enemies":"2 Louse","floor":4,"turns":3},{"damage":54,"enemies":"Gremlin Nob","floor":6,"turns":7},{"damage":0,"enemies":"Large Slime","floor":7,"turns":7},{"damage":5,"enemies":"3 Sentries","floor":8,"turns":10},{"damage":0,"enemies":"Exordium Wildlife","floor":10,"turns":4},{"damage":44,"enemies":"Gremlin Nob","floor":12,"turns":6}],"seed_played":"-481631641910348861","potions_obtained":[{"floor":2,"key":"Block Potion"},{"floor":2,"key":"Milkshake"},{"floor":2,"key":"ColorlessPotion"},{"floor":8,"key":"SkillPotion"},{"floor":10,"key":"ColorlessPotion"}],"is_trial":false,"path_per_floor":["M","?","M","M","?","E","M","E","T","M","R","E"],"character_chosen":"DEFECT","items_purchased":[],"campfire_rested":1,"item_purchase_floors":[],"current_hp_per_floor":[70,70,64,61,61,7,7,2,2,2,26,0,0],"gold":246,"neow_bonus":"TEN_PERCENT_HP_BONUS","is_daily":false,"chose_seed":false,"campfire_upgraded":0,"win_rate":0.0,"timestamp":1612029685,"path_taken":["M","?","?","M","?","E","M","E","T","M","R","E"],"items_purchased_type":[],"build_version":"2020-12-13","purchased_purges":0,"victory":false,"max_hp_per_floor":[82,82,82,82,82,82,82,82,82,82,82,82,82],"card_choices":[{"not_picked":["Hello World","Redo"],"picked":"Conserve Battery","floor":1},{"not_picked":["Skim","ReplaySort"],"picked":"Beam Cell","floor":3},{"not_picked":["Undo","Ball Lightning"],"picked":"Glacier","floor":4},{"not_picked":["Sweeping Beam","Rebound"],"picked":"Hologram","floor":6},{"not_picked":["Sunder","BasicCrystalCard"],"picked":"Cold Snap","floor":7},{"not_picked":["ReplayTheSpireMod:System Scan","Chaos"],"picked":"Amplify","floor":8},{"not_picked":["Rebound","Leap"],"picked":"Sweeping Beam","floor":10}],"player_experience":104202,"relics_obtained":[{"floor":6,"key":"Pen Nib"},{"floor":8,"key":"Replay:Bandana"}],"event_choices":[{"damage_healed":0,"gold_gain":0,"player_choice":"Got Potions","damage_taken":0,"max_hp_gain":0,"max_hp_loss":0,"event_name":"Lab","floor":2,"gold_loss":0},{"damage_healed":0,"gold_gain":0,"player_choice":"Grow","damage_taken":0,"max_hp_gain":0,"max_hp_loss":0,"event_name":"Living Wall","floor":5,"gold_loss":0,"cards_upgraded":["Zap"]}],"is_beta":false,"boss_relics":[],"items_purged_floors":[],"is_endless":false,"potions_floor_spawned":[4,8,10],"killed_by":"Gremlin Nob","ascension_level":4}}