{"host":"ocll6kdfqxraqtza","time":1612018671,"event":{"mods":["2.2 Compatiblity","Act Like it!","Aspiration","BaseMod","Better Third Choice","Gensokyo","Hallownest","Hermit","Hubris","Jorbs\u0027s Wanderer Trilogy","Luminous","Marisa（霧雨　魔理沙）","Minty Spire (QoL Compilation)","Reimu（博??梦）","Replay The Spire","Shade Mod","StSLib","The Alterego","The Bug Knight","The Cursed","The Hierophant","The Marked","The Runesmith","TheBandit","Wandering Minibosses"],"gold_per_floor":[110,110,110,110,60,60,95,109,109,123,150,75,75,86,86,86,86],"floor_reached":16,"language":"ENG","playtime":512,"items_purged":["Strike_B"],"score":124,"play_id":"b5225827-6553-4196-b84a-78a0f1f0cb99","local_time":"20210130225751","is_ascension_mode":true,"campfire_choices":[{"data":"Coolheaded","floor":6,"key":"SMITH"},{"data":"Gash","floor":13,"key":"SMITH"},{"data":"Gash","floor":15,"key":"SMITH"}],"circlet_count":0,"master_deck":["Strike_B","Strike_B","Defend_B","Defend_B+1","Defend_B","Zap+1","Dualcast+1","Blizzard","Coolheaded+1","Establishment","Cold Snap","Doom and Gloom","Leap","Gash+1","Gash+1"],"relics":["Cracked Core","War Paint","hubris:Icosahedron","RuthlessExorcism:ReiMu","Calipers","hubris:CrystalStatue"],"acts_visited":["Exordium"],"potions_floor_usage":[16,16],"damage_taken":[{"damage":7,"enemies":"Jaw Worm","floor":1,"turns":3},{"damage":17,"enemies":"Lagavulin","floor":7,"turns":9},{"damage":0,"enemies":"2 Louse","floor":8,"turns":2},{"damage":0,"enemies":"Small Slimes","floor":10,"turns":2},{"damage":7,"enemies":"Gremlin Nob","floor":11,"turns":3},{"damage":0,"enemies":"Exordium Wildlife","floor":14,"turns":2},{"damage":28,"enemies":"Slime Boss","floor":16,"turns":7}],"seed_played":"-4866531806017140231","potions_obtained":[{"floor":1,"key":"PowerPotion"},{"floor":10,"key":"Flashbang"},{"floor":11,"key":"CultistPotion"}],"is_trial":false,"path_per_floor":["M","?","?","?","?","R","E","M","T","M","E","$","R","M","R","B"],"character_chosen":"DEFECT","items_purchased":[],"campfire_rested":0,"item_purchase_floors":[],"current_hp_per_floor":[68,52,52,52,52,52,35,35,35,35,28,28,28,28,28,0,0],"gold":86,"neow_bonus":"TRANSFORM_CARD","is_daily":false,"chose_seed":false,"campfire_upgraded":3,"win_rate":0.0,"timestamp":1612018671,"path_taken":["M","?","?","?","?","R","E","M","T","?","E","$","R","M","R","BOSS"],"items_purchased_type":[],"build_version":"2020-12-22","purchased_purges":1,"victory":false,"max_hp_per_floor":[75,75,75,75,75,75,75,75,75,75,75,75,75,75,75,75,75],"card_choices":[{"not_picked":["ReplaySolidLightProjector","Heatsinks"],"picked":"Coolheaded","floor":1},{"not_picked":["Storm","Stack"],"picked":"Cold Snap","floor":7},{"not_picked":["Darkness","Coolheaded"],"picked":"Doom and Gloom","floor":8},{"not_picked":["Redo","Steam"],"picked":"Leap","floor":10},{"not_picked":["ReplaySolidLightProjector","Ball Lightning"],"picked":"Gash","floor":11},{"not_picked":["Chill","Redo"],"picked":"Gash","floor":14}],"player_experience":473888,"relics_obtained":[{"floor":7,"key":"RuthlessExorcism:ReiMu"},{"floor":9,"key":"Calipers"},{"floor":11,"key":"hubris:CrystalStatue"}],"event_choices":[{"cards_removed":["Strike_B"],"damage_healed":0,"gold_gain":0,"player_choice":"Card Removal","damage_taken":0,"max_hp_gain":0,"max_hp_loss":0,"event_name":"The Cleric","floor":5,"gold_loss":50}],"is_beta":false,"boss_relics":[],"items_purged_floors":[12],"is_endless":false,"potions_floor_spawned":[1,10,11],"killed_by":"Slime Boss","ascension_level":3}}