{"host":"08t08ld674si40tv","time":1612019229,"event":{"mods":["AchievementEnabler","BaseMod","Colored Map","Minty Spire (QoL Compilation)","StSLib","SuperFastMode"],"gold_per_floor":[110,185,185,13,13,38,56,56,111,111,143,143,143,159,159,235,235,253,169,182,182,192,192,209,237,318,345,345,374,424,440,440,514,514,531,545,231,231,231,262,262,278,278,295,295,124,159,179,179,179,179,179,179,5715,5743,5743],"floor_reached":57,"language":"KOR","playtime":1260,"items_purged":[],"score":3012,"play_id":"3421c778-eda9-4d16-b861-3d5d77a8d85a","local_time":"20210131000709","is_ascension_mode":true,"campfire_choices":[{"floor":10.0,"key":"REST"},{"data":"Perfected Strike","floor":13.0,"key":"SMITH"},{"data":"Perfected Strike","floor":15.0,"key":"SMITH"},{"data":"Perfected Strike","floor":23.0,"key":"SMITH"},{"data":"Perfected Strike","floor":28.0,"key":"SMITH"},{"data":"Perfected Strike","floor":32.0,"key":"SMITH"},{"data":"Pommel Strike","floor":41.0,"key":"SMITH"},{"data":"Evolve","floor":45.0,"key":"SMITH"},{"floor":49.0,"key":"RECALL"},{"data":"Offering","floor":53.0,"key":"SMITH"}],"circlet_count":0,"master_deck":["AscendersBane","Defend_R+1","Defend_R+1","Defend_R+1","Bash","Perfected Strike+1","Perfected Strike+1","Perfected Strike+1","Perfected Strike+1","Perfected Strike+1","Shrug It Off","Twin Strike+1","Wild Strike","Pommel Strike+1","Perfected Strike+1","Disarm","Evolve+1","Twin Strike+1","Shrug It Off+1","Pommel Strike+1","Shrug It Off+1","Double Tap+1","Offering+1","Perfected Strike"],"relics":["Burning Blood","Happy Flower","Mercury Hourglass","Toy Ornithopter","Red Skull","Juzu Bracelet","Snecko Eye","Red Mask","Singing Bowl","Lantern","Sundial","Black Star","War Paint","Kunai","Anchor","Sling","Ornamental Fan","InkBottle","The Courier","Centennial Puzzle","Thread and Needle","Whetstone","Vajra","Nunchaku","Orichalcum","Gremlin Horn","StrikeDummy","Self Forming Clay","Bag of Preparation","Blood Vial","Akabeko","Du-Vu Doll","Mummified Hand","Calipers","Pear","Strawberry","Bottled Flame","HornCleat","Bag of Marbles","Oddly Smooth Stone","Bronze Scales","Shuriken","Letter Opener","White Beast Statue","Eternal Feather","Champion Belt"],"acts_visited":["Exordium","TheCity","TheBeyond","TheEnding"],"potions_floor_usage":[56,56],"damage_taken":[{"damage":3.0,"enemies":"Small Slimes","floor":1.0,"turns":3.0},{"damage":32.0,"enemies":"Gremlin Nob","floor":6.0,"turns":4.0},{"damage":7.0,"enemies":"Jaw Worm","floor":7.0,"turns":2.0},{"damage":32.0,"enemies":"Lagavulin","floor":11.0,"turns":5.0},{"damage":0.0,"enemies":"2 Louse","floor":14.0,"turns":1.0},{"damage":32.0,"enemies":"Hexaghost","floor":16.0,"turns":6.0},{"damage":0.0,"enemies":"Spheric Guardian","floor":18.0,"turns":2.0},{"damage":0.0,"enemies":"Shell Parasite","floor":20.0,"turns":1.0},{"damage":0.0,"enemies":"Snake Plant","floor":22.0,"turns":2.0},{"damage":10.0,"enemies":"3 Cultists","floor":24.0,"turns":3.0},{"damage":0.0,"enemies":"Masked Bandits","floor":25.0,"turns":2.0},{"damage":10.0,"enemies":"Gremlin Leader","floor":27.0,"turns":2.0},{"damage":14.0,"enemies":"Slavers","floor":29.0,"turns":2.0},{"damage":5.0,"enemies":"Centurion and Healer","floor":31.0,"turns":3.0},{"damage":23.0,"enemies":"Champ","floor":33.0,"turns":5.0},{"damage":13.0,"enemies":"3 Shapes","floor":35.0,"turns":4.0},{"damage":0.0,"enemies":"Orb Walker","floor":36.0,"turns":2.0},{"damage":0.0,"enemies":"Nemesis","floor":40.0,"turns":3.0},{"damage":5.0,"enemies":"4 Shapes","floor":42.0,"turns":3.0},{"damage":10.0,"enemies":"Writhing Mass","floor":44.0,"turns":6.0},{"damage":28.0,"enemies":"Giant Head","floor":47.0,"turns":5.0},{"damage":24.0,"enemies":"3 Darklings","floor":48.0,"turns":5.0},{"damage":31.0,"enemies":"Donu and Deca","floor":50.0,"turns":4.0},{"damage":36.0,"enemies":"Time Eater","floor":51.0,"turns":4.0},{"damage":0,"enemies":"Shield and Spear","floor":55,"turns":2},{"damage":52,"enemies":"The Heart","floor":56,"turns":5}],"seed_played":"-3162509882162146221","potions_obtained":[{"floor":7.0,"key":"EssenceOfSteel"},{"floor":16.0,"key":"FearPotion"},{"floor":22.0,"key":"Energy Potion"},{"floor":33.0,"key":"Fruit Juice"},{"floor":36.0,"key":"FearPotion"},{"floor":38.0,"key":"DistilledChaos"}],"is_trial":false,"path_per_floor":["M","?","?","$","?","E","M","T","T","R","E","$","R","M","R","B",null,"M","$","M","?","M","R","M","?","T","E","R","E","?","M","R","B",null,"M","M","$","?","$","E","R","M","T","M","R","$","E","M","R","B","B",null,"R","$","E","B",null],"character_chosen":"IRONCLAD","items_purchased":["Happy Flower","Evolve","Double Tap","War Paint","Sling","Centennial Puzzle","Thread and Needle","Whetstone","Vajra","Nunchaku","Orichalcum","Gremlin Horn","StrikeDummy","Self Forming Clay","Bag of Preparation","Blood Vial","Akabeko","Du-Vu Doll","Mummified Hand","Calipers","Pear","Strawberry","Bottled Flame","HornCleat","Bag of Marbles","Oddly Smooth Stone","Bronze Scales","Shuriken","Letter Opener","White Beast Statue","LiquidBronze","LiquidBronze"],"campfire_rested":1,"item_purchase_floors":[4,19,37,37,46,54,54,54,54,54,54,54,54,54,54,54,54,54,54,54,54,54,54,54,54,54,54,54,54,54,54,54],"current_hp_per_floor":[71,60,53,53,53,27,26,26,26,48,22,22,22,28,28,7,58,64,64,70,70,75,75,71,75,75,73,73,67,67,68,68,58,85,80,88,88,88,88,92,92,94,94,92,92,92,70,54,54,34,9,76,76,93,101,67],"gold":5743,"neow_bonus":"THREE_CARDS","is_daily":false,"chose_seed":false,"campfire_upgraded":8,"win_rate":0.0,"timestamp":1612019229,"path_taken":["M","?","?","$","?","E","M","?","T","R","E","$","R","M","R","BOSS","M","$","M","?","M","R","M","?","T","E","R","E","?","M","R","BOSS","M","M","$","?","?","E","R","M","T","M","R","$","E","M","R","BOSS","BOSS","R","$","E","BOSS"],"items_purchased_type":["Relic","Card","Card","Relic","Relic","Relic","Relic","Relic","Relic","Relic","Relic","Relic","Relic","Relic","Relic","Relic","Relic","Relic","Relic","Relic","Relic","Relic","Relic","Relic","Relic","Relic","Relic","Relic","Relic","Relic","Potion","Potion"],"build_version":"2020-12-22","purchased_purges":0,"victory":true,"max_hp_per_floor":[75,75,75,75,75,75,75,75,75,75,75,75,75,75,75,75,75,75,75,75,75,75,75,75,75,75,77,77,79,79,79,79,81,86,88,90,90,90,90,92,92,94,94,96,96,96,96,98,98,98,98,98,98,115,115,115],"card_choices":[{"not_picked":["Thunderclap","Headbutt"],"picked":"Shrug It Off","floor":0.0},{"not_picked":["Clash","Dual Wield","Body Slam"],"picked":"SKIP","floor":1.0},{"not_picked":["True Grit","Metallicize"],"picked":"Twin Strike","floor":6.0},{"not_picked":["Bloodletting","Heavy Blade"],"picked":"Wild Strike","floor":7.0},{"not_picked":["Wild Strike","Fire Breathing"],"picked":"Pommel Strike","floor":11.0},{"not_picked":["Feel No Pain","Anger"],"picked":"Perfected Strike","floor":14.0},{"not_picked":["Disarm","Rampage","Thunderclap"],"picked":"SKIP","floor":18.0},{"not_picked":["Rampage","Thunderclap"],"picked":"Disarm","floor":18.0},{"not_picked":["Rupture","Headbutt"],"picked":"Twin Strike","floor":20.0},{"not_picked":["Heavy Blade","True Grit","Anger"],"picked":"SKIP","floor":22.0},{"not_picked":["Flex","Iron Wave"],"picked":"Shrug It Off","floor":24.0},{"not_picked":["Impervious","Heavy Blade"],"picked":"Pommel Strike+1","floor":25.0},{"not_picked":["Intimidate","Cleave","Wild Strike"],"picked":"Singing Bowl","floor":27.0},{"not_picked":["Searing Blow","Dropkick+1","Limit Break"],"picked":"Singing Bowl","floor":29.0},{"not_picked":["Pommel Strike","Whirlwind"],"picked":"Shrug It Off+1","floor":31.0},{"not_picked":["Fiend Fire","Barricade","Feed"],"picked":"Singing Bowl","floor":33.0},{"not_picked":["Clash","Thunderclap","Twin Strike+1"],"picked":"Singing Bowl","floor":35.0},{"not_picked":["Flex","Cleave","Dark Embrace"],"picked":"Singing Bowl","floor":36.0},{"not_picked":["Armaments+1","Evolve","Carnage"],"picked":"Singing Bowl","floor":40.0},{"not_picked":["Dual Wield","Fire Breathing+1","Combust"],"picked":"Singing Bowl","floor":42.0},{"not_picked":["Shockwave","Battle Trance","Shrug It Off+1"],"picked":"Singing Bowl","floor":44.0},{"not_picked":["Hemokinesis+1","Clash"],"picked":"Offering","floor":47.0},{"not_picked":["Anger","Searing Blow","Thunderclap"],"picked":"Singing Bowl","floor":48.0},{"not_picked":["Heavy Blade","Thunderclap"],"picked":"Perfected Strike","floor":55}],"player_experience":272428,"relics_obtained":[{"floor":6.0,"key":"Mercury Hourglass"},{"floor":8.0,"key":"Toy Ornithopter"},{"floor":9.0,"key":"Red Skull"},{"floor":11.0,"key":"Juzu Bracelet"},{"floor":25.0,"key":"Red Mask"},{"floor":26.0,"key":"Singing Bowl"},{"floor":27.0,"key":"Lantern"},{"floor":29.0,"key":"Sundial"},{"floor":40.0,"key":"Kunai"},{"floor":40.0,"key":"Anchor"},{"floor":47.0,"key":"Ornamental Fan"},{"floor":47.0,"key":"InkBottle"},{"floor":55,"key":"Eternal Feather"},{"floor":55,"key":"Champion Belt"}],"event_choices":[{"damage_healed":0.0,"max_hp_gain":0.0,"max_hp_loss":0.0,"gold_gain":75.0,"event_name":"World of Goop","player_choice":"Gather Gold","floor":2.0,"gold_loss":0.0,"damage_taken":11.0},{"cards_removed":["Defend_R"],"damage_healed":0.0,"max_hp_gain":0.0,"max_hp_loss":0.0,"gold_gain":0.0,"event_name":"Golden Wing","player_choice":"Card Removal","floor":3.0,"gold_loss":0.0,"damage_taken":7.0},{"damage_healed":0.0,"max_hp_gain":0.0,"max_hp_loss":0.0,"gold_gain":0.0,"event_name":"Living Wall","player_choice":"Grow","floor":5.0,"gold_loss":0.0,"damage_taken":0.0,"cards_upgraded":["Perfected Strike"]},{"damage_healed":0.0,"max_hp_gain":0.0,"max_hp_loss":0.0,"gold_gain":0.0,"event_name":"Back to Basics","player_choice":"Simplicity","floor":21.0,"gold_loss":0.0,"damage_taken":0.0,"cards_upgraded":["Defend_R","Defend_R","Defend_R"]},{"damage_healed":0.0,"max_hp_gain":0.0,"max_hp_loss":0.0,"gold_gain":0.0,"event_name":"Masked Bandits","player_choice":"Fought Bandits","floor":25.0,"gold_loss":0.0,"damage_taken":0.0},{"damage_healed":0.0,"max_hp_gain":0.0,"max_hp_loss":0.0,"gold_gain":50.0,"event_name":"Nest","player_choice":"Stole From Cult","floor":30.0,"gold_loss":0.0,"damage_taken":0.0},{"damage_healed":0.0,"max_hp_gain":0.0,"max_hp_loss":0.0,"gold_gain":0.0,"event_name":"Lab","player_choice":"Got Potions","floor":38.0,"gold_loss":0.0,"damage_taken":0.0}],"is_beta":false,"boss_relics":[{"not_picked":["Tiny House","Runic Pyramid"],"picked":"Snecko Eye"},{"not_picked":["Busted Crown","Velvet Choker"],"picked":"Black Star"}],"items_purged_floors":[],"is_endless":false,"potions_floor_spawned":[7,16,22,24,25,31,33,36,44,55],"ascension_level":20}}