{"host":"htqwg582tjjtn9p7","time":1612033527,"event":{"mods":["2.2 Compatiblity","AchievementEnabler","Act Like it!","Aspiration","BaseMod","Better Third Choice","Colored Map","Conspire","Curses Come First","Displayed Cursed Tome","Energized Spire","Force Act Four","Fox Events","GifTheSpireLib","Hermit","Highlight Path","JesterMod","Mad Scientist","Minty Spire (QoL Compilation)","Pale of the Ancients","Permanent Neow","Random Character Button","Relic Stats","Reliquary","Replay The Spire","Robot Space Explorer","Somnambulant","Spicy Shops","Spikes Relics","StSLib","Stuff the Spire","The Blue Laboratory","The Bug Knight","The Forsaken","The Gatherer","The Judge","The Jungle","The Marked","The Runesmith","The Servant 0.9.4","Uncapped"],"gold_per_floor":[110,110,126,126,143,143,178,195,195,221,221,240,25,38,38,141,141,158,79,29,41,55,55,69,69,69,94,105,205,205,223,223,319,319,335,348,648,448,468,468,495,495,495,524,542,555,555,573,573,573,573,573,573],"floor_reached":52,"language":"ENG","playtime":3359,"items_purged":["HollowMod:NailStrikeStart"],"score":881,"play_id":"34b898a1-55f1-41fb-bcc0-58357787b9ab","local_time":"20210130200527","is_ascension_mode":true,"campfire_choices":[{"data":"HollowMod:CycloneSlash","floor":6,"key":"SMITH"},{"data":"HollowMod:FocusHealStart","floor":6,"key":"SMITH"},{"data":"Bouncing Flask","floor":11,"key":"SMITH"},{"data":"HollowMod:InfectedCysts","floor":11,"key":"SMITH"},{"data":"HollowMod:SlysStrikes","floor":23,"key":"SMITH"},{"data":"HollowMod:CloakDash","floor":23,"key":"SMITH"},{"data":"1","floor":25,"key":"LIFT"},{"data":"2","floor":30,"key":"LIFT"},{"data":"HollowMod:Hiveblood","floor":32,"key":"SMITH"},{"data":"StuffTheSpire:Vigor","floor":32,"key":"SMITH"},{"data":"Reforge","floor":40,"key":"SMITH"},{"data":"HollowMod:CloakDash","floor":40,"key":"SMITH"},{"data":"3","floor":42,"key":"LIFT"},{"data":"HollowMod:QuickDashStart","floor":49,"key":"SMITH"},{"data":"HollowMod:QuickDashStart","floor":49,"key":"SMITH"}],"circlet_count":0,"master_deck":["HollowMod:NailStrikeStart","HollowMod:NailStrikeStart","HollowMod:NailStrikeStart","HollowMod:QuickDashStart+1","HollowMod:QuickDashStart+1","HollowMod:QuickDashStart","HollowMod:QuickDashStart","HollowMod:FocusHealStart+1","HollowMod:PogoStrike","HollowMod:NewLittleFool","Bouncing Flask+1","HollowMod:InfectedCysts+1","Clumsy","HollowMod:CycloneSlash+1","HollowMod:CloakDash+1","HollowMod:NewLittleFool+1","HollowMod:SiblingsSouls","HollowMod:SlysStrikes+1","StuffTheSpire:Vigor+1","HollowMod:MantisMark+1","HollowMod:Hiveblood+1","Reforge+1","conspire:Banana","ReplayTheSpireMod:Private Reserves","HollowMod:CloakDash+1","HollowMod:CloakDash+1","HollowMod:CloakDash+1"],"relics":["Philosopher\u0027s Stone","Replay:Arrowhead","Girya","Runesmith:Locket","Replay:Towering Pillar of Hats","Toy Ornithopter","Coffee Dripper","Mercury Hourglass","Mirror","conspire:GlowingRock","Snack Pack","Snecko Heart","ReplayTheSpireMod:ShopPack","reliquary:RosewoodLute","Replay:WaspNest","Pet Ghost","paleoftheancients:Timepiece","CultistMask"],"acts_visited":["Exordium","TheCity","TheBeyond","TheBeyond"],"potions_floor_usage":[7,16,16,18,22,29,41,41,44,45,50,50],"damage_taken":[{"damage":5,"enemies":"2 Louse","floor":1,"turns":2},{"damage":8,"enemies":"Jaw Worm","floor":3,"turns":4},{"damage":0,"enemies":"Small Slimes","floor":5,"turns":2},{"damage":19,"enemies":"Lagavulin","floor":7,"turns":5},{"damage":4,"enemies":"Looter","floor":8,"turns":3},{"damage":10,"enemies":"HollowMod:MossKnight","floor":10,"turns":5},{"damage":15,"enemies":"Red Slaver","floor":12,"turns":4},{"damage":0,"enemies":"2 Fungi Beasts","floor":14,"turns":2},{"damage":35,"enemies":"Hexaghost","floor":16,"turns":7},{"damage":14,"enemies":"HollowMod:HuskSentry","floor":18,"turns":4},{"damage":4,"enemies":"conspire:FuzzyDice","floor":21,"turns":4},{"damage":4,"enemies":"3 Cultists","floor":22,"turns":4},{"damage":31,"enemies":"Snake Plant","floor":24,"turns":4},{"damage":2,"enemies":"conspire:Head Lice","floor":27,"turns":4},{"damage":0,"enemies":"conspire:HollyBat","floor":28,"turns":6},{"damage":14,"enemies":"Colosseum Slavers","floor":29,"turns":3},{"damage":18,"enemies":"Colosseum Nobs","floor":29,"turns":3},{"damage":0,"enemies":"Chosen and Byrds","floor":31,"turns":3},{"damage":40,"enemies":"conspire:MysteriousRune","floor":33,"turns":7},{"damage":0,"enemies":"3 Shapes","floor":35,"turns":4},{"damage":0,"enemies":"3 Darklings","floor":36,"turns":2},{"damage":67,"enemies":"4 Shapes","floor":39,"turns":3},{"damage":81,"enemies":"Nemesis","floor":41,"turns":7},{"damage":4,"enemies":"Reptomancer","floor":44,"turns":6},{"damage":52,"enemies":"Jaw Worm Horde","floor":45,"turns":5},{"damage":14,"enemies":"Transient","floor":46,"turns":5},{"damage":11,"enemies":"Writhing Mass","floor":48,"turns":5},{"damage":61,"enemies":"conspire:OrnateMirror","floor":50,"turns":13},{"damage":128,"enemies":"conspire:OrnateMirror","floor":51,"turns":5},{"damage":136,"enemies":"conspire:OrnateMirror","floor":52,"turns":8}],"seed_played":"-5273782993724565443","potions_obtained":[{"floor":1,"key":"Languid Potion"},{"floor":14,"key":"Explosive Potion"},{"floor":16,"key":"blueLaboratory:HummingbirdPotion"},{"floor":18,"key":"SteroidPotion"},{"floor":22,"key":"CultistPotion"},{"floor":31,"key":"blueLaboratory:NullPotion"},{"floor":33,"key":"blueLaboratory:BottledHope"},{"floor":39,"key":"Dexterity Potion"},{"floor":44,"key":"blueLaboratory:BottledHope"},{"floor":45,"key":"SpeedPotion"},{"floor":46,"key":"Weak Potion"}],"is_trial":false,"path_per_floor":["M","?","M","?","M","R","E","M","T","E","R","M","$","M","R_BF","B",null,"M","?","?","M","M","R","M","R","T","E","M","?","R","M","R","B",null,"M","M","?","$","M","R","E","R","T","E","M","M","?","M","R","B","M","M"],"character_chosen":"THE_BUGKNIGHT","items_purchased":["Toy Ornithopter","Swift Potion","ReplayTheSpireMod:ShopPack"],"campfire_rested":0,"item_purchase_floors":[13,13,38],"current_hp_per_floor":[70,32,24,31,31,31,22,28,28,24,24,19,19,25,49,36,82,76,76,76,78,78,78,53,53,53,57,63,48,48,56,56,57,82,82,82,82,82,55,55,61,61,61,88,83,91,91,91,91,94,95,0,0],"gold":573,"neow_bonus":"BOSS_RELIC","is_daily":false,"chose_seed":false,"campfire_upgraded":12,"win_rate":0.0,"timestamp":1612033527,"path_taken":["M","?","M","?","?","R","E","M","T","E","R","M","$","M","R_BF","BOSS","M","?","?","M","?","R","M","R","T","E","M","?","R","M","R","BOSS","M","M","?","$","?","R","E","R","T","E","M","M","?","M","R","BOSS","M","M"],"items_purchased_type":["Relic","Potion","Relic"],"build_version":"2020-12-22","purchased_purges":1,"victory":false,"max_hp_per_floor":[75,75,75,82,82,82,82,82,82,82,82,82,82,82,82,82,82,82,82,82,82,82,82,82,82,82,82,82,82,82,82,82,82,82,82,82,82,82,83,83,84,84,84,88,90,91,91,92,92,94,95,95,95],"relic_stats":{"counters":[30,138],"obtain_stats":[{"Girya":7,"Snecko Heart":34,"Replay:Towering Pillar of Hats":10,"Runesmith:Locket":9,"HollowMod:VesselMask":0,"Replay:WaspNest":43,"reliquary:RosewoodLute":41,"Replay:Arrowhead":2,"Pet Ghost":44,"Mercury Hourglass":26,"paleoftheancients:Timepiece":50,"conspire:GlowingRock":29,"Philosopher\u0027s Stone":0,"CultistMask":50,"Coffee Dripper":17,"Snack Pack":29,"Mirror":27,"Toy Ornithopter":13,"ReplayTheSpireMod:ShopPack":38},{"Girya":4,"Snecko Heart":19,"Replay:Towering Pillar of Hats":6,"Runesmith:Locket":5,"HollowMod:VesselMask":0,"Replay:WaspNest":23,"reliquary:RosewoodLute":23,"Replay:Arrowhead":1,"Pet Ghost":24,"Mercury Hourglass":13,"paleoftheancients:Timepiece":28,"conspire:GlowingRock":17,"Philosopher\u0027s Stone":0,"CultistMask":28,"Coffee Dripper":9,"Snack Pack":17,"Mirror":14,"Toy Ornithopter":7,"ReplayTheSpireMod:ShopPack":21},{"Girya":13,"Snecko Heart":76,"Replay:Towering Pillar of Hats":21,"Runesmith:Locket":16,"HollowMod:VesselMask":0,"Replay:WaspNest":92,"reliquary:RosewoodLute":92,"Replay:Arrowhead":2,"Pet Ghost":98,"Mercury Hourglass":50,"paleoftheancients:Timepiece":125,"conspire:GlowingRock":66,"Philosopher\u0027s Stone":0,"CultistMask":125,"Coffee Dripper":34,"Snack Pack":66,"Mirror":54,"Toy Ornithopter":25,"ReplayTheSpireMod:ShopPack":82}],"Toy Ornithopter":44,"Mercury Hourglass":[321]},"card_choices":[{"not_picked":["HollowMod:SharpenedShadows","HollowMod:DesolateDive"],"picked":"HollowMod:NewLittleFool","floor":1},{"not_picked":["HollowMod:CornifersMapStart","HollowMod:VengefulSpirit"],"picked":"HollowMod:InfectedCysts","floor":3},{"not_picked":["HollowMod:CornifersMapStart","HollowMod:InfectionAssault"],"picked":"HollowMod:CycloneSlash","floor":5},{"not_picked":["HollowMod:ShadowDash","HollowMod:HeavyBlow"],"picked":"HollowMod:CloakDash","floor":7},{"not_picked":["HollowMod:BrokenVessel","HollowMod:RecoilStrike","HollowMod:CoiledNail"],"picked":"SKIP","floor":8},{"not_picked":["HollowMod:theNailsmith","HollowMod:LifebloodCocoon"],"picked":"HollowMod:NewLittleFool","floor":10},{"not_picked":["HollowMod:SoulVessel","HollowMod:CornifersMapStart","HollowMod:InfectedCysts"],"picked":"SKIP","floor":12},{"not_picked":["HollowMod:RecoilStrike","HollowMod:GrimmsGift"],"picked":"HollowMod:SiblingsSouls","floor":14},{"not_picked":["HollowMod:VoidDash","HollowMod:MidwifesHunger"],"picked":"HollowMod:SlysStrikes","floor":16},{"not_picked":["HollowMod:DescendingDark","HollowMod:DesolateDive","HollowMod:GoodIntentions"],"picked":"SKIP","floor":18},{"not_picked":["HollowMod:InfectedAttack","HollowMod:CloakDash+1"],"picked":"HollowMod:MantisMark+1","floor":21},{"not_picked":["HollowMod:SoulEater","HollowMod:SoulStrike","HollowMod:LifebloodCocoon"],"picked":"SKIP","floor":22},{"not_picked":["HollowMod:SharpenedNail","HollowMod:BlackTendrils+1","HollowMod:GoodIntentions+1"],"picked":"SKIP","floor":24},{"not_picked":["HollowMod:Grubsong+1","HollowMod:DescendingDark","HollowMod:SiblingsSouls"],"picked":"SKIP","floor":27},{"not_picked":["HollowMod:SoulSplash","HollowMod:MonarchWings","HollowMod:CoiledNail"],"picked":"SKIP","floor":28},{"not_picked":["HollowMod:MonarchWings","HollowMod:SoulStrike"],"picked":"HollowMod:Hiveblood","floor":31},{"not_picked":["HollowMod:GoodIntentions+1","HollowMod:CornifersMapStart+1","HollowMod:SharpenedNail+1"],"picked":"SKIP","floor":35},{"not_picked":["HollowMod:HowlingWraiths","HollowMod:SoulStrike+1","HollowMod:FallenFury+1"],"picked":"SKIP","floor":36},{"not_picked":["HandOfGreed","StuffTheSpire:Recharge"],"picked":"Reforge","floor":38},{"not_picked":["Panache","Enlightenment"],"picked":"conspire:Banana","floor":38},{"not_picked":["Jack Of All Trades","Sadistic Nature"],"picked":"ReplayTheSpireMod:Private Reserves","floor":38},{"not_picked":["HollowMod:MawleksShell+1","HollowMod:HeavyBlow+1"],"picked":"HollowMod:CloakDash","floor":39},{"not_picked":["HollowMod:LordofShades","HollowMod:VengefulSpirit+1"],"picked":"HollowMod:CloakDash+1","floor":41},{"not_picked":["HollowMod:LifebloodCocoon+1","HollowMod:DreamGate","HollowMod:WraithStrike"],"picked":"SKIP","floor":44},{"not_picked":["HollowMod:RecoilStrike","HollowMod:InfectedAttack","HollowMod:BaldurShell+1"],"picked":"SKIP","floor":45},{"not_picked":["HollowMod:TaintedHusks+1","HollowMod:BrokenVessel"],"picked":"HollowMod:CloakDash+1","floor":46},{"not_picked":["HollowMod:InfectedCysts+1","HollowMod:LifebloodCocoon","HollowMod:InfectionAssault+1"],"picked":"SKIP","floor":48}],"player_experience":1983564,"relics_obtained":[{"floor":7,"key":"Girya"},{"floor":9,"key":"Runesmith:Locket"},{"floor":10,"key":"Replay:Towering Pillar of Hats"},{"floor":26,"key":"Mercury Hourglass"},{"floor":27,"key":"Mirror"},{"floor":29,"key":"conspire:GlowingRock"},{"floor":29,"key":"Snack Pack"},{"floor":41,"key":"reliquary:RosewoodLute"},{"floor":43,"key":"Replay:WaspNest"},{"floor":44,"key":"Pet Ghost"}],"event_choices":[{"damage_healed":0,"gold_gain":0,"player_choice":"Bet on Murderer","damage_taken":0,"max_hp_gain":0,"max_hp_loss":0,"event_name":"The Joust","floor":20,"gold_loss":50},{"damage_healed":0,"gold_gain":0,"player_choice":"Fight","damage_taken":0,"max_hp_gain":0,"max_hp_loss":0,"event_name":"Colosseum","floor":29,"gold_loss":0},{"damage_healed":0,"gold_gain":0,"player_choice":"Fought Nobs","damage_taken":0,"max_hp_gain":0,"max_hp_loss":0,"event_name":"Colosseum","floor":29,"gold_loss":0},{"damage_healed":0,"gold_gain":300,"player_choice":"Gold","damage_taken":0,"max_hp_gain":0,"max_hp_loss":0,"event_name":"Wheel of Change","floor":37,"gold_loss":0},{"damage_healed":0,"gold_gain":0,"player_choice":"Memory 1","damage_taken":0,"max_hp_gain":0,"max_hp_loss":0,"event_name":"SensoryStone","floor":47,"gold_loss":0}],"is_beta":false,"boss_relics":[{"not_picked":["energizedSpire:SpiderWeb","Replay:Wanted Poster"],"picked":"Coffee Dripper"},{"not_picked":["ChewingGum","Honey Jar"],"picked":"Snecko Heart"}],"items_purged_floors":[38],"is_endless":false,"potions_floor_spawned":[1,14,16,18,22,31,33,39,44,45,46],"killed_by":"conspire:OrnateMirror","ascension_level":2}}