{"host":"q6r63elxu27obe7v","time":1612009800,"event":{"mods":["BaseMod","DeckTracker","Keyboard Shortcuts","Minty Spire (QoL Compilation)","Permanent Neow","Quick Restart","StSLib","SuperFastMode","Swap Starting Deck Mod"],"gold_per_floor":[113,44,101,111,129,129,143,177,177,207,223,258,258,28,28,123,123,142,142,14,30,46,78,78,109,109,208,225,225,225],"floor_reached":29,"language":"KOR","playtime":1391,"items_purged":[],"score":348,"play_id":"929fb2b3-8005-4f99-b007-75d85c465dcc","local_time":"20210130213000","is_ascension_mode":true,"campfire_choices":[{"floor":6,"key":"RECALL"},{"floor":13,"key":"REST"},{"data":"Backstab","floor":15,"key":"SMITH"},{"data":"Eviscerate","floor":24,"key":"SMITH"}],"circlet_count":0,"master_deck":["Strike_G","Strike_G","Strike_G","Strike_G","Strike_G","Defend_G","Defend_G","Defend_G","Defend_G","Defend_G","Survivor","Neutralize","Eviscerate+1","Backstab","Calculated Gamble","Acrobatics","Backstab+1","Die Die Die","Prepared+1","Calculated Gamble+1","Blade Dance+1","Jack Of All Trades+1","Underhanded Strike+1","Bullet Time+1","Underhanded Strike+1","Eviscerate+1","Underhanded Strike+1","Outmaneuver+1","Eviscerate+1","Expertise+1","Underhanded Strike+1"],"relics":["WristBlade","Calipers","Toxic Egg 2","Molten Egg 2","HandDrill","Snecko Eye","Darkstone Periapt","Smiling Mask","Pantograph"],"acts_visited":["Exordium","TheCity"],"potions_floor_usage":[7,8,12,16,29,29],"damage_taken":[{"damage":0,"enemies":"Cultist","floor":1,"turns":4},{"damage":0,"enemies":"Small Slimes","floor":4,"turns":3},{"damage":6,"enemies":"Jaw Worm","floor":5,"turns":3},{"damage":4,"enemies":"Blue Slaver","floor":7,"turns":4},{"damage":13,"enemies":"Gremlin Nob","floor":8,"turns":4},{"damage":12,"enemies":"3 Sentries","floor":10,"turns":5},{"damage":0,"enemies":"Large Slime","floor":11,"turns":4},{"damage":0,"enemies":"Gremlin Nob","floor":12,"turns":2},{"damage":10,"enemies":"Hexaghost","floor":16,"turns":9},{"damage":7,"enemies":"Shell Parasite","floor":18,"turns":4},{"damage":0,"enemies":"2 Thieves","floor":21,"turns":1},{"damage":0,"enemies":"Snake Plant","floor":22,"turns":1},{"damage":22,"enemies":"Slavers","floor":23,"turns":3},{"damage":18,"enemies":"Gremlin Leader","floor":25,"turns":4},{"damage":15,"enemies":"Shelled Parasite and Fungi","floor":28,"turns":3},{"damage":11,"enemies":"Book of Stabbing","floor":29,"turns":1}],"seed_played":"3935446134597117605","potions_obtained":[{"floor":4,"key":"Fire Potion"},{"floor":5,"key":"FearPotion"},{"floor":10,"key":"CunningPotion"},{"floor":11,"key":"SpeedPotion"},{"floor":22,"key":"Ancient Potion"},{"floor":28,"key":"SteroidPotion"}],"is_trial":false,"path_per_floor":["M","$","?","M","M","R","M","E","T","E","M","E","R","$","R","B",null,"M","?","$","M","M","E","R","E","T","?","M","E"],"character_chosen":"THE_SILENT","items_purchased":["Backstab","HandDrill","Jack Of All Trades+1","Underhanded Strike+1","Eviscerate+1"],"campfire_rested":1,"item_purchase_floors":[2,14,14,20,20],"current_hp_per_floor":[70,70,70,70,64,64,60,47,47,35,35,35,56,56,56,46,70,63,63,63,63,63,41,41,23,23,23,8,0,0],"gold":225,"neow_bonus":"BOSS_RELIC","is_daily":false,"chose_seed":false,"campfire_upgraded":2,"win_rate":0.0,"timestamp":1612009800,"path_taken":["M","?","?","M","M","R","M","E","T","E","?","E","R","$","R","BOSS","M","?","$","M","M","E","R","E","T","?","M","E"],"items_purchased_type":["Card","Relic","Card","Card","Card"],"build_version":"2020-12-22","purchased_purges":0,"victory":false,"max_hp_per_floor":[70,70,70,70,70,70,70,70,70,70,70,70,70,70,70,70,70,70,70,70,70,70,70,70,70,70,70,70,70,70],"card_choices":[{"not_picked":["Backflip","Leg Sweep"],"picked":"Eviscerate","floor":1},{"not_picked":["Outmaneuver","Endless Agony"],"picked":"Calculated Gamble","floor":4},{"not_picked":["Quick Slash","Bane"],"picked":"Acrobatics","floor":5},{"not_picked":["Underhanded Strike","Infinite Blades"],"picked":"Backstab","floor":7},{"not_picked":["Storm of Steel","Sucker Punch"],"picked":"Die Die Die","floor":8},{"not_picked":["Leg Sweep+1","Sucker Punch"],"picked":"Prepared+1","floor":10},{"not_picked":["Infinite Blades","Flechettes"],"picked":"Calculated Gamble+1","floor":11},{"not_picked":["Backflip+1","Terror+1"],"picked":"Blade Dance+1","floor":12},{"not_picked":["Deflect+1","Deadly Poison+1"],"picked":"Underhanded Strike+1","floor":18},{"not_picked":["Dagger Throw+1","Deflect+1"],"picked":"Underhanded Strike+1","floor":21},{"not_picked":["Slice+1","Reflex+1"],"picked":"Outmaneuver+1","floor":22},{"not_picked":["Caltrops","Corpse Explosion+1"],"picked":"Eviscerate+1","floor":23},{"not_picked":["Bane+1","Backstab+1"],"picked":"Expertise+1","floor":25},{"not_picked":["Flying Knee+1","Quick Slash+1"],"picked":"Underhanded Strike+1","floor":28}],"player_experience":43528,"relics_obtained":[{"floor":8,"key":"Calipers"},{"floor":10,"key":"Toxic Egg 2"},{"floor":12,"key":"Molten Egg 2"},{"floor":23,"key":"Darkstone Periapt"},{"floor":25,"key":"Smiling Mask"},{"floor":26,"key":"Pantograph"}],"event_choices":[{"damage_healed":0,"gold_gain":57,"player_choice":"Gained Gold","damage_taken":0,"max_hp_gain":0,"max_hp_loss":0,"event_name":"Golden Wing","floor":3,"gold_loss":0},{"damage_healed":0,"gold_gain":0,"player_choice":"Read","damage_taken":0,"max_hp_gain":0,"max_hp_loss":0,"event_name":"The Library","floor":19,"gold_loss":0,"cards_obtained":["Bullet Time"]},{"damage_healed":0,"gold_gain":99,"player_choice":"Stole From Cult","damage_taken":0,"max_hp_gain":0,"max_hp_loss":0,"event_name":"Nest","floor":27,"gold_loss":0}],"is_beta":false,"boss_relics":[{"not_picked":["SacredBark","HoveringKite"],"picked":"Snecko Eye"}],"items_purged_floors":[],"is_endless":false,"potions_floor_spawned":[4,5,10,11,22,28],"killed_by":"Book of Stabbing","ascension_level":1}}