{"host":"ebj6lkgm8suah319","time":1612019052,"event":{"mods":["2.2 Compatiblity","AchievementEnabler","BaseMod","Block Reminder","Colored Map","Colored Powertips","Minty Spire (QoL Compilation)","Quick Restart","Rare Cards Sparkle","Relic Stats","SuperFastMode"],"gold_per_floor":[118,118,68,68,87,113,113,132,132,132,158,158,158,5,5,100,100,112,112,12,30,30,41,41,72,125,159,159,186,202,213,213,312,312,323,36,55,66,77,104,104,139,139,150,150,169,169,189,189,189,189,189,10,44,44,44],"floor_reached":55,"language":"ENG","playtime":1697,"items_purged":["Strike_G","Strike_G"],"score":1051,"play_id":"e941b188-98e0-4931-a087-f52c57fe8cf4","local_time":"20210130100412","is_ascension_mode":true,"campfire_choices":[{"data":"Neutralize","floor":7.0,"key":"SMITH"},{"data":"Infinite Blades","floor":10.0,"key":"SMITH"},{"data":"Cloak And Dagger","floor":13.0,"key":"SMITH"},{"data":"Finisher","floor":15.0,"key":"SMITH"},{"data":"Blade Dance","floor":24.0,"key":"SMITH"},{"data":"Phantasmal Killer","floor":28.0,"key":"SMITH"},{"floor":32.0,"key":"REST"},{"floor":41.0,"key":"REST"},{"floor":45.0,"key":"REST"},{"floor":47.0,"key":"RECALL"},{"floor":49.0,"key":"REST"},{"data":"Accuracy","floor":52,"key":"SMITH"}],"circlet_count":0,"master_deck":["Strike_G","Defend_G+1","Defend_G","Defend_G+1","Defend_G+1","Defend_G","Survivor","Neutralize+1","All Out Attack+1","Infinite Blades+1","Flying Knee","Accuracy+1","Cloak And Dagger+1","Finisher+1","Phantasmal Killer+1","Blade Dance+1","Finisher+1","Dash","Bouncing Flask+1","Sucker Punch+1","Cloak And Dagger","Finisher+1","Infinite Blades","Blade Dance+1","Well Laid Plans+1","Cloak And Dagger+1","Deflect+1","Cloak And Dagger+1","Dodge and Roll+1","Blade Dance+1","Finisher+1","Escape Plan+1","Cloak And Dagger+1"],"relics":["Ring of the Serpent","Tiny Chest","Bag of Marbles","Bronze Scales","Centennial Puzzle","Sozu","War Paint","MealTicket","Toy Ornithopter","The Courier","Oddly Smooth Stone","TungstenRod","Toxic Egg 2","Vajra","Ornamental Fan","DollysMirror","Ninja Scroll"],"acts_visited":["Exordium","TheCity","TheBeyond","TheEnding"],"potions_floor_usage":[55],"damage_taken":[{"damage":0.0,"enemies":"2 Louse","floor":1.0,"turns":4.0},{"damage":3.0,"enemies":"Jaw Worm","floor":5.0,"turns":4.0},{"damage":22.0,"enemies":"Lagavulin","floor":6.0,"turns":7.0},{"damage":0.0,"enemies":"Small Slimes","floor":8.0,"turns":2.0},{"damage":0.0,"enemies":"Gremlin Nob","floor":11.0,"turns":3.0},{"damage":9.0,"enemies":"The Guardian","floor":16.0,"turns":12.0},{"damage":0.0,"enemies":"Chosen","floor":18.0,"turns":4.0},{"damage":0.0,"enemies":"Spheric Guardian","floor":21.0,"turns":2.0},{"damage":0.0,"enemies":"Centurion and Healer","floor":23.0,"turns":2.0},{"damage":3.0,"enemies":"Book of Stabbing","floor":25.0,"turns":4.0},{"damage":15.0,"enemies":"Slavers","floor":27.0,"turns":5.0},{"damage":10.0,"enemies":"Book of Stabbing","floor":29.0,"turns":4.0},{"damage":0.0,"enemies":"Cultist and Chosen","floor":30.0,"turns":3.0},{"damage":3.0,"enemies":"Snecko","floor":31.0,"turns":3.0},{"damage":24.0,"enemies":"Collector","floor":33.0,"turns":5.0},{"damage":25.0,"enemies":"3 Darklings","floor":35.0,"turns":3.0},{"damage":1.0,"enemies":"3 Shapes","floor":37.0,"turns":7.0},{"damage":7.0,"enemies":"Jaw Worm Horde","floor":38.0,"turns":2.0},{"damage":12.0,"enemies":"Sphere and 2 Shapes","floor":39.0,"turns":7.0},{"damage":1.0,"enemies":"Giant Head","floor":40.0,"turns":5.0},{"damage":27.0,"enemies":"Nemesis","floor":42.0,"turns":5.0},{"damage":7.0,"enemies":"Maw","floor":44.0,"turns":5.0},{"damage":0.0,"enemies":"3 Darklings","floor":46.0,"turns":2.0},{"damage":0.0,"enemies":"Transient","floor":48.0,"turns":5.0},{"damage":18,"enemies":"Donu and Deca","floor":50,"turns":6},{"damage":20,"enemies":"Shield and Spear","floor":54,"turns":5},{"damage":79,"enemies":"The Heart","floor":55,"turns":6}],"seed_played":"6690181848153152444","potions_obtained":[{"floor":1.0,"key":"Regen Potion"},{"floor":6.0,"key":"SteroidPotion"},{"floor":8.0,"key":"Ancient Potion"}],"is_trial":false,"path_per_floor":["M","?","?","?","M","E","R","M","T","R","E","T","R","$","R","B",null,"M","?","$","M","T","M","R","E","T","E","R","E","M","M","R","B",null,"M","$","M","M","M","E","R","E","T","M","R","M","R","M","R","B",null,"R","$","E","B"],"character_chosen":"THE_SILENT","items_purchased":["Finisher","TungstenRod","Infinite Blades","DollysMirror","Escape Plan+1"],"campfire_rested":4,"item_purchase_floors":[14,36,36,53,53],"current_hp_per_floor":[63,56,56,42,39,32,32,32,32,32,32,32,32,32,32,23,58,58,58,58,58,58,58,58,55,55,40,40,30,30,27,48,24,59,34,49,48,41,29,28,49,22,22,15,36,36,36,36,57,39,62,62,70,50,0,0],"gold":44,"neow_bonus":"RANDOM_COMMON_RELIC","is_daily":false,"chose_seed":false,"campfire_upgraded":7,"win_rate":0.0,"timestamp":1612019052,"path_taken":["M","?","?","?","M","E","R","M","T","R","E","?","R","?","R","BOSS","M","?","?","M","?","M","R","E","T","E","R","E","?","M","R","BOSS","M","$","M","M","M","E","R","E","T","M","R","?","R","M","R","BOSS","R","$","E","BOSS"],"items_purchased_type":["Card","Relic","Card","Relic","Card"],"build_version":"2020-12-22","purchased_purges":2,"victory":false,"max_hp_per_floor":[70,70,70,70,70,70,70,70,70,70,70,70,70,70,70,70,70,70,70,70,70,70,70,70,70,70,70,70,70,70,70,70,70,70,70,70,70,70,70,70,70,70,70,70,70,70,70,70,70,70,70,70,70,70,70,70],"relic_stats":{"Sozu":8,"Centennial Puzzle":[48],"counters":[27,122],"Ornamental Fan":[192],"Bronze Scales":[315],"Tiny Chest":2,"MealTicket":23,"War Paint":["Defend_G","Defend_G"],"obtain_stats":[{"Oddly Smooth Stone":29,"Vajra":42,"The Courier":27,"War Paint":22,"Sozu":17,"Centennial Puzzle":12,"Ornamental Fan":43,"DollysMirror":53,"Ninja Scroll":54,"Bronze Scales":11,"Tiny Chest":0,"MealTicket":25,"Bag of Marbles":6,"Toxic Egg 2":40,"Toy Ornithopter":26,"Ring of the Serpent":34,"TungstenRod":36,"Ring of the Snake":0},{"Oddly Smooth Stone":12,"Vajra":21,"The Courier":11,"War Paint":8,"Sozu":6,"Centennial Puzzle":5,"Ornamental Fan":21,"DollysMirror":25,"Ninja Scroll":26,"Bronze Scales":5,"Tiny Chest":0,"MealTicket":10,"Bag of Marbles":3,"Toxic Egg 2":20,"Toy Ornithopter":10,"Ring of the Serpent":15,"TungstenRod":16,"Ring of the Snake":0},{"Oddly Smooth Stone":53,"Vajra":93,"The Courier":49,"War Paint":38,"Sozu":32,"Centennial Puzzle":20,"Ornamental Fan":93,"DollysMirror":111,"Ninja Scroll":116,"Bronze Scales":20,"Tiny Chest":0,"MealTicket":44,"Bag of Marbles":15,"Toxic Egg 2":88,"Toy Ornithopter":44,"Ring of the Serpent":64,"TungstenRod":67,"Ring of the Snake":0}],"Toy Ornithopter":5,"TungstenRod":42},"card_choices":[{"not_picked":["Underhanded Strike","Outmaneuver"],"picked":"All Out Attack","floor":1.0},{"not_picked":["Choke","Accuracy"],"picked":"Infinite Blades","floor":5.0},{"not_picked":["Underhanded Strike","Deflect"],"picked":"Flying Knee","floor":6.0},{"not_picked":["Reflex","Underhanded Strike"],"picked":"Accuracy","floor":8.0},{"not_picked":["Blur","Choke"],"picked":"Cloak And Dagger","floor":11.0},{"not_picked":["A Thousand Cuts","Bullet Time"],"picked":"Phantasmal Killer","floor":16.0},{"not_picked":["Blur","Deflect"],"picked":"Blade Dance","floor":18.0},{"not_picked":["Poisoned Stab+1","All Out Attack"],"picked":"Dash","floor":21.0},{"not_picked":["Deadly Poison","Flechettes","Noxious Fumes"],"picked":"SKIP","floor":23.0},{"not_picked":["Underhanded Strike","Deflect"],"picked":"Bouncing Flask+1","floor":25.0},{"not_picked":["Tactician","Flying Knee+1","Underhanded Strike"],"picked":"SKIP","floor":27.0},{"not_picked":["Grand Finale","Concentrate"],"picked":"Sucker Punch+1","floor":29.0},{"not_picked":["Dagger Throw","Endless Agony+1"],"picked":"Cloak And Dagger","floor":30.0},{"not_picked":["Dagger Throw","Caltrops"],"picked":"Finisher+1","floor":31.0},{"not_picked":["Acrobatics","Reflex","Endless Agony+1"],"picked":"SKIP","floor":35.0},{"not_picked":["Skewer","Bane+1"],"picked":"Blade Dance+1","floor":37.0},{"not_picked":["Quick Slash","Dagger Throw+1","Underhanded Strike"],"picked":"SKIP","floor":38.0},{"not_picked":["All Out Attack","Poisoned Stab"],"picked":"Well Laid Plans+1","floor":39.0},{"not_picked":["Masterful Stab+1","Sucker Punch"],"picked":"Cloak And Dagger+1","floor":40.0},{"not_picked":["Choke+1","Doppelganger+1"],"picked":"Deflect+1","floor":42.0},{"not_picked":["Dagger Throw+1","Slice"],"picked":"Cloak And Dagger+1","floor":44.0},{"not_picked":["Underhanded Strike+1","Blur+1"],"picked":"Dodge and Roll+1","floor":46.0},{"not_picked":["Sucker Punch","Caltrops+1"],"picked":"Blade Dance+1","floor":48.0},{"not_picked":["Heel Hook+1","Flechettes+1"],"picked":"Cloak And Dagger+1","floor":54}],"player_experience":101452,"relics_obtained":[{"floor":6.0,"key":"Bag of Marbles"},{"floor":11.0,"key":"Bronze Scales"},{"floor":12.0,"key":"Centennial Puzzle"},{"floor":22.0,"key":"War Paint"},{"floor":25.0,"key":"MealTicket"},{"floor":26.0,"key":"Toy Ornithopter"},{"floor":27.0,"key":"The Courier"},{"floor":29.0,"key":"Oddly Smooth Stone"},{"floor":40.0,"key":"Toxic Egg 2"},{"floor":42.0,"key":"Vajra"},{"floor":43.0,"key":"Ornamental Fan"},{"floor":54,"key":"Ninja Scroll"}],"event_choices":[{"cards_removed":["Strike_G"],"damage_healed":0.0,"max_hp_gain":0.0,"max_hp_loss":0.0,"gold_gain":0.0,"event_name":"Golden Wing","player_choice":"Card Removal","floor":2.0,"gold_loss":0.0,"damage_taken":7.0},{"cards_removed":["Strike_G"],"damage_healed":0.0,"max_hp_gain":0.0,"max_hp_loss":0.0,"gold_gain":0.0,"event_name":"The Cleric","player_choice":"Card Removal","floor":3.0,"gold_loss":50.0,"damage_taken":0.0},{"damage_healed":0.0,"max_hp_gain":0.0,"max_hp_loss":0.0,"gold_gain":0.0,"event_name":"Shining Light","player_choice":"Entered Light","floor":4.0,"gold_loss":0.0,"damage_taken":14.0,"cards_upgraded":["Defend_G","All Out Attack"]},{"damage_healed":0.0,"max_hp_gain":0.0,"max_hp_loss":0.0,"gold_gain":0.0,"event_name":"Duplicator","player_choice":"Copied","floor":19.0,"gold_loss":0.0,"damage_taken":0.0,"cards_obtained":["Finisher"]}],"is_beta":false,"boss_relics":[{"not_picked":["Philosopher\u0027s Stone","Cursed Key"],"picked":"Sozu"},{"not_picked":["Pandora\u0027s Box","Fusion Hammer"],"picked":"Ring of the Serpent"}],"items_purged_floors":[14,20],"is_endless":false,"potions_floor_spawned":[1,6,8,18,25,30,31,37,39,44,48],"killed_by":"The Heart","ascension_level":6}}