{"host":"xmrw7jl1ir2912vf","time":1612050865,"event":{"mods":["BaseMod","Minty Spire (QoL Compilation)","Relic Stats"],"gold_per_floor":[118,130,144,159,159,159,185,185,257,257,257,257,301,321,321,445,445,468,468,487,500,31,31,51,51,74,74,115,133,477,477,477,608,608,626,651,665,998,998,998,998],"floor_reached":40,"language":"ENG","playtime":5995,"items_purged":["Strike_B"],"score":679,"play_id":"61b214b4-4e1b-4082-8c37-5b5af508e1a3","local_time":"20210130185425","is_ascension_mode":true,"campfire_choices":[{"floor":6,"key":"REST"},{"data":"Zap","floor":8,"key":"SMITH"},{"data":"Chaos","floor":15,"key":"SMITH"},{"data":"Dualcast","floor":23,"key":"SMITH"},{"data":"Defragment","floor":25,"key":"SMITH"},{"data":"Defragment","floor":32,"key":"SMITH"}],"circlet_count":0,"master_deck":["AscendersBane","Strike_B","Strike_B","Strike_B","Defend_B","Defend_B","Defend_B","Zap+1","Dualcast+1","Steam+1","Defragment+1","Consume+1","Defragment+1","Leap","Chaos+1","Ball Lightning","All For One","Compile Driver","Go for the Eyes","Coolheaded+1","Good Instincts+1","Coolheaded+1","Stack+1","Amplify+1","Fission+1","Turbo+1","Reinforced Body+1","Hologram+1"],"relics":["Cracked Core","Pocketwatch","Meat on the Bone","Dream Catcher","Nuclear Battery","Toxic Egg 2","PreservedInsect","Oddly Smooth Stone","Old Coin","Fusion Hammer"],"acts_visited":["TheCity","TheBeyond"],"potions_floor_usage":[16,21,24,28,33,40],"damage_taken":[{"damage":0,"enemies":"Cultist","floor":1,"turns":3},{"damage":5,"enemies":"2 Louse","floor":2,"turns":2},{"damage":5,"enemies":"Small Slimes","floor":3,"turns":3},{"damage":16,"enemies":"3 Louse","floor":4,"turns":3},{"damage":22,"enemies":"Lagavulin","floor":7,"turns":6},{"damage":30,"enemies":"Gremlin Nob","floor":13,"turns":4},{"damage":16,"enemies":"Blue Slaver","floor":14,"turns":3},{"damage":27,"enemies":"The Guardian","floor":16,"turns":10},{"damage":7,"enemies":"Shell Parasite","floor":18,"turns":5},{"damage":36,"enemies":"2 Thieves","floor":20,"turns":3},{"damage":17,"enemies":"Snake Plant","floor":21,"turns":3},{"damage":16,"enemies":"3 Cultists","floor":24,"turns":5},{"damage":8,"enemies":"Slavers","floor":28,"turns":4},{"damage":7,"enemies":"Snecko","floor":29,"turns":4},{"damage":6,"enemies":"Book of Stabbing","floor":30,"turns":5},{"damage":10,"enemies":"Automaton","floor":33,"turns":11},{"damage":6,"enemies":"Orb Walker","floor":35,"turns":4},{"damage":0,"enemies":"3 Shapes","floor":36,"turns":5},{"damage":13,"enemies":"Writhing Mass","floor":37,"turns":9},{"damage":56,"enemies":"Reptomancer","floor":40,"turns":2}],"seed_played":"-802757927821618206","potions_obtained":[{"floor":13,"key":"Weak Potion"},{"floor":14,"key":"GamblersBrew"},{"floor":18,"key":"Strength Potion"},{"floor":20,"key":"ColorlessPotion"},{"floor":21,"key":"CultistPotion"},{"floor":24,"key":"ColorlessPotion"},{"floor":36,"key":"DistilledChaos"},{"floor":37,"key":"Block Potion"}],"is_trial":false,"path_per_floor":["M","M","M","M","?","R","E","R","T","?","?","?","E","M","R","B",null,"M","?","M","M","$","R","M","R","T","?","E","M","E","?","R","B",null,"M","M","M","?","?","E"],"character_chosen":"DEFECT","items_purchased":["Toxic Egg 2","Coolheaded+1","Good Instincts+1"],"campfire_rested":1,"item_purchase_floors":[22,22,22],"current_hp_per_floor":[68,63,58,42,27,49,27,27,27,27,27,50,32,28,28,13,55,48,48,24,19,19,19,15,15,15,38,42,35,41,41,41,43,63,57,57,44,44,44,0,0],"gold":998,"neow_bonus":"REMOVE_CARD","is_daily":false,"chose_seed":false,"campfire_upgraded":5,"win_rate":0.0,"timestamp":1612050865,"path_taken":["M","M","M","M","?","R","E","R","T","?","?","?","E","M","R","BOSS","M","?","M","M","$","R","M","R","T","?","E","M","E","?","R","BOSS","M","M","M","?","?","E"],"items_purchased_type":["Relic","Card","Card"],"build_version":"2020-12-22","purchased_purges":1,"victory":false,"max_hp_per_floor":[75,75,75,75,75,75,75,75,75,69,69,69,69,69,69,69,69,69,69,69,69,69,69,69,69,69,69,69,69,69,69,69,69,69,69,69,69,69,69,69,69],"relic_stats":{"Dream Catcher":0,"counters":[20,94],"PreservedInsect":145,"obtain_stats":[{"Dream Catcher":13,"Golden Idol":10,"Oddly Smooth Stone":28,"PreservedInsect":26,"Fusion Hammer":34,"Toxic Egg 2":22,"Cracked Core":0,"Pocketwatch":7,"Meat on the Bone":9,"Nuclear Battery":17,"Old Coin":30},{"Dream Catcher":6,"Golden Idol":5,"Oddly Smooth Stone":13,"PreservedInsect":12,"Fusion Hammer":16,"Toxic Egg 2":11,"Cracked Core":0,"Pocketwatch":5,"Meat on the Bone":5,"Nuclear Battery":8,"Old Coin":15},{"Dream Catcher":21,"Golden Idol":17,"Oddly Smooth Stone":54,"PreservedInsect":50,"Fusion Hammer":74,"Toxic Egg 2":45,"Cracked Core":0,"Pocketwatch":17,"Meat on the Bone":17,"Nuclear Battery":34,"Old Coin":63}],"Pocketwatch":[54],"Meat on the Bone":108},"card_choices":[{"not_picked":["Turbo","Conserve Battery"],"picked":"Steam","floor":1},{"not_picked":["Barrage","Compile Driver"],"picked":"Defragment","floor":2},{"not_picked":["Scrape","Coolheaded"],"picked":"Consume","floor":3},{"not_picked":["Meteor Strike","Undo"],"picked":"Defragment","floor":4},{"not_picked":["Conserve Battery","Rip and Tear"],"picked":"Leap","floor":7},{"not_picked":["Force Field","Compile Driver"],"picked":"Chaos","floor":13},{"not_picked":["Scrape","Skim"],"picked":"Ball Lightning","floor":14},{"not_picked":["Thunder Strike","Hyperbeam"],"picked":"All For One","floor":16},{"not_picked":["Skim","Steam Power","Static Discharge"],"picked":"SKIP","floor":18},{"not_picked":["Streamline+1","Fusion"],"picked":"Compile Driver","floor":20},{"not_picked":["Ball Lightning","Rebound+1"],"picked":"Go for the Eyes","floor":21},{"not_picked":["Conserve Battery+1","Go for the Eyes+1"],"picked":"Coolheaded+1","floor":24},{"not_picked":["Skim+1","Hello World+1"],"picked":"Cold Snap","floor":28},{"not_picked":["Auto Shields+1","Compile Driver"],"picked":"Stack+1","floor":29},{"not_picked":["Gash","Ball Lightning+1"],"picked":"Amplify+1","floor":30},{"not_picked":["Machine Learning","Thunder Strike"],"picked":"Fission+1","floor":33},{"not_picked":["Cold Snap+1","Scrape"],"picked":"Turbo+1","floor":35},{"not_picked":["Force Field+1","Rebound"],"picked":"Reinforced Body+1","floor":36},{"not_picked":["Rebound","Doom and Gloom+1"],"picked":"Hologram+1","floor":37}],"player_experience":538781,"relics_obtained":[{"floor":7,"key":"Pocketwatch"},{"floor":9,"key":"Meat on the Bone"},{"floor":13,"key":"Dream Catcher"},{"floor":26,"key":"PreservedInsect"},{"floor":28,"key":"Oddly Smooth Stone"},{"floor":30,"key":"Old Coin"}],"event_choices":[{"damage_healed":0,"gold_gain":0,"player_choice":"Entered Light","damage_taken":15,"max_hp_gain":0,"max_hp_loss":0,"event_name":"Shining Light","floor":5,"gold_loss":0,"cards_upgraded":["Steam","Consume"]},{"damage_healed":0,"gold_gain":0,"player_choice":"Lose Max HP","damage_taken":0,"relics_obtained":["Golden Idol"],"max_hp_gain":0,"max_hp_loss":6,"event_name":"Golden Idol","floor":10,"gold_loss":0},{"damage_healed":0,"gold_gain":0,"player_choice":"Ignored","damage_taken":0,"max_hp_gain":0,"max_hp_loss":0,"event_name":"Liars Game","floor":11,"gold_loss":0},{"damage_healed":23,"gold_gain":0,"player_choice":"Banana","damage_taken":0,"max_hp_gain":0,"max_hp_loss":0,"event_name":"Big Fish","floor":12,"gold_loss":0},{"damage_healed":0,"gold_gain":0,"player_choice":"Ignored","damage_taken":0,"max_hp_gain":0,"max_hp_loss":0,"event_name":"Ghosts","floor":19,"gold_loss":0},{"damage_healed":23,"gold_gain":0,"player_choice":"Heal","damage_taken":0,"max_hp_gain":0,"max_hp_loss":0,"event_name":"The Library","floor":27,"gold_loss":0},{"damage_healed":0,"gold_gain":0,"player_choice":"Ignored","damage_taken":0,"max_hp_gain":0,"max_hp_loss":0,"event_name":"Vampires","floor":31,"gold_loss":0},{"damage_healed":0,"gold_gain":333,"player_choice":"Gave Idol","damage_taken":0,"max_hp_gain":0,"max_hp_loss":0,"event_name":"The Moai Head","floor":38,"relics_lost":["Golden Idol"],"gold_loss":0},{"cards_removed":["Cold Snap"],"damage_healed":0,"gold_gain":0,"player_choice":"Removed Attack","damage_taken":0,"max_hp_gain":0,"max_hp_loss":0,"event_name":"Falling","floor":39,"gold_loss":0}],"is_beta":false,"boss_relics":[{"not_picked":["SlaversCollar","SacredBark"],"picked":"Nuclear Battery"},{"not_picked":["Sozu","Philosopher\u0027s Stone"],"picked":"Fusion Hammer"}],"items_purged_floors":[22],"is_endless":false,"potions_floor_spawned":[13,14,18,20,21,24,36,37],"killed_by":"Reptomancer","ascension_level":10}}