{"host":"juoup3p5tvzzktl5","time":1612004552,"event":{"mods":["ATMod(∞¢Ë™Mod)","Aspiration","BaseMod","Better Vampires","BetterRewards","Colored Map","Colored Powertips","Downfall","Friendly Minions","GifTheSpireLib","Hermit","Hubris","Infinite Spire","KinomotoSakuraMod(ƒæ÷Æ±æ”£)","Koishi","KomeijiMod","Marisa£®ÏF”Í°°ƒß¿Ì…≥£©","Minty Spire (QoL Compilation)","Quick Restart","Reimu£®≤©¿ˆ¡È√Œ£©","Relic Filter Mod","Reliquary","Replay The Spire","Shop Mod","StSLib","The Administrix","The Alterego","The Bug Knight","The Construct","The Cursed","The Jungle","The Mystic","The Runesmith","The Senshi","Youmu£®ªÍ∆«—˝√Œ£©","Yuyuko"],"gold_per_floor":[99,112,123,140,140,8,32,42,42,81,93,93,31,49,65,170,170,170,183,202,402,418,435,486,486,486,486],"floor_reached":25,"language":"ZHS","playtime":1655,"items_purged":[],"score":197,"play_id":"f0241d8e-885e-408d-92ed-0e4d953d4aa7","local_time":"20210130200232","is_ascension_mode":false,"campfire_choices":[{"data":"champ:Taunt","floor":1.0,"key":"SMITH"},{"data":"champ:StanceDance","floor":9.0,"key":"SMITH"},{"data":"champ:UltimateStance","floor":18.0,"key":"SMITH"}],"circlet_count":0,"master_deck":["champ:Strike","champ:Strike","champ:Strike","champ:Strike","champ:Defend","champ:Defend","champ:Defend","champ:Execute","champ:Taunt+1","AT_OneInchPunch","champ:CalledShot","champ:FancyFootwork","champ:StanceDance+1","champ:EndlessRage","champ:TripleStrike","champ:TripleStrike","champ:PerfectedStrike","champ:PerfectedStrike","champ:PreciseThrust","champ:UltimateStance+1","champ:TornadoPunch+1","Pot Of Greed","Pot Of Greed"],"relics":["champ:ChampionCrown","AT_ATBox","Replay:Mystery Machine","aspiration:WatcherSkillbook","Grinning Jar"],"acts_visited":["Exordium","TheCity"],"potions_floor_usage":[25,25],"damage_taken":[{"damage":0.0,"enemies":"Jaw Worm","floor":2.0,"turns":1.0},{"damage":0.0,"enemies":"Cultist","floor":3.0,"turns":2.0},{"damage":0.0,"enemies":"2 Louse","floor":4.0,"turns":2.0},{"damage":25.0,"enemies":"downfall:FleeingMerchant","floor":6.0,"turns":4.0},{"damage":0.0,"enemies":"Blue Slaver","floor":8.0,"turns":1.0},{"damage":15.0,"enemies":"Lots of Slimes","floor":11.0,"turns":4.0},{"damage":53.0,"enemies":"downfall:FleeingMerchant","floor":13.0,"turns":4.0},{"damage":0.0,"enemies":"Large Slime","floor":14.0,"turns":2.0},{"damage":4.0,"enemies":"Gremlin Gang","floor":15.0,"turns":3.0},{"damage":78.0,"enemies":"SI_SHIV_ARCHETYPE","floor":16.0,"turns":6.0},{"damage":39.0,"enemies":"3 Byrds","floor":19.0,"turns":6.0},{"damage":22.0,"enemies":"Shell Parasite","floor":20.0,"turns":3.0},{"damage":21.0,"enemies":"Snake Plant","floor":22.0,"turns":4.0},{"damage":18.0,"enemies":"Centurion and Healer","floor":23.0,"turns":6.0},{"damage":22,"enemies":"Sentry and Sphere","floor":25,"turns":4}],"seed_played":"4400025390967682945","potions_obtained":[{"floor":4.0,"key":"SteroidPotion"},{"floor":8.0,"key":"Block Potion"},{"floor":10.0,"key":"Fire Potion"},{"floor":14.0,"key":"AttackPotion"},{"floor":16.0,"key":"Elixir"},{"floor":20.0,"key":"SpeedPotion"},{"floor":22.0,"key":"Block Potion"},{"floor":23.0,"key":"Swift Potion"}],"is_trial":false,"path_per_floor":["R","M","M","M","?","$","T","M","R","?","M","?","$","M","M","B",null,"R","M","M","?","M","M","T","M"],"character_chosen":"THE_CHAMP","items_purchased":["champ:TripleStrike","champ:PerfectedStrike"],"campfire_rested":0,"item_purchase_floors":[6,13],"current_hp_per_floor":[99,99,99,99,99,94,94,94,94,94,89,94,86,86,82,29,104,104,65,53,53,32,14,14,0,0,0],"gold":486,"neow_bonus":"TEN_PERCENT_HP_BONUS","is_daily":false,"chose_seed":false,"campfire_upgraded":3,"win_rate":0.0,"timestamp":1612004552,"path_taken":["R","M","M","M","?","?","T","?","R","?","M","?","?","?","M","BOSS","R","M","M","?","M","?","T","M"],"items_purchased_type":["Card","Card"],"build_version":"2020-12-22","purchased_purges":0,"victory":false,"max_hp_per_floor":[99,99,99,99,99,99,99,99,99,99,99,104,104,104,104,104,104,104,104,104,104,104,104,104,104,104,104],"card_choices":[{"not_picked":["champ:TornadoPunch","champ:Duel"],"picked":"champ:CalledShot","floor":2.0},{"not_picked":["champ:TornadoPunch","champ:AdrenalArmor"],"picked":"champ:FancyFootwork","floor":3.0},{"not_picked":["champ:ShieldSigil","champ:ShieldSlam"],"picked":"champ:StanceDance","floor":4.0},{"not_picked":["champ:PreciseThrust","champ:Shatter"],"picked":"champ:EndlessRage","floor":6.0},{"not_picked":["champ:StrikeOfGenius","champ:EndlessRage","champ:DefensiveStyle"],"picked":"SKIP","floor":8.0},{"not_picked":["champ:CrookedStrike","champ:DefensiveShout"],"picked":"champ:PerfectedStrike","floor":11.0},{"not_picked":["champ:DefensiveStyle","champ:AdrenalArmor","champ:DefensiveShout"],"picked":"SKIP","floor":13.0},{"not_picked":["champ:CrownThrow","champ:DefensiveStyle"],"picked":"champ:PreciseThrust","floor":14.0},{"not_picked":["champ:BringItOn","champ:DancingMaster","champ:CrownThrow"],"picked":"SKIP","floor":15.0},{"not_picked":["champ:HoldFirm","champ:StrikeOfGenius"],"picked":"champ:UltimateStance","floor":16.0},{"not_picked":["champ:BringItOn","EmptyFist+1","champ:AdrenalArmor","champ:PreemptiveStrike+1"],"picked":"SKIP","floor":19.0},{"not_picked":["champ:FancyFootwork","champ:ShieldWall+1","Replay:BluntJabs","FollowUp"],"picked":"SKIP","floor":20.0},{"not_picked":["ThirdEye+1","Wish","ClearTheMind"],"picked":"champ:TornadoPunch+1","floor":22.0},{"not_picked":["Collect","champ:HeartStrike","champ:Shatter","champ:FlashCut"],"picked":"SKIP","floor":23.0}],"player_experience":1144894,"relics_obtained":[{"floor":7.0,"key":"Replay:Mystery Machine"},{"floor":24.0,"key":"Grinning Jar"}],"event_choices":[{"damage_healed":0.0,"max_hp_gain":5.0,"max_hp_loss":0.0,"gold_gain":0.0,"event_name":"Big Fish","player_choice":"Donut","floor":12.0,"gold_loss":0.0,"damage_taken":0.0}],"is_beta":false,"boss_relics":[{"not_picked":["aspiration:RitualDagger","Busted Crown"],"picked":"aspiration:WatcherSkillbook"}],"items_purged_floors":[],"is_endless":false,"potions_floor_spawned":[4,8,11,14,16,20,22,23],"killed_by":"Sentry and Sphere","ascension_level":0}}