{"host":"6xsbn6ynqlzwllfm","time":1612018807,"event":{"mods":["2.2 Compatiblity","BaseMod","Bestiary","Colored Map","Colored Powertips","Curses Come First","Highlight Path","Keyboard Shortcuts","Minty Spire (QoL Compilation)","Relic Stats","Slay the Relics Exporter","StSLib","SuperFastMode"],"gold_per_floor":[112,130,142,152,163,163,182,209,209,209,209,236,271,286,286,365,365,384,384,398,673,687,687,701,147,147,10,37,37,48,66,66,140,140,156,173,173,173,187,187,219,219,219,219,234,268,268,285,285,285,285],"floor_reached":50,"language":"ENG","playtime":1670,"items_purged":["Regret","Doubt"],"score":1168,"play_id":"798db57d-6732-497a-adbc-8f54c491e821","local_time":"20210130100007","is_ascension_mode":true,"campfire_choices":[{"data":"Hyperbeam","floor":6.0,"key":"SMITH"},{"data":"Genetic Algorithm","floor":11.0,"key":"SMITH"},{"data":"Barrage","floor":15.0,"key":"SMITH"},{"data":"Biased Cognition","floor":23.0,"key":"SMITH"},{"data":"Heatsinks","floor":29.0,"key":"SMITH"},{"data":"Doom and Gloom","floor":32.0,"key":"SMITH"},{"data":"Defragment","floor":40.0,"key":"SMITH"},{"floor":42,"key":"REST"},{"floor":47,"key":"REST"},{"floor":49,"key":"RECALL"}],"circlet_count":0,"master_deck":["AscendersBane","Strike_B","Strike_B","Strike_B","Defend_B","Defend_B","Defend_B","Defend_B","Zap","Dualcast","Hyperbeam+1","Barrage+1","BootSequence","Core Surge","Genetic Algorithm+1","Ball Lightning","Doom and Gloom+1","Reboot+1","Ball Lightning","Compile Driver","Biased Cognition+1","Darkness+1","Genetic Algorithm+1","Redo+1","Hologram+1","Heatsinks+1","Genetic Algorithm+1","Rainbow+1","Echo Form","Defragment+1","Capacitor","Fusion+1","Doubt","Bandage Up+1","Dark Shackles+1","Thunder Strike","Glacier+1"],"relics":["Cracked Core","Toxic Egg 2","Meat on the Bone","Art of War","Symbiotic Virus","Cursed Key","Blue Candle","Shuriken","Lee\u0027s Waffle","Question Card","Snecko Eye","Orichalcum","Regal Pillow","PreservedInsect"],"acts_visited":["Exordium","TheCity","TheBeyond"],"potions_floor_usage":[41],"damage_taken":[{"damage":0.0,"enemies":"Cultist","floor":1.0,"turns":2.0},{"damage":2.0,"enemies":"2 Louse","floor":2.0,"turns":2.0},{"damage":0.0,"enemies":"Jaw Worm","floor":3.0,"turns":3.0},{"damage":0.0,"enemies":"Blue Slaver","floor":4.0,"turns":2.0},{"damage":0.0,"enemies":"Exordium Thugs","floor":5.0,"turns":3.0},{"damage":0.0,"enemies":"Lots of Slimes","floor":7.0,"turns":2.0},{"damage":31.0,"enemies":"Gremlin Nob","floor":8.0,"turns":4.0},{"damage":23.0,"enemies":"Lagavulin","floor":13.0,"turns":7.0},{"damage":0.0,"enemies":"Blue Slaver","floor":14.0,"turns":2.0},{"damage":0.0,"enemies":"Slime Boss","floor":16.0,"turns":4.0},{"damage":0.0,"enemies":"Chosen","floor":18.0,"turns":3.0},{"damage":11.0,"enemies":"Shell Parasite","floor":20.0,"turns":3.0},{"damage":0.0,"enemies":"Cultist and Chosen","floor":22.0,"turns":3.0},{"damage":16.0,"enemies":"3 Cultists","floor":24.0,"turns":5.0},{"damage":12.0,"enemies":"Gremlin Leader","floor":28.0,"turns":5.0},{"damage":3.0,"enemies":"Centurion and Healer","floor":30.0,"turns":6.0},{"damage":14.0,"enemies":"Chosen and Byrds","floor":31.0,"turns":4.0},{"damage":59.0,"enemies":"Automaton","floor":33.0,"turns":8.0},{"damage":15.0,"enemies":"3 Shapes","floor":35.0,"turns":4.0},{"damage":1.0,"enemies":"3 Darklings","floor":36.0,"turns":2.0},{"damage":8.0,"enemies":"Writhing Mass","floor":39.0,"turns":6.0},{"damage":43,"enemies":"Reptomancer","floor":41,"turns":6},{"damage":15,"enemies":"Spire Growth","floor":45,"turns":6},{"damage":17,"enemies":"Nemesis","floor":46,"turns":7},{"damage":17,"enemies":"3 Darklings","floor":48,"turns":2},{"damage":92,"enemies":"Time Eater","floor":50,"turns":11}],"seed_played":"-4016757680355939518","potions_obtained":[{"floor":3.0,"key":"Swift Potion"},{"floor":8.0,"key":"FocusPotion"},{"floor":13.0,"key":"ColorlessPotion"},{"floor":16.0,"key":"SkillPotion"},{"floor":18.0,"key":"SpeedPotion"},{"floor":22.0,"key":"SkillPotion"},{"floor":30.0,"key":"FairyPotion"},{"floor":39.0,"key":"Explosive Potion"},{"floor":48,"key":"FairyPotion"}],"is_trial":false,"path_per_floor":["M","M","M","M","M","R","M","E","T","?","R","T","E","M","R","B",null,"M","?","M","?","M","R","M","$","T","$","E","R","M","M","R","B",null,"M","M","?","?","M","R","E","R","T","?","M","E","R","M","R","B"],"character_chosen":"DEFECT","items_purchased":["Shuriken","Lee\u0027s Waffle","Hologram+1","Heatsinks"],"campfire_rested":2,"item_purchase_floors":[25,25,25,27],"current_hp_per_floor":[64,62,62,62,62,62,62,31,31,36,36,36,25,37,37,49,69,69,69,58,58,58,58,42,83,83,83,71,71,68,54,54,36,71,56,55,55,55,47,47,16,40,40,30,27,28,67,50,50,0,0],"gold":285,"neow_bonus":"ONE_RANDOM_RARE_CARD","is_daily":false,"chose_seed":false,"campfire_upgraded":7,"win_rate":0.0,"timestamp":1612018807,"path_taken":["M","?","M","M","M","R","M","E","T","?","R","?","E","M","R","BOSS","M","?","?","?","M","R","M","$","T","$","E","R","?","M","R","BOSS","M","M","?","?","?","R","E","R","T","?","M","E","R","M","R","BOSS"],"items_purchased_type":["Relic","Relic","Card","Card"],"build_version":"2020-12-22","purchased_purges":2,"victory":false,"max_hp_per_floor":[71,71,71,71,71,71,71,71,71,76,76,76,76,76,76,76,76,76,76,76,76,76,76,76,83,83,83,83,83,83,83,83,83,83,83,83,83,83,83,83,83,83,83,83,83,83,83,83,83,83,83],"relic_stats":{"Lee\u0027s Waffle":41,"Regal Pillow":15,"counters":[26,112],"Blue Candle":[4],"PreservedInsect":0,"Orichalcum":[24],"Cursed Key":2,"Question Card":13,"Shuriken":[7],"Snecko Eye":[89,83,78,72],"Art of War":[19],"obtain_stats":[{"Lee\u0027s Waffle":25,"Regal Pillow":43,"Blue Candle":19,"PreservedInsect":46,"Orichalcum":41,"Cursed Key":17,"Question Card":28,"Shuriken":25,"Snecko Eye":34,"Art of War":12,"Toxic Egg 2":8,"Cracked Core":0,"Symbiotic Virus":13,"Meat on the Bone":9},{"Lee\u0027s Waffle":14,"Regal Pillow":22,"Blue Candle":11,"PreservedInsect":24,"Orichalcum":22,"Cursed Key":10,"Question Card":15,"Shuriken":14,"Snecko Eye":18,"Art of War":7,"Toxic Egg 2":7,"Cracked Core":0,"Symbiotic Virus":8,"Meat on the Bone":7},{"Lee\u0027s Waffle":45,"Regal Pillow":86,"Blue Candle":34,"PreservedInsect":99,"Orichalcum":86,"Cursed Key":31,"Question Card":50,"Shuriken":45,"Snecko Eye":68,"Art of War":18,"Toxic Egg 2":18,"Cracked Core":0,"Symbiotic Virus":25,"Meat on the Bone":18}],"Meat on the Bone":84},"card_choices":[{"not_picked":["Undo","Stack"],"picked":"Barrage","floor":1.0},{"not_picked":["Leap","Scrape"],"picked":"BootSequence","floor":2.0},{"not_picked":["Defragment","Gash"],"picked":"Core Surge","floor":3.0},{"not_picked":["Coolheaded","Force Field"],"picked":"Genetic Algorithm","floor":4.0},{"not_picked":["Scrape","Rebound"],"picked":"Ball Lightning","floor":5.0},{"not_picked":["Turbo","Scrape"],"picked":"Doom and Gloom","floor":7.0},{"not_picked":["Ball Lightning","Sunder"],"picked":"Reboot+1","floor":8.0},{"not_picked":["Go for the Eyes","Thunder Strike"],"picked":"Ball Lightning","floor":13.0},{"not_picked":["Conserve Battery+1","Rebound"],"picked":"Compile Driver","floor":14.0},{"not_picked":["Seek+1","Machine Learning"],"picked":"Biased Cognition","floor":16.0},{"not_picked":["Steam+1","Barrage"],"picked":"Darkness+1","floor":18.0},{"not_picked":["Reprogram+1","Heatsinks"],"picked":"Genetic Algorithm+1","floor":20.0},{"not_picked":["Static Discharge","Gash"],"picked":"Redo+1","floor":24.0},{"not_picked":["Hello World","Go for the Eyes"],"picked":"Genetic Algorithm+1","floor":28.0},{"not_picked":["Chaos+1","Storm","Compile Driver"],"picked":"Rainbow+1","floor":30.0},{"not_picked":["Meteor Strike","Rainbow+1","All For One"],"picked":"Echo Form","floor":33.0},{"not_picked":["Chaos+1","Darkness+1","Storm+1"],"picked":"Defragment","floor":36.0},{"not_picked":["Blizzard","Barrage","Conserve Battery+1"],"picked":"Capacitor","floor":39.0},{"not_picked":["Gash","Conserve Battery+1","Turbo+1"],"picked":"Fusion+1","floor":41},{"not_picked":["Violence+1","Madness+1","Deep Breath+1"],"picked":"Bandage Up+1","floor":44},{"not_picked":["Blind+1","Good Instincts+1","Dramatic Entrance"],"picked":"Dark Shackles+1","floor":44},{"not_picked":["Rebound","Steam+1","Turbo+1"],"picked":"Thunder Strike","floor":46},{"not_picked":["Defragment+1","Sweeping Beam","Compile Driver"],"picked":"Glacier+1","floor":48}],"player_experience":1282326,"relics_obtained":[{"floor":8.0,"key":"Toxic Egg 2"},{"floor":9.0,"key":"Meat on the Bone"},{"floor":12.0,"key":"Art of War"},{"floor":13.0,"key":"Symbiotic Virus"},{"floor":28.0,"key":"Question Card"},{"floor":41,"key":"Orichalcum"},{"floor":43,"key":"Regal Pillow"},{"floor":46,"key":"PreservedInsect"}],"event_choices":[{"damage_healed":0.0,"max_hp_gain":5.0,"max_hp_loss":0.0,"gold_gain":0.0,"event_name":"Big Fish","player_choice":"Donut","floor":10.0,"gold_loss":0.0,"damage_taken":0.0},{"damage_healed":0.0,"max_hp_gain":0.0,"max_hp_loss":0.0,"gold_gain":0.0,"event_name":"WeMeetAgain","player_choice":"Gave Potion","floor":19.0,"gold_loss":0.0,"damage_taken":0.0,"relics_obtained":["Blue Candle"]},{"damage_healed":0.0,"max_hp_gain":0.0,"max_hp_loss":0.0,"gold_gain":275.0,"event_name":"Golden Shrine","player_choice":"Desecrate","floor":21.0,"gold_loss":0.0,"damage_taken":0.0,"cards_obtained":["Regret"]},{"cards_removed":["Strike_B"],"damage_healed":0.0,"max_hp_gain":0.0,"max_hp_loss":0.0,"gold_gain":0.0,"event_name":"Falling","player_choice":"Removed Attack","floor":37.0,"gold_loss":0.0,"damage_taken":0.0},{"damage_healed":0.0,"max_hp_gain":0.0,"max_hp_loss":0.0,"gold_gain":0.0,"event_name":"SecretPortal","player_choice":"Ignored","floor":38.0,"gold_loss":0.0,"damage_taken":0.0},{"damage_healed":0,"gold_gain":0,"player_choice":"Memory 3","damage_taken":10,"max_hp_gain":0,"max_hp_loss":0,"event_name":"SensoryStone","floor":44,"gold_loss":0}],"is_beta":false,"boss_relics":[{"not_picked":["Busted Crown","Pandora\u0027s Box"],"picked":"Cursed Key"},{"not_picked":["Philosopher\u0027s Stone","Inserter"],"picked":"Snecko Eye"}],"items_purged_floors":[25,27],"is_endless":false,"potions_floor_spawned":[3,8,13,16,18,22,30,39,48],"killed_by":"Time Eater","ascension_level":19}}