{"host":"nyg49itbeu0n8xya","time":1612033636,"event":{"mods":["BaseMod","Minty Spire (QoL Compilation)","Relic Stats","Reliquary","StSLib","Wide Potions","°æ“≈ŒÔø®≈∆°øREMEMod","≤–¡Ù÷ÆŒÔ"],"gold_per_floor":[118,118,132,207,223,258,267,311,338,338,368,393,446,476,476,613,613,641,146,146,245,254,254,122,157,157,194,223,253,253,287,287,394,484,521,521,17,46,74,418,449,479,506,540,572,631,631,19,19,19,19],"floor_reached":50,"language":"ZHS","playtime":2984,"items_purged":["Injury"],"score":719,"play_id":"f292e545-0cf6-48cc-a988-e9e64fd50d26","local_time":"20210131030716","is_ascension_mode":false,"campfire_choices":[{"floor":10,"key":"REST"},{"floor":15,"key":"REST"},{"data":"Catalyst","floor":23,"key":"SMITH"},{"data":"PlaceholderMod:DiffusionPoison","floor":30,"key":"SMITH"},{"floor":32,"key":"REST"},{"floor":49,"key":"RECALL"}],"circlet_count":0,"master_deck":["Survivor","Neutralize","PlaceholderMod:DiffusionPoison+1","Underhanded Strike","Noxious Fumes","Slice","Endless Agony","Poisoned Stab","Outmaneuver","Distraction","REME_GreenPollution","Adrenaline","Doppelganger","Endless Agony","REME_ShadowStrike","PiercingWail","Caltrops","Catalyst+1","Tactician","Dagger Throw","Finisher","Noxious Fumes","Poisoned Stab+1","Slice","Bane+1","Bane+1","PiercingWail","Noxious Fumes","Reflex+1","Tactician+1","After Image","Catalyst","Malaise","Reflex","REME_LeechingPoison","Prepared","Masterful Stab","REME_ShadowStrike","Well Laid Plans","Envenom","Reflex","Catalyst","Infinite Blades","Storm of Steel","Terror+1","Poisoned Stab","Backflip+1","REME_GreenPollution+1","Prepared+1","Wraith Form v2","Dagger Throw","Poisoned Stab+1","Outmaneuver+1","Dagger Spray+1","Dash+1","Tactician+1"],"relics":["Ring of the Serpent","REME_ComplimentaryCards","NeowsBlessing","CeramicFish","Bloody Idol","Regal Pillow","reliquary:PorcupineQuills","Matryoshka","Prayer Wheel","StoneCalendar","reliquary:PrincelyHelmet","Toy Ornithopter","Pandora\u0027s Box","PlaceholderMod:SoulofChaos","Bronze Scales","Old Coin","MealTicket","Peace Pipe","Incense Burner","Whetstone","Thread and Needle"],"acts_visited":["Exordium","TheCity","TheBeyond"],"potions_floor_usage":[2,8,13,16,18,25,28,28,41,41,41,42,44,44,45,50,50],"damage_taken":[{"damage":0,"enemies":"Jaw Worm","floor":1,"turns":1},{"damage":0,"enemies":"Cultist","floor":3,"turns":1},{"damage":0,"enemies":"2 Louse","floor":5,"turns":2},{"damage":30,"enemies":"3 Sentries","floor":6,"turns":5},{"damage":19,"enemies":"Gremlin Nob","floor":8,"turns":4},{"damage":17,"enemies":"Large Slime","floor":11,"turns":3},{"damage":16,"enemies":"Exordium Thugs","floor":12,"turns":4},{"damage":16,"enemies":"Lagavulin","floor":13,"turns":4},{"damage":0,"enemies":"2 Fungi Beasts","floor":14,"turns":3},{"damage":27,"enemies":"The Guardian","floor":16,"turns":9},{"damage":38,"enemies":"2 Thieves","floor":18,"turns":4},{"damage":35,"enemies":"Gremlin Leader","floor":25,"turns":5},{"damage":2,"enemies":"Shell Parasite","floor":27,"turns":4},{"damage":30,"enemies":"Centurion and Healer","floor":28,"turns":4},{"damage":10,"enemies":"Snecko","floor":29,"turns":5},{"damage":27,"enemies":"Chosen and Byrds","floor":31,"turns":6},{"damage":30,"enemies":"Automaton","floor":33,"turns":7},{"damage":75,"enemies":"3 Shapes","floor":35,"turns":4},{"damage":11,"enemies":"Orb Walker","floor":38,"turns":3},{"damage":13,"enemies":"Maw","floor":39,"turns":8},{"damage":67,"enemies":"Reptomancer","floor":40,"turns":7},{"damage":26,"enemies":"3 Darklings","floor":41,"turns":5},{"damage":0,"enemies":"4 Shapes","floor":42,"turns":4},{"damage":74,"enemies":"Nemesis","floor":44,"turns":5},{"damage":33,"enemies":"Jaw Worm Horde","floor":45,"turns":4},{"damage":11,"enemies":"Mind Bloom Boss Battle","floor":46,"turns":6},{"damage":85,"enemies":"Awakened One","floor":50,"turns":8}],"seed_played":"3095398238853640503","potions_obtained":[{"floor":2,"key":"Fruit Juice"},{"floor":2,"key":"Ancient Potion"},{"floor":2,"key":"Energy Potion"},{"floor":12,"key":"SkillPotion"},{"floor":13,"key":"SpeedPotion"},{"floor":16,"key":"Weak Potion"},{"floor":18,"key":"PowerPotion"},{"floor":25,"key":"ColorlessPotion"},{"floor":28,"key":"SpeedPotion"},{"floor":40,"key":"EntropicBrew"},{"floor":41,"key":"Block Potion"},{"floor":42,"key":"ColorlessPotion"},{"floor":44,"key":"DuplicationPotion"},{"floor":46,"key":"SmokeBomb"}],"is_trial":false,"path_per_floor":["M","?","M","?","M","E","?","E","T","R","M","M","E","M","R","B",null,"M","$","?","?","?","R","$","E","T","M","M","M","R","M","R","B",null,"M","?","$","M","M","E","M","M","T","E","M","?","?","$","R","B"],"character_chosen":"THE_SILENT","items_purchased":["Prayer Wheel","REME_ShadowStrike","PiercingWail","Caltrops","Tactician","Dagger Throw","Finisher","Catalyst","Infinite Blades","PlaceholderMod:SoulofChaos","Bronze Scales","Whetstone","Thread and Needle","PlaceholderMod:PlaceholderPotion","LiquidBronze"],"campfire_rested":3,"item_purchase_floors":[19,19,19,19,24,24,24,37,37,37,37,48,48,48,48],"current_hp_per_floor":[70,82,82,71,71,41,41,22,22,61,44,28,12,12,51,24,82,44,44,44,49,54,54,69,44,44,57,57,62,62,50,82,62,82,42,92,92,92,95,43,65,85,90,65,52,54,57,72,72,0,0],"gold":19,"neow_bonus":"THREE_ENEMY_KILL","is_daily":false,"chose_seed":false,"campfire_upgraded":2,"win_rate":0.0,"timestamp":1612033636,"path_taken":["M","?","?","?","M","E","?","E","T","R","M","?","E","M","R","BOSS","M","$","?","?","?","R","?","E","T","M","M","?","R","M","R","BOSS","M","?","$","M","?","E","M","M","T","E","M","?","?","$","R","BOSS"],"items_purchased_type":["Relic","Card","Card","Card","Card","Card","Card","Card","Card","Relic","Relic","Relic","Relic","Potion","Potion"],"build_version":"2020-12-22","purchased_purges":1,"victory":false,"max_hp_per_floor":[70,82,82,82,82,82,82,82,82,82,82,82,82,82,82,82,82,82,82,82,82,82,82,82,82,82,82,82,82,82,82,82,82,82,82,92,92,92,95,95,95,95,95,95,95,98,101,101,101,101,101],"relic_stats":{"Regal Pillow":38,"counters":[27,125],"CeramicFish":477,"StoneCalendar":[202],"Whetstone":["Poisoned Stab","Bane"],"Peace Pipe":0,"Bloody Idol":242,"Bronze Scales":[154],"Prayer Wheel":10,"Pandora\u0027s Box":["Catalyst","Malaise","Reflex","REME_LeechingPoison","Prepared","Masterful Stab","REME_ShadowStrike","Well Laid Plans","Envenom","Grand Finale"],"MealTicket":15,"obtain_stats":[{"Regal Pillow":8,"NeowsBlessing":0,"Golden Idol":7,"reliquary:PrincelyHelmet":26,"CeramicFish":6,"StoneCalendar":25,"Thread and Needle":48,"Incense Burner":46,"Whetstone":48,"Old Coin":40,"Peace Pipe":44,"reliquary:PorcupineQuills":9,"Matryoshka":13,"Bloody Idol":20,"Bronze Scales":37,"Prayer Wheel":19,"Pandora\u0027s Box":34,"MealTicket":43,"PlaceholderMod:SoulofChaos":37,"Ring of the Serpent":17,"Toy Ornithopter":26,"Ring of the Snake":0,"REME_ComplimentaryCards":0},{"Regal Pillow":5,"NeowsBlessing":0,"Golden Idol":4,"reliquary:PrincelyHelmet":12,"CeramicFish":4,"StoneCalendar":12,"Thread and Needle":26,"Incense Burner":26,"Whetstone":26,"Old Coin":21,"Peace Pipe":24,"reliquary:PorcupineQuills":5,"Matryoshka":8,"Bloody Idol":11,"Bronze Scales":18,"Prayer Wheel":11,"Pandora\u0027s Box":17,"MealTicket":23,"PlaceholderMod:SoulofChaos":18,"Ring of the Serpent":10,"Toy Ornithopter":12,"Ring of the Snake":0,"REME_ComplimentaryCards":0},{"Regal Pillow":13,"NeowsBlessing":0,"Golden Idol":9,"reliquary:PrincelyHelmet":45,"CeramicFish":9,"StoneCalendar":45,"Thread and Needle":117,"Incense Burner":117,"Whetstone":117,"Old Coin":93,"Peace Pipe":107,"reliquary:PorcupineQuills":13,"Matryoshka":24,"Bloody Idol":40,"Bronze Scales":75,"Prayer Wheel":40,"Pandora\u0027s Box":71,"MealTicket":102,"PlaceholderMod:SoulofChaos":75,"Ring of the Serpent":36,"Toy Ornithopter":45,"Ring of the Snake":0,"REME_ComplimentaryCards":0}],"Toy Ornithopter":0},"card_choices":[{"not_picked":["Deflect","Acrobatics"],"picked":"Underhanded Strike","floor":1},{"not_picked":["Deflect","Dagger Throw"],"picked":"Noxious Fumes","floor":3},{"not_picked":["Accuracy","Cloak And Dagger"],"picked":"Slice","floor":5},{"not_picked":["Eviscerate","Calculated Gamble"],"picked":"Endless Agony","floor":6},{"not_picked":["Choke","Finisher"],"picked":"Poisoned Stab","floor":8},{"not_picked":["Acrobatics","Skewer"],"picked":"Outmaneuver","floor":11},{"not_picked":["Accuracy","Deadly Poison"],"picked":"Distraction","floor":12},{"not_picked":["PiercingWail","Cloak And Dagger"],"picked":"REME_GreenPollution","floor":13},{"not_picked":["Deadly Poison","Quick Slash"],"picked":"Adrenaline","floor":14},{"not_picked":["Bullet Time","Grand Finale"],"picked":"Doppelganger","floor":16},{"not_picked":["Flying Knee+1","Dagger Spray+1"],"picked":"Endless Agony","floor":18},{"not_picked":["Well Laid Plans","Deadly Poison"],"picked":"Noxious Fumes","floor":25},{"not_picked":["Prepared+1","Flying Knee+1"],"picked":"Poisoned Stab","floor":27},{"not_picked":["Deflect","Flechettes"],"picked":"Slice","floor":27},{"not_picked":["Deadly Poison","Cloak And Dagger"],"picked":"Bane","floor":28},{"not_picked":["Acrobatics","Tools of the Trade"],"picked":"Bane+1","floor":28},{"not_picked":["Slice","Calculated Gamble"],"picked":"PiercingWail","floor":29},{"not_picked":["Dodge and Roll","Poisoned Stab"],"picked":"Noxious Fumes","floor":29},{"not_picked":["PiercingWail+1","Flying Knee"],"picked":"Reflex+1","floor":31},{"not_picked":["REME_GreenPollution","All Out Attack+1"],"picked":"Tactician+1","floor":31},{"not_picked":["Night Terror","Malaise"],"picked":"After Image","floor":33},{"not_picked":["Flying Knee","Leg Sweep+1"],"picked":"Tactician","floor":35},{"not_picked":["Masterful Stab","PiercingWail"],"picked":"Reflex","floor":35},{"not_picked":["Underhanded Strike+1","All Out Attack+1"],"picked":"Storm of Steel","floor":38},{"not_picked":["Slice+1","Bane"],"picked":"Terror+1","floor":38},{"not_picked":["Quick Slash+1","Slice+1"],"picked":"Poisoned Stab","floor":39},{"not_picked":["Deflect","Skewer"],"picked":"Backflip+1","floor":39},{"not_picked":["PiercingWail","Noxious Fumes+1"],"picked":"REME_GreenPollution+1","floor":40},{"not_picked":["Eviscerate","Cloak And Dagger+1"],"picked":"Prepared+1","floor":41},{"not_picked":["All Out Attack","Bane"],"picked":"Wraith Form v2","floor":41},{"not_picked":["Choke+1","Poisoned Stab"],"picked":"Dagger Throw","floor":42},{"not_picked":["Choke+1","Blade Dance"],"picked":"Poisoned Stab+1","floor":42},{"not_picked":["Acrobatics","Riddle With Holes+1"],"picked":"Outmaneuver+1","floor":44},{"not_picked":["Reflex+1","Flying Knee+1"],"picked":"Dagger Spray+1","floor":45},{"not_picked":["Dagger Throw","Slice"],"picked":"Dash+1","floor":45},{"not_picked":["Underhanded Strike","Reflex+1"],"picked":"Tactician+1","floor":46}],"player_experience":433574,"relics_obtained":[{"floor":6,"key":"CeramicFish"},{"floor":8,"key":"Regal Pillow"},{"floor":9,"key":"reliquary:PorcupineQuills"},{"floor":13,"key":"Matryoshka"},{"floor":25,"key":"StoneCalendar"},{"floor":26,"key":"reliquary:PrincelyHelmet"},{"floor":26,"key":"Toy Ornithopter"},{"floor":40,"key":"Old Coin"},{"floor":43,"key":"MealTicket"},{"floor":44,"key":"Peace Pipe"},{"floor":46,"key":"Incense Burner"}],"event_choices":[{"damage_healed":0,"gold_gain":0,"player_choice":"Got Potions","damage_taken":0,"max_hp_gain":0,"max_hp_loss":0,"event_name":"Lab","floor":2,"gold_loss":0},{"damage_healed":0,"gold_gain":75,"player_choice":"Gather Gold","damage_taken":11,"max_hp_gain":0,"max_hp_loss":0,"event_name":"World of Goop","floor":4,"gold_loss":0},{"damage_healed":0,"gold_gain":0,"player_choice":"Take Wound","damage_taken":0,"relics_obtained":["Golden Idol"],"max_hp_gain":0,"max_hp_loss":0,"event_name":"Golden Idol","floor":7,"gold_loss":0,"cards_obtained":["Injury"]},{"damage_healed":0,"gold_gain":0,"player_choice":"Gave Idol","damage_taken":0,"relics_obtained":["Bloody Idol"],"max_hp_gain":0,"max_hp_loss":0,"event_name":"Forgotten Altar","floor":20,"relics_lost":["Golden Idol"],"gold_loss":0},{"damage_healed":0,"gold_gain":99,"player_choice":"Stole From Cult","damage_taken":0,"max_hp_gain":0,"max_hp_loss":0,"event_name":"Nest","floor":21,"gold_loss":0},{"damage_healed":0,"gold_gain":0,"player_choice":"Read","damage_taken":0,"max_hp_gain":0,"max_hp_loss":0,"event_name":"The Library","floor":22,"gold_loss":0,"cards_obtained":["Catalyst"]},{"cards_removed":["Grand Finale"],"damage_healed":40,"gold_gain":0,"player_choice":"Offered Rare","damage_taken":0,"max_hp_gain":10,"max_hp_loss":0,"event_name":"Bonfire Elementals","floor":36,"gold_loss":0},{"damage_healed":0,"gold_gain":0,"player_choice":"Fight","damage_taken":0,"max_hp_gain":0,"max_hp_loss":0,"event_name":"MindBloom","floor":46,"gold_loss":0},{"cards_removed":["Tactician"],"damage_healed":0,"gold_gain":0,"player_choice":"Removed Skill","damage_taken":0,"max_hp_gain":0,"max_hp_loss":0,"event_name":"Falling","floor":47,"gold_loss":0}],"is_beta":false,"boss_relics":[{"not_picked":["reliquary:WritOfMandamus","reliquary:RedCape"],"picked":"Ring of the Serpent"},{"not_picked":["REME_LowDesire","reliquary:RedPaperclip"],"picked":"Pandora\u0027s Box"}],"items_purged_floors":[19],"is_endless":false,"potions_floor_spawned":[6,11,12,13,16,18,25,28,40,41,42,44,46],"killed_by":"Awakened One","ascension_level":0}}