{"host":"qwp6882a7gaon7u5","time":1612024031,"event":{"mods":["ATMod(阿瑾Mod)","Act Like it!","BaseMod","BetterRewards","CapriCore","Gensokyo","Minty Spire (QoL Compilation)","Red Circlet Mod","Reimu（博丽灵梦）","Relic Filter Mod","Replay The Spire","RumiaBox-露米娅的神秘盒子","Spicy Shops","StSLib","【功能Mod】混沌之环修复补丁","【遗物卡牌】REMEMod","篝火指南"],"gold_per_floor":[200,200,375,30,93,93,117,117,117,199,199,275,359,90,90,445,445,501,501,635,735,824,1053,1158,1247,1295,1295,1295,1462,1462,1901,1901,2166,2166,2225,2384,2384,2165,2287,2476,2660,2730,2730,2205,2374,2596,2596,2656,2656,2921,2921,2628,2173,2473,2685],"floor_reached":56,"language":"ZHS","playtime":2418,"items_purged":["Strike_Lin:ReiMu","Strike_Lin:ReiMu","Defend_Lin:ReiMu","Defend_Lin:ReiMu","Defend_Lin:ReiMu","Defend_Lin:ReiMu","Strike_Lin:ReiMu","Strike_Lin:ReiMu","Doubt","Writhe"],"score":1681,"play_id":"68d45cd0-6337-4056-b56d-c8d8e8979b42","local_time":"20210131002711","is_ascension_mode":false,"campfire_choices":[{"data":"FineLineFantasy:ReiMu","floor":6,"key":"SMITH"},{"data":"Stagnation:ReiMu","floor":6,"key":"SMITH"},{"floor":8,"key":"DIG"},{"floor":11,"key":"DIG"},{"floor":15,"key":"DIG"},{"floor":27,"key":"DIG"},{"floor":32,"key":"DIG"},{"floor":47,"key":"RECALL"},{"floor":49,"key":"DIG"}],"circlet_count":0,"master_deck":["KyokaiOfKami:ReiMu+1","AT_MachinaRedman+1","FineLineFantasy:ReiMu+1","OrbThrow:ReiMu+1","KamiRite:ReiMu+1","REME_Flogging+1","Authority:ReiMu+1","Gathering:ReiMu+1","Dramatic Entrance+1","ReplayTheSpireMod:Private Reserves+1","ReplayTheSpireMod:Private Reserves+1","AT_EmpoweredMortalDraw+1","Good Instincts+1","REME_HeartOfCthun+1","SealNeedle:ReiMu+1","OctopathBindingBorder2:ReiMu+1","Free:ReiMu+1","BlastKick2:ReiMu+1","BlastKick2:ReiMu+1","CleanRite:ReiMu+1","CardOfSanctity:ReiMu+1","Pot Of Greed+1","Pot Of Greed+1","Authority:ReiMu+1","Dreaming:ReiMu+1"],"relics":["ShineYinYang:ReiMu","REME_ComplimentaryCards","AT_ATBox","PreservedInsect","Replay:Bandana","SkyOrb:ReiMu","Lee\u0027s Waffle","Replay:WaspNest","GodSword5","CheatingSign:ReiMu","AT_TimeSand","SSSystem","AT_RabadonDeathcap","Blue Doll","Strange Spoon","Sundial","TheAbacus","Medical Kit","Replay:Baseball","Bag of Marbles","HandDrill","Toolbox","Oddly Smooth Stone","CrazyTorch:ReiMu","ReplayTheSpireMod:Lightbulb","Chameleon Ring","AT_BladeRuinedKing","ClockworkSouvenir","OrangePellets","Art of War","Pondfish Scales","Mercury Hourglass","Golden Egg","Meat on the Bone","AT_BellowingDragoncrestRing","Chemical X","REME_LimitBreaker","Gremlin Horn","Ornamental Fan","Frozen Eye","MagicDraw2","AT_BellDemon","AT_SilvercatRing","ReplayTheSpireMod:ShopPack","FossilizedHelix","Replay:Ringing Soul","Replay:Arrowhead","Boot","TentaclePot:ReiMu","MagicDraw4","Omamori","Onion Ring","CaptainsWheel","Guide Book","Akabeko","Thread and Needle","Bronze Scales","Molten Egg 2","AT_ForceNature","MagicDraw1","Shovel","Lantern","ReplayTheSpireMod:Ninjato","MoreBug","AT_ArchangelStaff","AT_RedTearstoneRing","Membership Card","REME_ArchaeologicalTools","AT_SunfireAegis","Replay:Wax Seal","AT_SpeedBoots","Nunchaku","Anchor","AT_MibuBalloonWealth","AT_EbonyIvory","Sling","Quantum Egg","Du-Vu Doll","Bow_fan:ReiMu","MagicDraw3","Pear","Pen Nib","ReplayTheSpireMod:CursedCoin","Orichalcum","YidongShenshe:ReiMu","Juzu Bracelet","Eternal Feather","Divine Protection","CeramicFish","Smiling Mask","Singing Bowl","Calipers","AT_TheCollector","Tiny Chest","Mastiff:ReiMu","Pet Ghost","REME_PuzzleBoxRelic","SumBook","Black Star","Replay:Mystery Machine","Red Mask","Unceasing Top","Whetstone","ReplayTheSpireMod:TigerMarble","ZombieArmy","Strawberry","GodSword7","Replay:Rubber Ducky","Pocketwatch","Regal Pillow","PureWhite:ReiMu","White Beast Statue","HornCleat","Lizard Tail","Pantograph","RuthlessExorcism:ReiMu","Mirror","Dream Catcher","Torii","Potion Belt","KaguraBell:ReiMu","GodSword3","Grinning Jar","Replay:PocketPolymizer","Vajra","Toy Ornithopter","AT_ChloranthyRing","BodyOfKamiR:ReiMu","AT_DeathDance","Happy Flower","Iron Hammer","Blood Vial","LastBattle","Garlic","War Paint","Tea:ReiMu","Mummified Hand","MealTicket","Snack Pack","BranchBurnRelic","GodSword4","ReplayFunnel","GodSword1","AT_ImmortalShieldbow","Kunai","FadedRune:ReiMu","Replay:Bottled Flurry","Letter Opener","Blue Candle","InkBottle","StrikeDummy"],"acts_visited":["Exordium","TheCity","TheBeyond","TheEnding"],"potions_floor_usage":[21,40,45,45,45],"damage_taken":[{"damage":0,"enemies":"Small Slimes","floor":1,"turns":1},{"damage":0,"enemies":"Jaw Worm","floor":5,"turns":1},{"damage":0,"enemies":"Lagavulin","floor":10,"turns":1},{"damage":0,"enemies":"Gremlin Nob","floor":12,"turns":1},{"damage":0,"enemies":"2 Louse","floor":13,"turns":1},{"damage":0,"enemies":"Fading Forest","floor":16,"turns":1},{"damage":0,"enemies":"Chosen","floor":18,"turns":1},{"damage":0,"enemies":"Masked Bandits","floor":20,"turns":1},{"damage":0,"enemies":"3 Byrds","floor":21,"turns":1},{"damage":0,"enemies":"Centurion and Healer","floor":22,"turns":1},{"damage":0,"enemies":"Gremlin Leader","floor":23,"turns":1},{"damage":0,"enemies":"3 Cultists","floor":24,"turns":1},{"damage":0,"enemies":"Cultist and Chosen","floor":25,"turns":1},{"damage":0,"enemies":"Replay:Snechameleon","floor":29,"turns":1},{"damage":0,"enemies":"Colosseum Slavers","floor":31,"turns":1},{"damage":0,"enemies":"Colosseum Nobs","floor":31,"turns":1},{"damage":0,"enemies":"Collector","floor":33,"turns":1},{"damage":0,"enemies":"Orb Walker","floor":35,"turns":1},{"damage":0,"enemies":"3 Darklings","floor":36,"turns":1},{"damage":0,"enemies":"4 Shapes","floor":39,"turns":1},{"damage":0,"enemies":"R_Hoarder","floor":40,"turns":1},{"damage":0,"enemies":"Giant Head","floor":41,"turns":1},{"damage":0,"enemies":"Spire Growth","floor":42,"turns":1},{"damage":0,"enemies":"R_Hoarder","floor":45,"turns":1},{"damage":0,"enemies":"Maw","floor":48,"turns":1},{"damage":0,"enemies":"Replay:Hell Engine","floor":50,"turns":1},{"damage":0,"enemies":"Shield and Spear","floor":54,"turns":1},{"damage":0,"enemies":"The Heart","floor":55,"turns":3}],"seed_played":"-1333942691399490470","potions_obtained":[{"floor":5,"key":"GrandPatriotsElixir:ReiMu"},{"floor":13,"key":"PinkPotion:ReiMu"},{"floor":20,"key":"Block Potion"},{"floor":21,"key":"GrandPatriotsElixir:ReiMu"},{"floor":36,"key":"GrandPatriotsElixir:ReiMu"},{"floor":39,"key":"ColorlessPotion"},{"floor":40,"key":"Adrenaline Potion"},{"floor":45,"key":"PinkPotion:ReiMu"},{"floor":54,"key":"Explosive Potion"}],"is_trial":false,"path_per_floor":["M","?","?","$","M","R","T","R","T","E","R","E","M","$","R","B",null,"M","?","?","M","M","E","M","M","T","R","?","E","T","?","R","B",null,"M","M","?","$","M","E","E","M","T","R","E","?","R","M","R","B",null,"R","$","E","B",null],"character_chosen":"REIMU","items_purchased":["PreservedInsect","Replay:Bandana","SkyOrb:ReiMu","Lee\u0027s Waffle","FineLineFantasy:ReiMu","Replay:WaspNest","GodSword5","CheatingSign:ReiMu","AT_TimeSand","OrbThrow:ReiMu+1","SSSystem","AT_RabadonDeathcap","Blue Doll","Strange Spoon","Sundial","TheAbacus","Medical Kit","Replay:Baseball","Bag of Marbles","HandDrill","Toolbox","Oddly Smooth Stone","CrazyTorch:ReiMu","ReplayTheSpireMod:Lightbulb","Chameleon Ring","AT_BladeRuinedKing","ClockworkSouvenir","OrangePellets","Art of War","KamiRite:ReiMu+1","Pondfish Scales","Mercury Hourglass","Golden Egg","Meat on the Bone","AT_BellowingDragoncrestRing","Chemical X","REME_LimitBreaker","Gremlin Horn","Ornamental Fan","Frozen Eye","MagicDraw2","AT_BellDemon","REME_Flogging","AT_SilvercatRing","ReplayTheSpireMod:ShopPack","FossilizedHelix","Replay:Ringing Soul","Replay:Arrowhead","Boot","TentaclePot:ReiMu","Authority:ReiMu","MagicDraw4","Omamori","Onion Ring","CaptainsWheel","Guide Book","Gathering:ReiMu","Akabeko","Thread and Needle","Bronze Scales","Dead Branch","Molten Egg 2","AT_ForceNature","MagicDraw1","Dramatic Entrance+1","Shovel","Lantern","ReplayTheSpireMod:Ninjato","ReplayTheSpireMod:Private Reserves","MoreBug","AT_ArchangelStaff","AT_RedTearstoneRing","Membership Card","REME_ArchaeologicalTools","AT_SunfireAegis","Replay:Wax Seal","AT_SpeedBoots","Nunchaku","Anchor","AT_MibuBalloonWealth","AT_EbonyIvory","Sling","Quantum Egg","Du-Vu Doll","Bow_fan:ReiMu","MagicDraw3","Pear","Pen Nib","OrbThrow:ReiMu+1","ReplayTheSpireMod:CursedCoin","Orichalcum","Juzu Bracelet","Eternal Feather","Tiny Chest","Mastiff:ReiMu","Pet Ghost","OctopathBindingBorder2:ReiMu","KaguraBell:ReiMu","GodSword3","Grinning Jar","Blood Vial","LastBattle","Garlic","War Paint","Tea:ReiMu","ReplayFunnel","GodSword1","AT_ImmortalShieldbow","Kunai","FadedRune:ReiMu","Replay:Bottled Flurry","Letter Opener"],"campfire_rested":0,"item_purchase_floors":[0,0,0,0,0,0,0,0,0,0,0,0,0,0,0,0,0,0,0,0,0,0,0,0,0,0,0,0,0,0,0,0,0,0,0,0,0,0,0,0,0,0,0,0,0,0,0,0,0,0,0,0,0,0,0,0,0,0,0,0,0,0,0,0,0,0,0,0,0,0,0,0,0,0,0,0,0,0,0,0,0,0,0,0,0,0,0,0,0,0,0,4,4,14,14,14,14,38,38,38,44,44,44,44,44,52,52,52,53,53,53,53],"current_hp_per_floor":[85,85,88,88,88,88,88,88,88,91,91,93,95,98,98,101,101,103,82,84,86,89,99,101,103,103,118,118,120,120,122,132,135,135,137,139,139,142,144,147,150,152,152,152,154,154,154,156,156,156,156,156,156,158,158],"gold":2685,"neow_bonus":"","is_daily":false,"chose_seed":false,"campfire_upgraded":2,"win_rate":0.0,"timestamp":1612024031,"path_taken":["M","?","?","$","M","R","?","R","T","E","R","E","M","?","R","BOSS","M","?","?","M","M","E","M","M","T","R","?","E","?","?","R","BOSS","M","M","?","$","M","E","E","M","T","R","E","?","R","M","R","BOSS","R","$","E","BOSS"],"items_purchased_type":["Relic","Relic","Relic","Relic","Card","Relic","Relic","Relic","Relic","Card","Relic","Relic","Relic","Relic","Relic","Relic","Relic","Relic","Relic","Relic","Relic","Relic","Relic","Relic","Relic","Relic","Relic","Relic","Relic","Card","Relic","Relic","Relic","Relic","Relic","Relic","Relic","Relic","Relic","Relic","Relic","Relic","Card","Relic","Relic","Relic","Relic","Relic","Relic","Relic","Card","Relic","Relic","Relic","Relic","Relic","Card","Relic","Relic","Relic","Relic","Relic","Relic","Relic","Card","Relic","Relic","Relic","Card","Relic","Relic","Relic","Relic","Relic","Relic","Relic","Relic","Relic","Relic","Relic","Relic","Relic","Relic","Relic","Relic","Relic","Relic","Relic","Card","Relic","Relic","Relic","Relic","Relic","Relic","Relic","Card","Relic","Relic","Relic","Relic","Relic","Relic","Relic","Relic","Relic","Relic","Relic","Relic","Relic","Relic","Relic"],"build_version":"2020-12-22","purchased_purges":10,"victory":true,"max_hp_per_floor":[85,85,88,88,88,88,88,88,88,91,91,93,95,98,98,101,101,103,108,110,112,115,124,126,128,128,128,128,130,130,132,132,135,135,137,139,139,142,144,147,150,152,152,152,154,154,154,156,156,156,156,156,156,158,158],"card_choices":[{"not_picked":["Poisoned Strike","Secret Technique"],"picked":"AT_EmpoweredMortalDraw","floor":0},{"not_picked":["REME_BattleFury","Enlightenment"],"picked":"Good Instincts","floor":0},{"not_picked":["ReplayTheSpireMod:Uncanny Aura","Trip"],"picked":"REME_HeartOfCthun","floor":0},{"not_picked":["YinYangSange:ReiMu","OrbThrow:ReiMu+1","AirStrike:ReiMu+1"],"picked":"SKIP","floor":1},{"not_picked":["EmergencyTakeOff:ReiMu","Meditation:ReiMu","Enchanting:ReiMu"],"picked":"SKIP","floor":5},{"not_picked":["AirManeuver:ReiMu","SpreadBorder2:ReiMu"],"picked":"SealNeedle:ReiMu+1","floor":10},{"not_picked":["TightArray:ReiMu+1","KyokaiOfKami:ReiMu","OrbThrow:ReiMu+1"],"picked":"Singing Bowl","floor":12},{"not_picked":["FineLineFantasy:ReiMu","PassingAway:ReiMu","PhosphorusFlame:ReiMu"],"picked":"Singing Bowl","floor":13},{"not_picked":["RunawayExorcism:ReiMu","SubcavityFantasy:ReiMu"],"picked":"BlastKick2:ReiMu+1","floor":16},{"not_picked":["AlertArray:ReiMu","Intuition:ReiMu","SubAcupoint:ReiMu+1"],"picked":"Singing Bowl","floor":18},{"not_picked":["TightArray:ReiMu+1","WonderfulDomain:ReiMu","SafetyPray:ReiMu"],"picked":"Singing Bowl","floor":20},{"not_picked":["Amulet:ReiMu","RainPray2:ReiMu+1","EmergencyTakeOff:ReiMu"],"picked":"Singing Bowl","floor":21},{"not_picked":["SubcavityInstant:ReiMu+1","EmergencyTakeOff:ReiMu+1"],"picked":"CleanRite:ReiMu","floor":22},{"not_picked":["LearningPray:ReiMu+1","AirManeuver:ReiMu","AlertArray:ReiMu"],"picked":"Singing Bowl","floor":23},{"not_picked":["SpreadBorder2:ReiMu","AirStrike:ReiMu+1","SealNeedle:ReiMu+1"],"picked":"Singing Bowl","floor":24},{"not_picked":["SealNeedle:ReiMu+1","WonderfulDomain:ReiMu","OrbThrow:ReiMu+1"],"picked":"Singing Bowl","floor":25},{"not_picked":["Amulet:ReiMu+1","Crusade:ReiMu+1","ManaGlint:ReiMu+1"],"picked":"Singing Bowl","floor":29},{"not_picked":["KyokaiOfKami:ReiMu","Dreaming2:ReiMu+1","Meditation:ReiMu"],"picked":"Singing Bowl","floor":31},{"not_picked":["Free:ReiMu","KamiRite:ReiMu"],"picked":"CardOfSanctity:ReiMu","floor":33},{"not_picked":["Enchanting:ReiMu","UpKicking:ReiMu+1","FantasyBorder:ReiMu+1"],"picked":"Singing Bowl","floor":35},{"not_picked":["EmergencyTakeOff:ReiMu","FantasyBorder:ReiMu","FineLineFantasy:ReiMu"],"picked":"Singing Bowl","floor":36},{"not_picked":["Conquer:ReiMu+1","SubAcupoint:ReiMu+1","Mountainwind:ReiMu+1"],"picked":"Singing Bowl","floor":39},{"not_picked":["Meditation:ReiMu","Amulet:ReiMu+1"],"picked":"Authority:ReiMu","floor":40},{"not_picked":["UniversalSpiritual:ReiMu","AirStrike:ReiMu+1"],"picked":"Dreaming:ReiMu+1","floor":41},{"not_picked":["PrepareRite:ReiMu+1","SafetyPray:ReiMu+1","CareerPray:ReiMu"],"picked":"Singing Bowl","floor":42},{"not_picked":["FantasyMoon:ReiMu+1","AirStrike:ReiMu+1","AlertArray:ReiMu+1"],"picked":"Singing Bowl","floor":45},{"not_picked":["AirStrike:ReiMu+1","WonderfulDomain:ReiMu","TightArray:ReiMu+1"],"picked":"Singing Bowl","floor":48},{"not_picked":["AlertArray:ReiMu","EmergencyTakeOff:ReiMu+1","SubcavityInstant:ReiMu"],"picked":"Singing Bowl","floor":54}],"player_experience":173837,"relics_obtained":[{"floor":8,"key":"Divine Protection"},{"floor":9,"key":"CeramicFish"},{"floor":10,"key":"Smiling Mask"},{"floor":11,"key":"Singing Bowl"},{"floor":12,"key":"Calipers"},{"floor":12,"key":"AT_TheCollector"},{"floor":15,"key":"REME_PuzzleBoxRelic"},{"floor":16,"key":"SumBook"},{"floor":18,"key":"Replay:Mystery Machine"},{"floor":20,"key":"Red Mask"},{"floor":20,"key":"Unceasing Top"},{"floor":21,"key":"Whetstone"},{"floor":22,"key":"ReplayTheSpireMod:TigerMarble"},{"floor":23,"key":"ZombieArmy"},{"floor":23,"key":"Strawberry"},{"floor":25,"key":"GodSword7"},{"floor":26,"key":"Replay:Rubber Ducky"},{"floor":27,"key":"Pocketwatch"},{"floor":29,"key":"Regal Pillow"},{"floor":29,"key":"PureWhite:ReiMu"},{"floor":29,"key":"White Beast Statue"},{"floor":30,"key":"HornCleat"},{"floor":31,"key":"Lizard Tail"},{"floor":31,"key":"Pantograph"},{"floor":31,"key":"RuthlessExorcism:ReiMu"},{"floor":32,"key":"Mirror"},{"floor":33,"key":"Dream Catcher"},{"floor":35,"key":"Torii"},{"floor":36,"key":"Potion Belt"},{"floor":39,"key":"Replay:PocketPolymizer"},{"floor":40,"key":"Vajra"},{"floor":40,"key":"Toy Ornithopter"},{"floor":41,"key":"AT_ChloranthyRing"},{"floor":41,"key":"BodyOfKamiR:ReiMu"},{"floor":41,"key":"AT_DeathDance"},{"floor":42,"key":"Happy Flower"},{"floor":43,"key":"Iron Hammer"},{"floor":45,"key":"Mummified Hand"},{"floor":45,"key":"MealTicket"},{"floor":48,"key":"Snack Pack"},{"floor":49,"key":"GodSword4"},{"floor":54,"key":"Blue Candle"},{"floor":54,"key":"InkBottle"},{"floor":54,"key":"StrikeDummy"}],"event_choices":[{"damage_healed":0,"gold_gain":0,"player_choice":"带走神社","damage_taken":0,"relics_obtained":["YidongShenshe:ReiMu"],"max_hp_gain":0,"max_hp_loss":0,"event_name":"yidonshenshe","floor":2,"gold_loss":0,"cards_obtained":["Poor:ReiMu"]},{"damage_healed":0,"gold_gain":175,"player_choice":"AGREE","damage_taken":0,"max_hp_gain":0,"max_hp_loss":0,"event_name":"Liars Game","floor":3,"gold_loss":0,"cards_obtained":["Doubt"]},{"damage_healed":0,"gold_gain":0,"player_choice":"Shed Blood","damage_taken":26,"max_hp_gain":5,"max_hp_loss":0,"event_name":"Forgotten Altar","floor":19,"gold_loss":0},{"damage_healed":0,"gold_gain":0,"player_choice":"Fought Bandits","damage_taken":0,"max_hp_gain":0,"max_hp_loss":0,"event_name":"Masked Bandits","floor":20,"gold_loss":0},{"damage_healed":0,"gold_gain":0,"player_choice":"Ignored","damage_taken":0,"max_hp_gain":0,"max_hp_loss":0,"event_name":"N\u0027loth","floor":28,"gold_loss":0},{"damage_healed":0,"gold_gain":0,"player_choice":"Fight","damage_taken":0,"max_hp_gain":0,"max_hp_loss":0,"event_name":"Colosseum","floor":31,"gold_loss":0},{"damage_healed":0,"gold_gain":0,"player_choice":"Fought Nobs","damage_taken":0,"max_hp_gain":0,"max_hp_loss":0,"event_name":"Colosseum","floor":31,"gold_loss":0},{"cards_removed":["OrbThrow:ReiMu"],"damage_healed":0,"gold_gain":0,"player_choice":"Removed Attack","damage_taken":0,"max_hp_gain":0,"max_hp_loss":0,"event_name":"Falling","floor":37,"gold_loss":0},{"damage_healed":0,"gold_gain":222,"player_choice":"Wore Mask","damage_taken":0,"max_hp_gain":0,"max_hp_loss":0,"event_name":"Tomb of Lord Red Mask","floor":46,"gold_loss":0}],"is_beta":false,"boss_relics":[{"not_picked":["Coffee Dripper","Calling Bell"],"picked":"Black Star"},{"not_picked":["Replay:Bronze Core","SacredBark"],"picked":"ShineYinYang:ReiMu"}],"items_purged_floors":[0,0,0,0,0,0,0,0,4,38],"is_endless":false,"potions_floor_spawned":[5,13,20,21,29,31,31,33,35,36,39,40,41,42,45,48,54],"ascension_level":0}}