{"host":"08sn1703g14rasc1","time":1612048958,"event":{"mods":["AchievementEnabler","BaseMod","Colored Map","Colored Powertips","Hermit","Minty Spire (QoL Compilation)","StSLib"],"gold_per_floor":[113,113,113,128,303,303,16,16,16,16,16,49,62,90,90,194,194,205,219,219,318,318,330,342,371,407,433,460,472,511,533,545,652,664,694,706,730,742,26,26,53,53,53],"floor_reached":42,"language":"ENG","playtime":1567,"items_purged":["Doubt"],"score":644,"play_id":"99b5ee3a-136b-42f6-ad00-ff9fa32d0c19","local_time":"20210130152238","is_ascension_mode":true,"campfire_choices":[{"floor":6.0,"key":"REST"},{"data":"Apotheosis","floor":8.0,"key":"SMITH"},{"data":"LikeWater","floor":10.0,"key":"SMITH"},{"floor":15.0,"key":"REST"},{"floor":23,"key":"REST"},{"floor":29,"key":"REST"},{"floor":32,"key":"REST"},{"floor":40,"key":"REST"}],"circlet_count":0,"master_deck":["Strike_P+1","Strike_P","Defend_P+1","Defend_P","Defend_P","Eruption","Vigilance","PathToVictory+1","FearNoEvil","WaveOfTheHand+1","Apotheosis+1","LikeWater+1","CarveReality","MasterReality","LikeWater","PathToVictory","Writhe","LikeWater+1","Vault","ClearTheMind+1","ClearTheMind+1","BattleHymn","Devotion","ClearTheMind+1","DeceiveReality","Sadistic Nature","Bandage Up","Fasting2"],"relics":["Empty Cage","GoldenEye","StrikeDummy","Odd Mushroom","MawBank","Regal Pillow","Blue Candle","VioletLotus","Blood Vial","Medical Kit","Happy Flower","Oddly Smooth Stone"],"acts_visited":["Exordium","TheCity","TheBeyond"],"potions_floor_usage":[28,28,33,41,41],"damage_taken":[{"damage":9.0,"enemies":"Jaw Worm","floor":1.0,"turns":4.0},{"damage":0.0,"enemies":"Small Slimes","floor":4.0,"turns":2.0},{"damage":1.0,"enemies":"Lagavulin","floor":12.0,"turns":6.0},{"damage":11.0,"enemies":"2 Louse","floor":13.0,"turns":3.0},{"damage":27.0,"enemies":"The Mushroom Lair","floor":14.0,"turns":4.0},{"damage":15.0,"enemies":"Hexaghost","floor":16.0,"turns":7.0},{"damage":17,"enemies":"Spheric Guardian","floor":18,"turns":4},{"damage":12,"enemies":"2 Thieves","floor":19,"turns":4},{"damage":19,"enemies":"Shelled Parasite and Fungi","floor":25,"turns":7},{"damage":3,"enemies":"Snecko","floor":27,"turns":9},{"damage":17,"enemies":"Snake Plant","floor":28,"turns":6},{"damage":24,"enemies":"Book of Stabbing","floor":30,"turns":8},{"damage":7,"enemies":"3 Cultists","floor":31,"turns":8},{"damage":22,"enemies":"Automaton","floor":33,"turns":13},{"damage":13,"enemies":"Orb Walker","floor":35,"turns":6},{"damage":21,"enemies":"3 Darklings","floor":37,"turns":7},{"damage":69,"enemies":"Reptomancer","floor":41,"turns":10},{"damage":21,"enemies":"Jaw Worm Horde","floor":42,"turns":2}],"seed_played":"-4788488839293540722","potions_obtained":[{"floor":12.0,"key":"CultistPotion"},{"floor":13.0,"key":"AttackPotion"},{"floor":18,"key":"SteroidPotion"},{"floor":25,"key":"LiquidBronze"},{"floor":27,"key":"BottledMiracle"},{"floor":28,"key":"DuplicationPotion"},{"floor":35,"key":"Explosive Potion"},{"floor":41,"key":"Explosive Potion"}],"is_trial":false,"path_per_floor":["M","?","?","M","?","R","$","R","T","R","$","E","M","?","R","B",null,"M","M","?","?","?","R","?","M","T","M","M","R","E","M","R","B",null,"M","?","M","?","$","R","E","M"],"character_chosen":"WATCHER","items_purchased":["Apotheosis","LikeWater","Blood Vial","Medical Kit","Happy Flower","Sadistic Nature","Bandage Up"],"campfire_rested":6,"item_purchase_floors":[7,7,39,39,39,39,39],"current_hp_per_floor":[56,56,42,42,42,63,63,63,63,63,63,62,51,24,45,30,62,45,33,20,20,20,43,43,24,24,21,4,42,18,11,49,27,65,52,52,31,31,31,69,8,0,0],"gold":53,"neow_bonus":"BOSS_RELIC","is_daily":false,"chose_seed":false,"campfire_upgraded":2,"win_rate":0.0,"timestamp":1612048958,"path_taken":["M","?","?","M","?","R","$","R","T","R","$","E","?","?","R","BOSS","M","M","?","?","?","R","?","?","T","M","M","R","E","M","R","BOSS","M","?","M","?","$","R","E","M"],"items_purchased_type":["Card","Card","Relic","Relic","Relic","Card","Card"],"build_version":"2020-12-22","purchased_purges":1,"victory":false,"max_hp_per_floor":[72,72,72,72,72,72,72,72,72,72,72,72,72,72,72,72,72,72,72,77,77,77,77,77,77,77,77,77,77,77,77,77,77,77,77,77,77,77,77,77,77,77,77],"card_choices":[{"not_picked":["EmptyFist","Protect"],"picked":"PathToVictory","floor":1.0},{"not_picked":["CutThroughFate","EmptyFist"],"picked":"WaveOfTheHand","floor":4.0},{"not_picked":["Crescendo","JustLucky"],"picked":"CarveReality","floor":12.0},{"not_picked":["ThirdEye","WreathOfFlame"],"picked":"MasterReality","floor":13.0},{"not_picked":["Judgement","Wish"],"picked":"LessonLearned","floor":16.0},{"not_picked":["FlyingSleeves","SashWhip+1"],"picked":"LikeWater","floor":18},{"not_picked":["FlurryOfBlows","FlyingSleeves"],"picked":"PathToVictory","floor":19},{"not_picked":["EmptyBody+1","EmptyFist"],"picked":"Vault","floor":25},{"not_picked":["MentalFortress","Halt","SignatureMove"],"picked":"SKIP","floor":27},{"not_picked":["FollowUp","ThirdEye"],"picked":"ClearTheMind+1","floor":28},{"not_picked":["FollowUp","ThirdEye"],"picked":"ClearTheMind+1","floor":30},{"not_picked":["CutThroughFate","CrushJoints"],"picked":"BattleHymn","floor":31},{"not_picked":["Judgement","ConjureBlade"],"picked":"Devotion","floor":33},{"not_picked":["FlyingSleeves","Protect+1"],"picked":"ClearTheMind+1","floor":35},{"not_picked":["Evaluate","ThirdEye+1"],"picked":"DeceiveReality","floor":37},{"not_picked":["EmptyFist+1","Indignation+1"],"picked":"Fasting2","floor":41}],"player_experience":494319,"relics_obtained":[{"floor":9.0,"key":"GoldenEye"},{"floor":12.0,"key":"StrikeDummy"},{"floor":14.0,"key":"Odd Mushroom"},{"floor":26,"key":"Regal Pillow"},{"floor":30,"key":"Blue Candle"},{"floor":41,"key":"Oddly Smooth Stone"}],"event_choices":[{"damage_healed":0.0,"max_hp_gain":0.0,"max_hp_loss":0.0,"gold_gain":0.0,"cards_transformed":["Defend_P"],"event_name":"Living Wall","player_choice":"Change","floor":2.0,"gold_loss":0.0,"damage_taken":0.0,"cards_obtained":["FearNoEvil"]},{"damage_healed":0.0,"max_hp_gain":0.0,"max_hp_loss":0.0,"gold_gain":0.0,"event_name":"Shining Light","player_choice":"Entered Light","floor":3.0,"gold_loss":0.0,"damage_taken":14.0,"cards_upgraded":["PathToVictory","Defend_P"]},{"damage_healed":0.0,"max_hp_gain":0.0,"max_hp_loss":0.0,"gold_gain":175.0,"event_name":"Liars Game","player_choice":"AGREE","floor":5.0,"gold_loss":0.0,"damage_taken":0.0,"cards_obtained":["Doubt"]},{"damage_healed":0.0,"max_hp_gain":0.0,"max_hp_loss":0.0,"gold_gain":0.0,"event_name":"Mushrooms","player_choice":"Fought Mushrooms","floor":14.0,"gold_loss":0.0,"damage_taken":0.0},{"damage_healed":0,"gold_gain":0,"player_choice":"Shed Blood","damage_taken":18,"max_hp_gain":5,"max_hp_loss":0,"event_name":"Forgotten Altar","floor":20,"gold_loss":0},{"damage_healed":0,"gold_gain":99,"player_choice":"Stole From Cult","damage_taken":0,"max_hp_gain":0,"max_hp_loss":0,"event_name":"Nest","floor":21,"gold_loss":0},{"damage_healed":0,"gold_gain":0,"player_choice":"Opened","damage_taken":0,"relics_obtained":["MawBank"],"max_hp_gain":0,"max_hp_loss":0,"event_name":"The Mausoleum","floor":22,"gold_loss":0,"cards_obtained":["Writhe"]},{"damage_healed":0,"gold_gain":0,"player_choice":"Copied","damage_taken":0,"max_hp_gain":0,"max_hp_loss":0,"event_name":"Duplicator","floor":24,"gold_loss":0,"cards_obtained":["LikeWater"]},{"cards_removed":["LessonLearned"],"damage_healed":0,"gold_gain":0,"player_choice":"Removed Attack","damage_taken":0,"max_hp_gain":0,"max_hp_loss":0,"event_name":"Falling","floor":36,"gold_loss":0},{"damage_healed":0,"gold_gain":0,"player_choice":"Ignored","damage_taken":0,"max_hp_gain":0,"max_hp_loss":0,"event_name":"Mysterious Sphere","floor":38,"gold_loss":0}],"is_beta":false,"boss_relics":[{"not_picked":["Sozu","Snecko Eye","Coffee Dripper"]},{"not_picked":["Astrolabe","Black Star"],"picked":"VioletLotus"}],"items_purged_floors":[7],"is_endless":false,"potions_floor_spawned":[12,13,18,25,27,28,35,41],"killed_by":"Jaw Worm Horde","ascension_level":8}}