{"host":"i29s15dsg0c43zmx","time":1612038975,"event":{"mods":["AchievementEnabler","BaseMod","Colored Map","Minty Spire (QoL Compilation)","StSLib"],"gold_per_floor":[113,124,299,374,374,156,189,201,238,264,316,328,340,340],"floor_reached":13,"language":"ENG","playtime":260,"items_purged":["Strike_P"],"score":116,"play_id":"7647e22f-5e00-4bd2-86cc-7092e0aece98","local_time":"20210130213615","is_ascension_mode":false,"campfire_choices":[],"circlet_count":0,"master_deck":["Strike_P","Strike_P+1","Defend_P","Defend_P","Defend_P","Defend_P","Eruption","Vigilance","CarveReality","Swivel","Doubt","CutThroughFate+1","Prostrate","Protect"],"relics":["PureWater","NeowsBlessing","Juzu Bracelet","MawBank","Golden Idol","Whetstone","Nunchaku","Darkstone Periapt"],"acts_visited":["Exordium"],"potions_floor_usage":[11],"damage_taken":[{"damage":0,"enemies":"Jaw Worm","floor":1,"turns":1},{"damage":0,"enemies":"Small Slimes","floor":2,"turns":2},{"damage":0,"enemies":"3 Sentries","floor":7,"turns":1},{"damage":0,"enemies":"2 Louse","floor":10,"turns":1},{"damage":6,"enemies":"Lagavulin","floor":11,"turns":5},{"damage":51,"enemies":"Gremlin Nob","floor":13,"turns":3}],"seed_played":"8580535323048878622","potions_obtained":[{"floor":1,"key":"CultistPotion"},{"floor":10,"key":"Fire Potion"},{"floor":11,"key":"SneckoOil"}],"is_trial":false,"path_per_floor":["M","M","?","?","?","$","E","?","T","M","E","?","E"],"character_chosen":"WATCHER","items_purchased":["Juzu Bracelet"],"campfire_rested":0,"item_purchase_floors":[6],"current_hp_per_floor":[72,72,72,61,54,54,54,54,54,54,48,41,0,0],"gold":340,"neow_bonus":"THREE_ENEMY_KILL","is_daily":false,"chose_seed":false,"campfire_upgraded":0,"win_rate":0.0,"timestamp":1612038975,"path_taken":["M","M","?","?","?","$","E","?","T","M","E","?","E"],"items_purchased_type":["Relic"],"build_version":"2020-12-22","purchased_purges":1,"victory":false,"max_hp_per_floor":[72,72,72,72,72,72,72,67,67,67,67,67,67,67],"card_choices":[{"not_picked":["Sanctity","SignatureMove"],"picked":"CarveReality","floor":1},{"not_picked":["EmptyFist","SignatureMove"],"picked":"Swivel","floor":2},{"not_picked":["EmptyFist","EmptyBody"],"picked":"CutThroughFate","floor":7},{"not_picked":["FlyingSleeves","Consecrate"],"picked":"Prostrate","floor":10},{"not_picked":["ClearTheMind","Evaluate"],"picked":"Protect","floor":11}],"player_experience":102623,"relics_obtained":[{"floor":7,"key":"MawBank"},{"floor":9,"key":"Whetstone"},{"floor":11,"key":"Nunchaku"}],"event_choices":[{"damage_healed":0,"gold_gain":175,"player_choice":"AGREE","damage_taken":0,"max_hp_gain":0,"max_hp_loss":0,"event_name":"Liars Game","floor":3,"gold_loss":0,"cards_obtained":["Doubt"]},{"damage_healed":0,"gold_gain":75,"player_choice":"Gather Gold","damage_taken":11,"max_hp_gain":0,"max_hp_loss":0,"event_name":"World of Goop","floor":4,"gold_loss":0},{"cards_removed":["Strike_P"],"damage_healed":0,"gold_gain":0,"player_choice":"Card Removal","damage_taken":7,"max_hp_gain":0,"max_hp_loss":0,"event_name":"Golden Wing","floor":5,"gold_loss":0},{"damage_healed":0,"gold_gain":0,"player_choice":"Lose Max HP","damage_taken":0,"relics_obtained":["Golden Idol"],"max_hp_gain":0,"max_hp_loss":5,"event_name":"Golden Idol","floor":8,"gold_loss":0},{"damage_healed":0,"gold_gain":0,"player_choice":"Success","damage_taken":7,"relics_obtained":["Darkstone Periapt"],"max_hp_gain":0,"max_hp_loss":0,"event_name":"Scrap Ooze","floor":12,"gold_loss":0}],"is_beta":false,"boss_relics":[],"items_purged_floors":[6],"is_endless":false,"potions_floor_spawned":[1,10,11],"killed_by":"Gremlin Nob","ascension_level":0}}