{"host":"141e8mu1xuvwtmt1","time":1612003977,"event":{"mods":["AchievementEnabler","BaseMod","BetterRewards","Colored Map","Colored Powertips","Downfall","Highlight Path","Minty Spire (QoL Compilation)","Replay The Spire","StSLib"],"gold_per_floor":[99,99,99,99,32,32,55,89,40,40,67,86,86,86,97,197,197,197,209,226,226,20,35,106,52,63,63,76,176,176,276,295,395,395,395,412,425,427,445,460,460,460,460,473,98,116,132,149,163,163],"floor_reached":51,"language":"ENG","playtime":6992,"items_purged":[],"score":734,"play_id":"1d56c39c-79c1-43bb-b6ab-9c1643e67c3c","local_time":"20210130115257","is_ascension_mode":false,"campfire_choices":[{"data":"Slimebound:LeadByExample","floor":6,"key":"SMITH"},{"data":"Slimebound:CorrosiveSpit","floor":10,"key":"SMITH"},{"floor":13,"key":"REST"},{"data":"Slimebound:SplitLeeching","floor":18,"key":"SMITH"},{"data":"Slimebound:SplitLeeching","floor":27,"key":"SMITH"},{"data":"Slimebound:PressTheAttack","floor":30,"key":"SMITH"},{"data":"Slimebound:OozeBath","floor":35,"key":"SMITH"},{"data":"1","floor":43,"key":"LIFT"}],"circlet_count":0,"master_deck":["Slimebound:Strike_Slimebound+1","Slimebound:Strike_Slimebound","Slimebound:Strike_Slimebound","Slimebound:Defend_Slimebound","Slimebound:Defend_Slimebound","Slimebound:Defend_Slimebound","Slimebound:Defend_Slimebound","Slimebound:Split","Slimebound:CorrosiveSpit+1","Slimebound:Equalize","Slimebound:Nibble+1","Slimebound:LeadByExample+1","Slimebound:SlimeSpikes","Slimebound:Replication+1","Slimebound:Nibble","Slimebound:LeechEnergy","Slimebound:SplitMire","Slimebound:MegaLick","Slimebound:SplitLeeching+1","Slimebound:OozeBath+1","Slimebound:SelfFormingGoo+1","Slimebound:LivingWall+1","Slimebound:Nibble+1","Slimebound:Equalize+1","Slimebound:Grow+1","Slimebound:SplitAcid","Slimebound:SplitBruiser+1","Slimebound:LeechEnergy","Slimebound:LeechEnergy","Slimebound:SplitLeeching+1","Slimebound:HauntingLick+1","Slimebound:SplitLeeching","Slimebound:SplitLeeching","Slimebound:LeechEnergy+1","Slimebound:PressTheAttack+1","Slimebound:LeechingTouch","Slimebound:OozeBath","Slimebound:SplitBruiser+1","Slimebound:HauntingLick","Slimebound:Grow+1","sneckomod:UnknownClassHEXA_GHOST_PURPLE+1","Slimebound:ProtectTheBoss+1","Replay:SS_hec_1","expansioncontent:Hexaburn","Replay:SS_fish_1","Dagger Spray","Slimebound:Gluttony","sneckomod:QuickBite","Slimebound:RejuvenatingLick+1","Finesse+1","Slimebound:Replication+1"],"relics":["Slimebound:AbsorbEndCombat","downfall:HeartsMalice","Whetstone","PreservedInsect","Replay:Wax Seal","Letter Opener","Astrolabe","Replay:Baseball","Bottled Tornado","SacredBark","ReplayTheSpireMod:Lightbulb","PrismaticShard","Girya","Bird Faced Urn"],"acts_visited":["Exordium","TheCity","TheBeyond"],"potions_floor_usage":[12,16,32,36,39,39,44,47,50,50],"damage_taken":[{"damage":0,"enemies":"Cultist","floor":2,"turns":1},{"damage":0,"enemies":"2 Louse","floor":3,"turns":1},{"damage":0,"enemies":"Jaw Worm","floor":4,"turns":1},{"damage":3,"enemies":"downfall:FleeingMerchant","floor":5,"turns":4},{"damage":42,"enemies":"Gremlin Nob","floor":8,"turns":6},{"damage":3,"enemies":"downfall:FleeingMerchant","floor":9,"turns":4},{"damage":22,"enemies":"3 Sentries","floor":11,"turns":5},{"damage":4,"enemies":"Blue Slaver","floor":12,"turns":3},{"damage":6,"enemies":"Lots of Slimes","floor":15,"turns":2},{"damage":14,"enemies":"IC_STATUS_ARCHETYPE","floor":16,"turns":8},{"damage":23,"enemies":"3 Byrds","floor":19,"turns":4},{"damage":7,"enemies":"Shell Parasite","floor":20,"turns":4},{"damage":15,"enemies":"downfall:FleeingMerchant","floor":22,"turns":4},{"damage":1,"enemies":"Snecko","floor":23,"turns":4},{"damage":19,"enemies":"downfall:FleeingMerchant","floor":25,"turns":4},{"damage":4,"enemies":"Cultist and Chosen","floor":26,"turns":4},{"damage":32,"enemies":"Snake Plant","floor":28,"turns":3},{"damage":2,"enemies":"Snecko","floor":32,"turns":5},{"damage":22,"enemies":"SI_MIRROR_ARCHETYPE","floor":33,"turns":8},{"damage":4,"enemies":"Orb Walker","floor":36,"turns":5},{"damage":12,"enemies":"3 Shapes","floor":37,"turns":4},{"damage":0,"enemies":"downfall:FleeingMerchant","floor":38,"turns":1},{"damage":0,"enemies":"Transient","floor":39,"turns":5},{"damage":30,"enemies":"4 Shapes","floor":40,"turns":4},{"damage":0,"enemies":"Sphere and 2 Shapes","floor":44,"turns":5},{"damage":28,"enemies":"Spire Growth","floor":46,"turns":6},{"damage":29,"enemies":"Writhing Mass","floor":47,"turns":6},{"damage":0,"enemies":"Sphere and 2 Shapes","floor":48,"turns":5},{"damage":20,"enemies":"4 Shapes","floor":49,"turns":6},{"damage":46,"enemies":"DF_ARCHETYPE_ORBS","floor":50,"turns":12}],"seed_played":"-3486539791649063755","potions_obtained":[{"floor":8,"key":"LifebloodPotion"},{"floor":11,"key":"Weak Potion"},{"floor":15,"key":"SmokeBomb"},{"floor":19,"key":"SpeedPotion"},{"floor":26,"key":"Reflective Coating"},{"floor":28,"key":"Adrenaline Potion"},{"floor":33,"key":"Fruit Juice"},{"floor":36,"key":"Energy Potion"},{"floor":39,"key":"PowerPotion"},{"floor":44,"key":"Guardian:BlockOnCardUsePotion"},{"floor":48,"key":"Dexterity Potion"},{"floor":49,"key":"FairyPotion"}],"is_trial":false,"path_per_floor":["R_BF","M","M","M","$","R","T","E","$","R","E","M","R","T","M","B",null,"R","M","M","?","$","M","T","$","M","R","M","?","R","?","M","B",null,"R_BF","M","M","$","M","M","T","?","R","M","$","M","M","M","M","B",null],"character_chosen":"SLIMEBOUND","items_purchased":["Slimebound:Replication+1","Slimebound:LeechEnergy","Replay:Baseball","Slimebound:LeechEnergy","Slimebound:SplitLeeching","ReplayTheSpireMod:Lightbulb","PrismaticShard","Bird Faced Urn","Slimebound:Gluttony"],"campfire_rested":1,"item_purchase_floors":[5,9,22,22,25,38,38,45,45],"current_hp_per_floor":[65,65,65,65,65,65,65,29,30,30,16,16,35,35,31,25,65,65,46,57,57,62,65,65,62,65,65,37,37,37,37,47,45,65,65,75,73,73,75,57,57,47,47,53,53,47,52,75,67,59],"gold":163,"neow_bonus":"THREE_ENEMY_KILL","is_daily":false,"chose_seed":false,"campfire_upgraded":6,"win_rate":0.0,"timestamp":1612003977,"path_taken":["R_BF","M","M","?","$","R","T","E","$","R","E","M","R","?","M","BOSS","R","M","M","?","$","M","T","$","M","R","M","?","R","?","M","BOSS","R_BF","M","?","$","M","M","T","?","R","M","?","M","M","M","M","BOSS"],"items_purchased_type":["Card","Card","Relic","Card","Card","Relic","Relic","Relic","Card"],"build_version":"2020-12-22","purchased_purges":0,"victory":true,"max_hp_per_floor":[65,65,65,65,65,65,65,65,65,65,65,65,65,65,65,65,65,65,65,65,65,65,65,65,65,65,65,65,65,65,65,65,65,65,65,75,75,75,75,75,75,75,75,75,75,75,75,75,75,75],"card_choices":[{"not_picked":["Slimebound:HauntingLick","Slimebound:SlimeTap"],"picked":"Slimebound:Nibble","floor":2},{"not_picked":["Slimebound:GrowthPunch","Slimebound:DisruptingSlam"],"picked":"Slimebound:LeadByExample","floor":3},{"not_picked":["Slimebound:FinishingTackle","Slimebound:SamplingLick"],"picked":"Slimebound:SlimeSpikes","floor":4},{"not_picked":["Slimebound:SlimeSpikes","Slimebound:RollThrough"],"picked":"Slimebound:LivingWall","floor":5},{"not_picked":["Slimebound:FormOfPuddle","Slimebound:ForwardTackle"],"picked":"Slimebound:Nibble","floor":8},{"not_picked":["Slimebound:RollThrough","Slimebound:FinishingTackle"],"picked":"Slimebound:LeechEnergy","floor":9},{"not_picked":["Slimebound:RallyTheTroops","Slimebound:Schlurp"],"picked":"Slimebound:SplitMire","floor":11},{"not_picked":["Slimebound:Gluttony","Slimebound:LivingWall"],"picked":"Slimebound:MegaLick","floor":12},{"not_picked":["Slimebound:BestDefense","Slimebound:SpikyOuterGoop"],"picked":"Slimebound:SplitLeeching","floor":15},{"not_picked":["Slimebound:Teamwork","Slimebound:CheckThePlaybook"],"picked":"Slimebound:OozeBath","floor":16},{"not_picked":["Slimebound:ItLooksTasty+1","Slimebound:ComboTackle"],"picked":"Slimebound:Equalize+1","floor":19},{"not_picked":["Slimebound:Schlurp","Slimebound:SlimeSpikes"],"picked":"Slimebound:Grow+1","floor":20},{"not_picked":["Slimebound:LeechLife","Slimebound:Equalize"],"picked":"Slimebound:SplitBruiser+1","floor":22},{"not_picked":["Slimebound:MegaLick+1","Slimebound:SamplingLick"],"picked":"Slimebound:SplitLeeching","floor":23},{"not_picked":["Slimebound:BestDefense","Slimebound:RollThrough"],"picked":"Slimebound:HauntingLick+1","floor":25},{"not_picked":["Slimebound:Schlurp","Slimebound:ServeAndProtect"],"picked":"Slimebound:LeechEnergy+1","floor":26},{"not_picked":["Slimebound:LeechEnergy","Slimebound:DuplicatedForm"],"picked":"Slimebound:PressTheAttack","floor":28},{"not_picked":["Slimebound:LivingWall","Slimebound:Schlurp"],"picked":"Slimebound:LeechingTouch","floor":32},{"not_picked":["Slimebound:FirmFortitude","Slimebound:MassRepurpose"],"picked":"Slimebound:OozeBath","floor":33},{"not_picked":["Slimebound:ServeAndProtect+1","Slimebound:LeadByExample"],"picked":"Slimebound:SplitBruiser+1","floor":36},{"not_picked":["Slimebound:FinishingTackle","Slimebound:GoopSpray"],"picked":"Slimebound:HauntingLick","floor":37},{"not_picked":["Slimebound:GoopTackle","Slimebound:DuplicatedForm"],"picked":"Slimebound:Grow+1","floor":38},{"not_picked":["champ:RecklessLeap+1","Slimebound:GrowthPunch"],"picked":"sneckomod:UnknownClassHEXA_GHOST_PURPLE+1","floor":39},{"not_picked":["Clash","Evolve"],"picked":"Slimebound:ProtectTheBoss+1","floor":40},{"not_picked":["expansioncontent:InvincibleStrength","expansioncontent:PolyBeam"],"picked":"Replay:SS_hec_1","floor":42},{"not_picked":["expansioncontent:HyperBeam","expansioncontent:GuardianWhirl"],"picked":"expansioncontent:Hexaburn","floor":42},{"not_picked":["expansioncontent:InvincibleStrength","Replay:SS_hec_1"],"picked":"Replay:SS_fish_1","floor":42},{"not_picked":["Darkness","Sweeping Beam"],"picked":"Dagger Spray","floor":44},{"not_picked":["champ:ShieldThrow","ReplayTheSpireMod:Muscle Training+1"],"picked":"sneckomod:QuickBite","floor":46},{"not_picked":["SashWhip","Battle Trance"],"picked":"Slimebound:RejuvenatingLick+1","floor":47},{"not_picked":["sneckomod:IronFang","Nirvana+1"],"picked":"Finesse+1","floor":48},{"not_picked":["sneckomod:UnknownUncommonSkill","sneckomod:UnknownBlock+1"],"picked":"Slimebound:Replication+1","floor":49}],"player_experience":218300,"relics_obtained":[{"floor":7,"key":"Whetstone"},{"floor":8,"key":"PreservedInsect"},{"floor":11,"key":"Replay:Wax Seal"},{"floor":14,"key":"Letter Opener"},{"floor":24,"key":"Bottled Tornado"},{"floor":41,"key":"Girya"}],"event_choices":[{"damage_healed":0,"gold_gain":0,"player_choice":"Read","damage_taken":0,"max_hp_gain":0,"max_hp_loss":0,"event_name":"The Library","floor":21,"gold_loss":0,"cards_obtained":["Slimebound:SplitAcid"]}],"is_beta":false,"boss_relics":[{"not_picked":["Busted Crown","Replay:Drink Me"],"picked":"Astrolabe"},{"not_picked":["ChewingGum","bronze:MakeshiftBattery"],"picked":"SacredBark"}],"items_purged_floors":[],"is_endless":false,"potions_floor_spawned":[8,11,15,19,26,28,33,36,39,44,48,49],"ascension_level":0}}