{"host":"iphsb0ccnjx0pfn6","time":1612008334,"event":{"mods":["2.2 Compatiblity","AchievementEnabler","BaseMod","Colored Map","DeckTracker","Keyboard Shortcuts","Minty Spire (QoL Compilation)","Permanent Neow","Quick Restart","Relic Stats","StSLib","SuperFastMode","Uncapped","everything is the same but u backflip on backflip"],"gold_per_floor":[112,36,186,186,17,17,51,7,7,7,25,25,25,25,25,25,25],"floor_reached":16,"language":"KOR","playtime":161,"items_purged":[],"score":188,"play_id":"f0a0991f-d5a3-40f4-bf9d-4582df0fa6bc","local_time":"20210130210534","is_ascension_mode":true,"campfire_choices":[{"data":"Defragment","floor":6,"key":"SMITH"},{"floor":15,"key":"DIG"}],"circlet_count":0,"master_deck":["AscendersBane","Strike_B","Strike_B","Strike_B","Defend_B","Defend_B","Defend_B","Zap","Dualcast","Aggregate","Machine Learning","Self Repair","Defragment+1","Doubt","Regret","Capacitor","Steam","Compile Driver","Rebound","Defragment","Compile Driver","Recycle","Parasite"],"relics":["Cracked Core","Lizard Tail","Shovel","Darkstone Periapt","Smiling Mask","Pen Nib"],"acts_visited":["Exordium"],"potions_floor_usage":[7,16],"damage_taken":[{"damage":7,"enemies":"Small Slimes","floor":1,"turns":4},{"damage":48,"enemies":"3 Sentries","floor":7,"turns":6},{"damage":9,"enemies":"Jaw Worm","floor":11,"turns":3},{"damage":41,"enemies":"Slime Boss","floor":16,"turns":3}],"seed_played":"4058903075515707161","potions_obtained":[{"floor":1,"key":"PowerPotion"},{"floor":7,"key":"FocusPotion"}],"is_trial":false,"path_per_floor":["M","$","?","?","$","R","E","$","T","?","M","$","?","?","R","B"],"character_chosen":"DEFECT","items_purchased":["Defragment","Capacitor","Steam","Compile Driver","Defragment"],"campfire_rested":0,"item_purchase_floors":[2,5,5,5,8],"current_hp_per_floor":[39,39,39,39,39,39,42,42,42,42,33,33,7,30,30,0,0],"gold":25,"neow_bonus":"TRANSFORM_TWO_CARDS","is_daily":false,"chose_seed":false,"campfire_upgraded":1,"win_rate":0.0,"timestamp":1612008334,"path_taken":["M","$","?","?","$","R","E","$","T","?","?","?","?","?","R","BOSS"],"items_purchased_type":["Card","Card","Card","Card","Card"],"build_version":"2020-12-22","purchased_purges":0,"victory":false,"max_hp_per_floor":[71,71,71,71,71,71,71,71,71,71,71,71,71,77,77,77,77],"relic_stats":{"Darkstone Periapt":6,"Lizard Tail":35,"Shovel":1,"counters":[4,16],"Pen Nib":[0],"Smiling Mask":0,"obtain_stats":[{"Darkstone Periapt":9,"Lizard Tail":4,"Shovel":7,"Pen Nib":15,"Cracked Core":0,"Smiling Mask":13},{"Darkstone Periapt":2,"Lizard Tail":1,"Shovel":2,"Pen Nib":3,"Cracked Core":0,"Smiling Mask":3},{"Darkstone Periapt":10,"Lizard Tail":4,"Shovel":10,"Pen Nib":13,"Cracked Core":0,"Smiling Mask":13}]},"card_choices":[{"not_picked":["Beam Cell","Barrage"],"picked":"Self Repair","floor":1},{"not_picked":["Gash","Tempest"],"picked":"Rebound","floor":7},{"not_picked":["Steam","Beam Cell"],"picked":"Recycle","floor":11}],"player_experience":1290961,"relics_obtained":[{"floor":7,"key":"Shovel"},{"floor":9,"key":"Darkstone Periapt"},{"floor":15,"key":"Pen Nib"}],"event_choices":[{"damage_healed":0,"gold_gain":150,"player_choice":"AGREE","damage_taken":0,"max_hp_gain":0,"max_hp_loss":0,"event_name":"Liars Game","floor":3,"gold_loss":0,"cards_obtained":["Doubt"]},{"damage_healed":0,"gold_gain":0,"player_choice":"Box","damage_taken":0,"relics_obtained":["Lizard Tail"],"max_hp_gain":0,"max_hp_loss":0,"event_name":"Big Fish","floor":4,"gold_loss":0,"cards_obtained":["Regret"]},{"damage_healed":0,"gold_gain":0,"player_choice":"1 cards matched","damage_taken":0,"max_hp_gain":0,"max_hp_loss":0,"event_name":"Match and Keep!","floor":10,"gold_loss":0,"cards_obtained":["Compile Driver"]},{"damage_healed":0,"gold_gain":0,"player_choice":"Success","damage_taken":26,"relics_obtained":["Smiling Mask"],"max_hp_gain":0,"max_hp_loss":0,"event_name":"Scrap Ooze","floor":13,"gold_loss":0},{"damage_healed":17,"gold_gain":0,"player_choice":"Healed and dodged fight","damage_taken":0,"max_hp_gain":0,"max_hp_loss":0,"event_name":"Mushrooms","floor":14,"gold_loss":0,"cards_obtained":["Parasite"]}],"is_beta":false,"boss_relics":[],"items_purged_floors":[],"is_endless":false,"potions_floor_spawned":[1,7],"killed_by":"Slime Boss","ascension_level":20}}