{"host":"89iuq2p5kwriuwfq","time":1612038992,"event":{"mods":["BaseMod","Curses Come First","Minty Spire (QoL Compilation)","Permanent Neow","StSLib"],"gold_per_floor":[110,110,110,120,133,133,58,75,75,107,107,122,122,157,157,261,261,277,297,297,297],"floor_reached":20,"language":"ENG","playtime":1162,"items_purged":["Strike_R"],"score":267,"play_id":"b98e3732-391c-4c86-b966-e25ef80871d5","local_time":"20210130203632","is_ascension_mode":true,"campfire_choices":[{"data":"Armaments","floor":6.0,"key":"SMITH"},{"data":"Barricade","floor":11.0,"key":"SMITH"},{"data":"Juggernaut","floor":13.0,"key":"SMITH"},{"data":"Metallicize","floor":15.0,"key":"SMITH"}],"circlet_count":0,"master_deck":["Strike_R","Strike_R","Strike_R","Strike_R","Defend_R","Defend_R","Defend_R","Defend_R","Bash","Barricade+1","Cleave","Bash","Metallicize+1","Seeing Red","Armaments+1","Inflame","Juggernaut+1","Inflame","Berserk","Clothesline+1","Iron Wave+1"],"relics":["Burning Blood","Tiny Chest","Molten Egg 2","Ginger","Coffee Dripper"],"acts_visited":["Exordium","TheCity"],"potions_floor_usage":[],"damage_taken":[{"damage":13.0,"enemies":"Jaw Worm","floor":1.0,"turns":6.0},{"damage":5.0,"enemies":"2 Louse","floor":4.0,"turns":3.0},{"damage":1.0,"enemies":"Cultist","floor":5.0,"turns":3.0},{"damage":2.0,"enemies":"Gremlin Gang","floor":8.0,"turns":2.0},{"damage":5.0,"enemies":"Lagavulin","floor":10.0,"turns":8.0},{"damage":5.0,"enemies":"Blue Slaver","floor":12.0,"turns":5.0},{"damage":29.0,"enemies":"3 Sentries","floor":14.0,"turns":8.0},{"damage":25.0,"enemies":"Hexaghost","floor":16.0,"turns":11.0},{"damage":28.0,"enemies":"Spheric Guardian","floor":18.0,"turns":6.0},{"damage":30.0,"enemies":"2 Thieves","floor":19.0,"turns":5.0},{"damage":19,"enemies":"Snake Plant","floor":20,"turns":3}],"seed_played":"-5777347491036909673","potions_obtained":[{"floor":1.0,"key":"LiquidBronze"},{"floor":4.0,"key":"LiquidMemories"},{"floor":12.0,"key":"Regen Potion"},{"floor":16.0,"key":"EssenceOfSteel"}],"is_trial":false,"path_per_floor":["M","?","?","M","M","R","$","M","T","E","R","M","R","E","R","B",null,"M","M","M"],"character_chosen":"IRONCLAD","items_purchased":[],"campfire_rested":0,"item_purchase_floors":[],"current_hp_per_floor":[65,65,65,66,71,71,71,75,75,76,76,77,77,68,68,49,72,50,26,7,7],"gold":297,"neow_bonus":"ONE_RANDOM_RARE_CARD","is_daily":false,"chose_seed":false,"campfire_upgraded":4,"win_rate":0.0,"timestamp":1612038992,"path_taken":["M","?","?","M","?","R","$","?","T","E","R","M","R","E","R","BOSS","M","M","M"],"items_purchased_type":[],"build_version":"2020-12-22","purchased_purges":1,"victory":false,"max_hp_per_floor":[80,80,80,80,80,80,80,80,80,80,80,80,80,80,80,80,80,80,80,80,80],"card_choices":[{"not_picked":["Shockwave","Wild Strike"],"picked":"Cleave","floor":1.0},{"not_picked":["Clash","Fire Breathing"],"picked":"Seeing Red","floor":4.0},{"not_picked":["Power Through","Headbutt"],"picked":"Armaments","floor":5.0},{"not_picked":["True Grit","Hemokinesis"],"picked":"Inflame","floor":8.0},{"not_picked":["Cleave+1","True Grit"],"picked":"Juggernaut","floor":10.0},{"not_picked":["Warcry","Seeing Red"],"picked":"Inflame","floor":12.0},{"not_picked":["Evolve","Wild Strike+1"],"picked":"Berserk","floor":14.0},{"not_picked":["Twin Strike+1","Headbutt+1"],"picked":"Clothesline+1","floor":18.0},{"not_picked":["Havoc","Heavy Blade+1"],"picked":"Iron Wave+1","floor":19.0}],"player_experience":603209,"relics_obtained":[{"floor":9.0,"key":"Tiny Chest"},{"floor":10.0,"key":"Molten Egg 2"},{"floor":14.0,"key":"Ginger"}],"event_choices":[{"damage_healed":0.0,"max_hp_gain":0.0,"max_hp_loss":0.0,"gold_gain":0.0,"event_name":"Liars Game","player_choice":"Ignored","floor":2.0,"gold_loss":0.0,"damage_taken":0.0},{"damage_healed":0.0,"max_hp_gain":0.0,"max_hp_loss":0.0,"gold_gain":0.0,"event_name":"Match and Keep!","player_choice":"2 cards matched","floor":3.0,"gold_loss":0.0,"damage_taken":0.0,"cards_obtained":["Bash","Metallicize"]}],"is_beta":false,"boss_relics":[{"not_picked":["Cursed Key","Busted Crown"],"picked":"Coffee Dripper"}],"items_purged_floors":[7],"is_endless":false,"potions_floor_spawned":[1,4,12,16],"killed_by":"Snake Plant","ascension_level":9}}