{"host":"Kdaddybrian","time":1612037039,"event":{"mods":["AchievementEnabler","BaseMod","Bestiary","Colored Powertips","Minty Spire (QoL Compilation)","Potion Indicator Mod","Quick Restart","Rare Cards Sparkle","Relic Stats","StSLib","Uncapped"],"gold_per_floor":[115,130,59,9,9,43,43,76,76,86,98,98,133,133,133,238,238,252,268,24,24,41,41,72,106,106,126,167,37,37,64,64,176,203,224,85,444,444,472,472,501,501,525,559,2,2,2,22,22,22,22],"floor_reached":50,"language":"ENG","playtime":3004,"items_purged":["Strike_P","Strike_P"],"score":735,"play_id":"31700ed5-605d-4d54-80a1-2944d9cf75cf","local_time":"20210130150359","is_ascension_mode":true,"campfire_choices":[{"data":"Ragnarok","floor":7.0,"key":"SMITH"},{"floor":12.0,"key":"REST"},{"data":"Vigilance","floor":15.0,"key":"SMITH"},{"floor":23.0,"key":"REST"},{"floor":30,"key":"REST"},{"floor":32,"key":"REST"},{"floor":40,"key":"REST"},{"floor":42,"key":"RECALL"},{"floor":47,"key":"REST"},{"floor":49,"key":"REST"}],"circlet_count":0,"master_deck":["Defend_P","Defend_P","Defend_P","Eruption","Vigilance+1","Consecrate","EmptyFist","Ragnarok+1","Nirvana","SpiritShield","BowlingBash","JustLucky","FollowUp","Vault","Meditate","Wireheading","Nirvana","LikeWater","Wireheading","EmptyBody","SashWhip+1","CutThroughFate","Adaptation","DevaForm","Wireheading+1","Weave+1","Pray+1","Crescendo","Nirvana","TalkToTheHand","BattleHymn+1","InnerPeace+1","Consecrate+1","EmptyFist+1","FearNoEvil"],"relics":["PureWater","NeowsBlessing","Incense Burner","GoldenEye","WingedGreaves","Yang","The Courier","Fusion Hammer","White Beast Statue","Matryoshka","CeramicFish","Bag of Marbles","Letter Opener","Astrolabe","Old Coin","PreservedInsect","Potion Belt","ClockworkSouvenir","Toy Ornithopter","Pen Nib","Pantograph","Meat on the Bone"],"acts_visited":["Exordium","TheCity","TheBeyond"],"potions_floor_usage":[25,27,35,48,48,48,48,50],"damage_taken":[{"damage":0.0,"enemies":"Jaw Worm","floor":1.0,"turns":1.0},{"damage":0.0,"enemies":"2 Louse","floor":2.0,"turns":1.0},{"damage":0.0,"enemies":"3 Sentries","floor":6.0,"turns":1.0},{"damage":18.0,"enemies":"Gremlin Nob","floor":8.0,"turns":3.0},{"damage":0.0,"enemies":"Small Slimes","floor":10.0,"turns":1.0},{"damage":28.0,"enemies":"Exordium Thugs","floor":11.0,"turns":4.0},{"damage":14.0,"enemies":"Lagavulin","floor":13.0,"turns":5.0},{"damage":10.0,"enemies":"The Guardian","floor":16.0,"turns":15.0},{"damage":1.0,"enemies":"2 Thieves","floor":18.0,"turns":3.0},{"damage":12.0,"enemies":"Shell Parasite","floor":19.0,"turns":5.0},{"damage":18.0,"enemies":"Snecko","floor":22.0,"turns":3.0},{"damage":0.0,"enemies":"Gremlin Leader","floor":24.0,"turns":6.0},{"damage":15,"enemies":"Slavers","floor":25,"turns":7},{"damage":4,"enemies":"Shelled Parasite and Fungi","floor":27,"turns":7},{"damage":19,"enemies":"Book of Stabbing","floor":28,"turns":3},{"damage":0,"enemies":"Centurion and Healer","floor":31,"turns":7},{"damage":43,"enemies":"Automaton","floor":33,"turns":10},{"damage":5,"enemies":"3 Shapes","floor":35,"turns":9},{"damage":29,"enemies":"Mind Bloom Boss Battle","floor":37,"turns":10},{"damage":16,"enemies":"Orb Walker","floor":39,"turns":4},{"damage":16,"enemies":"Spire Growth","floor":41,"turns":3},{"damage":13,"enemies":"Reptomancer","floor":44,"turns":6},{"damage":47,"enemies":"4 Shapes","floor":48,"turns":4},{"damage":87,"enemies":"Time Eater","floor":50,"turns":12}],"seed_played":"-4499589541746387089","potions_obtained":[{"floor":6.0,"key":"StancePotion"},{"floor":10.0,"key":"FearPotion"},{"floor":14.0,"key":"Fire Potion"},{"floor":14.0,"key":"ColorlessPotion"},{"floor":18.0,"key":"Energy Potion"},{"floor":25,"key":"Ambrosia"},{"floor":27,"key":"Fire Potion"},{"floor":28,"key":"StancePotion"},{"floor":31,"key":"EntropicBrew"},{"floor":35,"key":"LiquidBronze"},{"floor":44,"key":"FearPotion"},{"floor":48,"key":"EssenceOfSteel"}],"is_trial":false,"path_per_floor":["M","M","$","?","?","E","R","E","T","M","M","R","E","?","R","B",null,"M","M","$","?","M","R","E","E","T","M","E","$","R","M","R","B",null,"M","$","?","?","M","R","M","R","T","E","$","?","R","M","R","B"],"character_chosen":"WATCHER","items_purchased":["Ragnarok","Nirvana","LikeWater","Wireheading","Adaptation","Nirvana","TalkToTheHand","PowerPotion","ClockworkSouvenir","Toy Ornithopter","Pen Nib","Pantograph"],"campfire_rested":7,"item_purchase_floors":[3,20,20,20,29,36,36,36,45,45,45,45],"current_hp_per_floor":[72,72,72,72,60,60,60,42,42,42,14,35,21,21,21,11,72,71,59,59,59,41,62,62,47,47,43,24,24,45,45,66,23,72,67,67,38,38,22,43,27,27,27,14,14,14,35,20,41,0,0],"gold":22,"neow_bonus":"THREE_ENEMY_KILL","is_daily":false,"chose_seed":false,"campfire_upgraded":2,"win_rate":0.0,"timestamp":1612037039,"path_taken":["M","M","$","?","?","E","R","E","T","?","M","R","E","?","R","BOSS","M","M","$","?","M","R","E","E","T","?","E","$","R","M","R","BOSS","M","$","?","?","M","R","M","R","T","E","?","?","R","?","R","BOSS"],"items_purchased_type":["Card","Card","Card","Card","Card","Card","Card","Potion","Relic","Relic","Relic","Relic"],"build_version":"2020-12-18","purchased_purges":2,"victory":false,"max_hp_per_floor":[72,72,72,72,72,72,72,72,72,72,72,72,72,72,72,72,72,72,72,72,72,72,72,72,72,72,72,72,72,72,72,72,72,72,72,72,72,72,72,72,72,72,72,72,72,72,72,72,72,72,72],"relic_stats":{"counters":[24,130],"CeramicFish":144,"Astrolabe":["Wireheading","Weave","Pray"],"Pantograph":25,"Yang":[285],"PreservedInsect":61,"Pen Nib":[5],"Letter Opener":[80],"GoldenEye":[181],"obtain_stats":[{"Potion Belt":44,"NeowsBlessing":0,"CeramicFish":26,"Astrolabe":34,"Yang":9,"The Courier":13,"PreservedInsect":43,"Pen Nib":45,"Incense Burner":5,"Letter Opener":28,"GoldenEye":6,"White Beast Statue":24,"Old Coin":37,"ClockworkSouvenir":45,"Matryoshka":25,"Pantograph":45,"WingedGreaves":8,"Fusion Hammer":17,"Bag of Marbles":26,"PureWater":0,"Toy Ornithopter":45,"Meat on the Bone":46},{"Potion Belt":22,"NeowsBlessing":0,"CeramicFish":13,"Astrolabe":17,"Yang":4,"The Courier":7,"PreservedInsect":21,"Pen Nib":22,"Incense Burner":2,"Letter Opener":15,"GoldenEye":3,"White Beast Statue":12,"Old Coin":19,"ClockworkSouvenir":22,"Matryoshka":13,"Pantograph":22,"WingedGreaves":4,"Fusion Hammer":8,"Bag of Marbles":13,"PureWater":0,"Toy Ornithopter":22,"Meat on the Bone":22},{"Potion Belt":114,"NeowsBlessing":0,"CeramicFish":55,"Astrolabe":82,"Yang":6,"The Courier":16,"PreservedInsect":108,"Pen Nib":114,"Incense Burner":2,"Letter Opener":65,"GoldenEye":3,"White Beast Statue":48,"Old Coin":101,"ClockworkSouvenir":114,"Matryoshka":55,"Pantograph":114,"WingedGreaves":6,"Fusion Hammer":31,"Bag of Marbles":55,"PureWater":0,"Toy Ornithopter":114,"Meat on the Bone":114}],"Toy Ornithopter":25,"Meat on the Bone":12},"card_choices":[{"not_picked":["Prostrate","Pray"],"picked":"Consecrate","floor":1.0},{"not_picked":["EmptyBody","Prostrate"],"picked":"EmptyFist","floor":2.0},{"not_picked":["CrushJoints","Conclude"],"picked":"Nirvana","floor":6.0},{"not_picked":["Protect","Consecrate"],"picked":"SpiritShield","floor":8.0},{"not_picked":["Protect","Evaluate"],"picked":"BowlingBash","floor":10.0},{"not_picked":["Perseverance","Vengeance"],"picked":"JustLucky","floor":11.0},{"not_picked":["Pray","PathToVictory"],"picked":"FollowUp","floor":13.0},{"not_picked":["Blasphemy","SpiritShield"],"picked":"Vault","floor":16.0},{"not_picked":["WindmillStrike+1","Perseverance"],"picked":"Meditate","floor":18.0},{"not_picked":["EmptyBody","Evaluate"],"picked":"Wireheading","floor":19.0},{"not_picked":["BowlingBash+1","FollowUp","CarveReality"],"picked":"SKIP","floor":22.0},{"not_picked":["ReachHeaven","WreathOfFlame"],"picked":"EmptyBody","floor":24.0},{"not_picked":["Brilliance","ForeignInfluence"],"picked":"ClearTheMind","floor":25},{"not_picked":["FlyingSleeves","Evaluate"],"picked":"SashWhip+1","floor":27},{"not_picked":["MasterReality","JustLucky"],"picked":"CutThroughFate","floor":28},{"not_picked":["BowlingBash","Consecrate"],"picked":"Crescendo","floor":31},{"not_picked":["Blasphemy","MasterReality"],"picked":"DevaForm","floor":33},{"not_picked":["WreathOfFlame+1","Consecrate+1"],"picked":"Crescendo","floor":35},{"not_picked":["FlyingSleeves","LessonLearned"],"picked":"BattleHymn+1","floor":37},{"not_picked":["ClearTheMind+1","ThirdEye"],"picked":"InnerPeace+1","floor":39},{"not_picked":["BowlingBash","FollowUp+1"],"picked":"Consecrate+1","floor":41},{"not_picked":["Crescendo","DeceiveReality+1"],"picked":"EmptyFist+1","floor":44},{"not_picked":["SashWhip","Fasting2"],"picked":"FearNoEvil","floor":48}],"player_experience":2984416,"relics_obtained":[{"floor":6.0,"key":"GoldenEye"},{"floor":8.0,"key":"WingedGreaves"},{"floor":9.0,"key":"Yang"},{"floor":13.0,"key":"The Courier"},{"floor":24.0,"key":"White Beast Statue"},{"floor":25,"key":"Matryoshka"},{"floor":26,"key":"CeramicFish"},{"floor":26,"key":"Bag of Marbles"},{"floor":28,"key":"Letter Opener"},{"floor":37,"key":"Old Coin"},{"floor":43,"key":"PreservedInsect"},{"floor":44,"key":"Potion Belt"}],"event_choices":[{"cards_removed":["Strike_P"],"damage_healed":0.0,"max_hp_gain":0.0,"max_hp_loss":0.0,"gold_gain":0.0,"event_name":"The Cleric","player_choice":"Card Removal","floor":4.0,"gold_loss":50.0,"damage_taken":0.0},{"damage_healed":0.0,"max_hp_gain":0.0,"max_hp_loss":0.0,"gold_gain":0.0,"event_name":"Scrap Ooze","player_choice":"Success","floor":5.0,"gold_loss":0.0,"damage_taken":12.0,"relics_obtained":["Incense Burner"]},{"damage_healed":0.0,"max_hp_gain":0.0,"max_hp_loss":0.0,"gold_gain":0.0,"event_name":"Lab","player_choice":"Got Potions","floor":14.0,"gold_loss":0.0,"damage_taken":0.0},{"cards_removed":["Strike_P"],"damage_healed":0.0,"max_hp_gain":0.0,"max_hp_loss":0.0,"gold_gain":0.0,"event_name":"Bonfire Elementals","player_choice":"Offered Basic","floor":21.0,"gold_loss":0.0,"damage_taken":0.0},{"damage_healed":0,"gold_gain":0,"player_choice":"Fight","damage_taken":0,"max_hp_gain":0,"max_hp_loss":0,"event_name":"MindBloom","floor":37,"gold_loss":0},{"damage_healed":0,"gold_gain":0,"player_choice":"Ignored","damage_taken":0,"max_hp_gain":0,"max_hp_loss":0,"event_name":"Tomb of Lord Red Mask","floor":38,"gold_loss":0},{"damage_healed":0,"gold_gain":0,"player_choice":"Gave Potion","damage_taken":0,"relics_obtained":["Meat on the Bone"],"max_hp_gain":0,"max_hp_loss":0,"event_name":"WeMeetAgain","floor":46,"gold_loss":0}],"is_beta":true,"boss_relics":[{"not_picked":["HolyWater","Calling Bell"],"picked":"Fusion Hammer"},{"not_picked":["Tiny House","Runic Dome"],"picked":"Astrolabe"}],"items_purged_floors":[20,29],"is_endless":false,"potions_floor_spawned":[6,10,18,25,27,28,31,33,35,37,39,41,44,48],"killed_by":"Time Eater","ascension_level":3}}