{"host":"6xsbn6ynqlzwllfm","time":1612022162,"event":{"mods":["2.2 Compatiblity","BaseMod","Bestiary","Colored Map","Colored Powertips","Curses Come First","Highlight Path","Keyboard Shortcuts","Minty Spire (QoL Compilation)","Relic Stats","Slay the Relics Exporter","StSLib","SuperFastMode"],"gold_per_floor":[116,116,127,127,144,144,158,187,214,246,257,257,272,272,272,272,272],"floor_reached":16,"language":"ENG","playtime":482,"items_purged":[],"score":267,"play_id":"4473eeae-daf1-47a9-b31b-1316055e023b","local_time":"20210130105602","is_ascension_mode":true,"campfire_choices":[{"data":"Doom and Gloom","floor":6.0,"key":"SMITH"},{"data":"Buffer","floor":12.0,"key":"SMITH"},{"floor":15.0,"key":"REST"}],"circlet_count":0,"master_deck":["AscendersBane","Strike_B","Strike_B","Defend_B","Defend_B","Defend_B","Defend_B","Zap","Dualcast","Double Energy","Doom and Gloom+1","Fission","Buffer+1","Compile Driver","Defragment","Pain"],"relics":["Snecko Eye","Nunchaku","MealTicket","Dream Catcher","WarpedTongs"],"acts_visited":["Exordium"],"potions_floor_usage":[],"damage_taken":[{"damage":6.0,"enemies":"Small Slimes","floor":1.0,"turns":5.0},{"damage":0.0,"enemies":"Cultist","floor":3.0,"turns":3.0},{"damage":8.0,"enemies":"2 Louse","floor":5.0,"turns":3.0},{"damage":16.0,"enemies":"Exordium Thugs","floor":7.0,"turns":4.0},{"damage":7.0,"enemies":"3 Sentries","floor":8.0,"turns":7.0},{"damage":0.0,"enemies":"Gremlin Nob","floor":10.0,"turns":4.0},{"damage":7.0,"enemies":"Looter","floor":11.0,"turns":3.0},{"damage":0.0,"enemies":"2 Fungi Beasts","floor":13.0,"turns":3.0},{"damage":43,"enemies":"Hexaghost","floor":16,"turns":7}],"seed_played":"150820465963655198","potions_obtained":[{"floor":1.0,"key":"BlessingOfTheForge"},{"floor":7.0,"key":"BlessingOfTheForge"},{"floor":8.0,"key":"SteroidPotion"}],"is_trial":false,"path_per_floor":["M","?","M","?","M","R","M","E","T","E","M","R","M","?","R","B"],"character_chosen":"DEFECT","items_purchased":[],"campfire_rested":1,"item_purchase_floors":[],"current_hp_per_floor":[58,58,58,58,50,50,34,27,27,27,20,20,20,20,41,0,0],"gold":272,"neow_bonus":"BOSS_RELIC","is_daily":false,"chose_seed":false,"campfire_upgraded":2,"win_rate":0.0,"timestamp":1612022162,"path_taken":["M","?","M","?","?","R","M","E","T","E","M","R","M","?","R","BOSS"],"items_purchased_type":[],"build_version":"2020-12-22","purchased_purges":0,"victory":false,"max_hp_per_floor":[71,71,71,71,71,71,71,71,71,71,71,71,71,71,71,71,71],"relic_stats":{"Nunchaku":[1],"Dream Catcher":1,"counters":[9,39],"Snecko Eye":[69,58,55,65],"MealTicket":0,"obtain_stats":[{"Nunchaku":8,"Dream Catcher":10,"Snecko Eye":0,"MealTicket":9,"Cracked Core":0,"WarpedTongs":14},{"Nunchaku":5,"Dream Catcher":6,"Snecko Eye":0,"MealTicket":5,"Cracked Core":0,"WarpedTongs":8},{"Nunchaku":22,"Dream Catcher":26,"Snecko Eye":0,"MealTicket":22,"Cracked Core":0,"WarpedTongs":32}],"WarpedTongs":[7]},"card_choices":[{"not_picked":["Hello World","Redo","Go for the Eyes"],"picked":"SKIP","floor":1.0},{"not_picked":["Stack","Streamline"],"picked":"Double Energy","floor":3.0},{"not_picked":["Lockon","Beam Cell"],"picked":"Doom and Gloom","floor":5.0},{"not_picked":["Beam Cell","Heatsinks"],"picked":"Fission","floor":7.0},{"not_picked":["Heatsinks","Cold Snap"],"picked":"Buffer","floor":8.0},{"not_picked":["Melter","Chaos"],"picked":"Compile Driver","floor":10.0},{"not_picked":["Reprogram","Leap"],"picked":"Defragment","floor":11.0}],"player_experience":1286092,"relics_obtained":[{"floor":8.0,"key":"Nunchaku"},{"floor":9.0,"key":"MealTicket"},{"floor":10.0,"key":"Dream Catcher"}],"event_choices":[{"cards_removed":["Strike_B"],"damage_healed":0.0,"max_hp_gain":0.0,"max_hp_loss":0.0,"gold_gain":0.0,"event_name":"Purifier","player_choice":"Purged","floor":2.0,"gold_loss":0.0,"damage_taken":0.0},{"cards_removed":["Strike_B"],"damage_healed":0.0,"max_hp_gain":0.0,"max_hp_loss":0.0,"gold_gain":0.0,"event_name":"Purifier","player_choice":"Purged","floor":4.0,"gold_loss":0.0,"damage_taken":0.0},{"damage_healed":0.0,"max_hp_gain":0.0,"max_hp_loss":0.0,"gold_gain":0.0,"event_name":"Accursed Blacksmith","player_choice":"Rummage","floor":14.0,"gold_loss":0.0,"damage_taken":0.0,"relics_obtained":["WarpedTongs"],"cards_obtained":["Pain"]}],"is_beta":false,"boss_relics":[],"items_purged_floors":[],"is_endless":false,"potions_floor_spawned":[1,7,8],"killed_by":"Hexaghost","ascension_level":19}}