{"host":"lzlnscgb2n0l5w2m","time":1612000703,"event":{"mods":["AchievementEnabler","BaseMod","Block Reminder","Colored Powertips","Highlight Path","Minty Spire (QoL Compilation)","Permanent Neow","Relic Stats","StSLib","Yuri Mod"],"gold_per_floor":[363,363,113,148,148,148,188,188,213,252,252,252,303,334,334,453,453,444,344,382,415,447,494,494,547,547,547,599,514,514,566,566,687,687,701,716,747,765,797,847,847,548,548,603,279,318,318,351,351,371,371,371,78,107,107],"floor_reached":56,"language":"ZHS","playtime":9463,"items_purged":["yuri:yuriDefend","yuri:yuriDefend","yuri:yuriStrike","yuri:BookGreen+1"],"score":1389,"play_id":"566a4c6c-5b67-4aa5-bc67-d6b282018b76","local_time":"20210130175823","is_ascension_mode":true,"campfire_choices":[{"data":"yuri:StealPen","floor":6.0,"key":"SMITH"},{"data":"yuri:Torment","floor":8.0,"key":"SMITH"},{"data":"yuri:GrowingInsanity","floor":11.0,"key":"SMITH"},{"data":"yuri:Oolong","floor":15.0,"key":"SMITH"},{"floor":24.0,"key":"REST"},{"data":"yuri:ReloadGameCorrupt","floor":27.0,"key":"SMITH"},{"data":"yuri:DisableStrike","floor":32.0,"key":"SMITH"},{"data":"yuri:HeavierStrike","floor":41.0,"key":"SMITH"},{"floor":47,"key":"RECALL"},{"data":"yuri:SelfHarm","floor":49,"key":"SMITH"},{"data":"yuri:MPose","floor":52,"key":"SMITH"}],"circlet_count":0,"master_deck":["yuri:yuriStrike","yuri:yuriStrike+1","yuri:yuriStrike","yuri:yuriDefend","yuri:yuriDefend","yuri:yuriDefend","yuri:Oolong+1","yuri:yuriStab","yuri:StealPen+1","yuri:TPose","yuri:MPose+1","yuri:Torment+1","yuri:GrowingInsanity+1","yuri:DebugCard","yuri:GreenTea","yuri:ReloadGameCorrupt+1","yuri:AdaptiveAI+1","yuri:HoldBackCorrupt+1","yuri:DejaVu","yuri:DeepBreathingCorrupt+1","yuri:Spin+1","yuri:DisableStrike+1","yuri:Stalk","yuri:MirrorInsanity","yuri:MarkovCurse","yuri:WickedSlash","yuri:yuriQuickStrike+1","yuri:HeavierStrike+1","yuri:SelfHarm+1","yuri:InsanityDefense","yuri:Skip","yuri:GrowingInsanity+1","yuri:WickedSlash+1","yuri:Skip","yuri:HeavierStrike+1","yuri:Skip","yuri:SeeingDouble+1","yuri:BrokenCode+1","yuri:RelentlessStrikes+1"],"relics":["yuri:BloodyKnife","Oddly Smooth Stone","Vajra","Frozen Egg 2","Philosopher\u0027s Stone","Blood Vial","CaptainsWheel","Boot","Sundial","Gambling Chip","yuri:PortraitOfMarkov","Meat on the Bone","Bottled Tornado","Calipers","DollysMirror","Whetstone","yuri:PortableGlitches"],"acts_visited":["Exordium","TheCity","TheBeyond","TheEnding"],"potions_floor_usage":[50,55],"damage_taken":[{"damage":1.0,"enemies":"Small Slimes","floor":1.0,"turns":3.0},{"damage":3.0,"enemies":"Cultist","floor":4.0,"turns":4.0},{"damage":4.0,"enemies":"Jaw Worm","floor":7.0,"turns":4.0},{"damage":2.0,"enemies":"2 Fungi Beasts","floor":10.0,"turns":3.0},{"damage":21.0,"enemies":"Lagavulin","floor":13.0,"turns":5.0},{"damage":0.0,"enemies":"Looter","floor":14.0,"turns":3.0},{"damage":31.0,"enemies":"Slime Boss","floor":16.0,"turns":7.0},{"damage":1065.0,"enemies":"2 Thieves","floor":18.0,"turns":5.0},{"damage":10.0,"enemies":"Spheric Guardian","floor":20.0,"turns":4.0},{"damage":15.0,"enemies":"Centurion and Healer","floor":21.0,"turns":6.0},{"damage":18.0,"enemies":"Shelled Parasite and Fungi","floor":22.0,"turns":5.0},{"damage":1.0,"enemies":"Gremlin Leader","floor":23.0,"turns":6.0},{"damage":8.0,"enemies":"Book of Stabbing","floor":25.0,"turns":6.0},{"damage":10.0,"enemies":"Slavers","floor":28.0,"turns":5.0},{"damage":0.0,"enemies":"Book of Stabbing","floor":31.0,"turns":5.0},{"damage":7.0,"enemies":"Automaton","floor":33.0,"turns":8.0},{"damage":2.0,"enemies":"3 Shapes","floor":35.0,"turns":4.0},{"damage":3.0,"enemies":"3 Darklings","floor":36.0,"turns":3.0},{"damage":8.0,"enemies":"Spire Growth","floor":37.0,"turns":4.0},{"damage":12.0,"enemies":"Sphere and 2 Shapes","floor":38.0,"turns":3.0},{"damage":18.0,"enemies":"Maw","floor":39.0,"turns":6.0},{"damage":18.0,"enemies":"Reptomancer","floor":40.0,"turns":3.0},{"damage":11,"enemies":"Giant Head","floor":44,"turns":6},{"damage":5,"enemies":"Spire Growth","floor":46,"turns":4},{"damage":6,"enemies":"4 Shapes","floor":48,"turns":2},{"damage":18,"enemies":"Donu and Deca","floor":50,"turns":5},{"damage":7,"enemies":"Shield and Spear","floor":54,"turns":4},{"damage":55,"enemies":"The Heart","floor":55,"turns":7}],"seed_played":"6613518772892669585","potions_obtained":[{"floor":7.0,"key":"CultistPotion"},{"floor":10.0,"key":"GamblersBrew"},{"floor":14.0,"key":"FairyPotion"},{"floor":16.0,"key":"PowerPotion"},{"floor":20.0,"key":"Strength Potion"},{"floor":22.0,"key":"Block Potion"},{"floor":23.0,"key":"Fruit Juice"},{"floor":28.0,"key":"Strength Potion"},{"floor":30.0,"key":"SkillPotion"},{"floor":30.0,"key":"LiquidBronze"},{"floor":35.0,"key":"BlessingOfTheForge"},{"floor":37.0,"key":"Strength Potion"},{"floor":38.0,"key":"SpeedPotion"}],"is_trial":false,"path_per_floor":["M","?","$","M","?","R","M","R","T","M","R","?","E","M","R","B",null,"M","$","M","M","M","E","R","E","T","R","E","?","?","E","R","B",null,"M","M","M","M","M","E","R","$","T","E","$","M","R","M","R","B",null,"R","$","E","B",null],"character_chosen":"YURI","items_purchased":["yuri:MPose","Oddly Smooth Stone","yuri:Skip","yuri:GrowingInsanity+1","yuri:WickedSlash","DollysMirror","yuri:Skip","yuri:RelentlessStrikes+1","Whetstone"],"campfire_rested":1,"item_purchase_floors":[3,3,42,42,42,45,45,53,53],"current_hp_per_floor":[59,59,59,60,60,60,60,60,60,62,62,67,56,62,62,38,85,36,36,39,37,32,49,75,82,82,82,80,80,80,88,88,88,88,88,88,88,76,73,57,57,57,57,61,61,71,71,67,67,58,88,88,88,88,46],"gold":107,"neow_bonus":"TWO_FIFTY_GOLD","is_daily":false,"chose_seed":false,"campfire_upgraded":9,"win_rate":0.0,"timestamp":1612000703,"path_taken":["M","?","$","M","?","R","M","R","T","?","R","?","E","M","R","BOSS","M","$","M","M","M","E","R","E","T","R","E","?","?","E","R","BOSS","M","M","M","?","M","E","R","$","T","E","$","M","R","M","R","BOSS","R","$","E","BOSS"],"items_purchased_type":["Card","Relic","Card","Card","Card","Relic","Card","Card","Relic"],"build_version":"2020-12-22","purchased_purges":4,"victory":true,"max_hp_per_floor":[80,80,80,80,80,80,80,80,80,80,80,85,85,85,85,85,85,83,83,83,83,83,88,88,88,88,88,88,88,88,88,88,88,88,88,88,88,88,88,88,88,88,88,88,88,88,88,88,88,88,88,88,88,88,88],"relic_stats":{"Blood Vial":18,"counters":[28,130],"Sundial":[2],"Gambling Chip":[22],"Whetstone":["yuri:yuriStrike","yuri:WickedSlash"],"Boot":[0],"obtain_stats":[{"Calipers":44,"yuri:yuriKnife":0,"Oddly Smooth Stone":3,"Vajra":9,"yuri:BloodyKnife":18,"Whetstone":53,"Frozen Egg 2":13,"Bottled Tornado":43,"Boot":28,"Blood Vial":23,"CaptainsWheel":25,"yuri:PortraitOfMarkov":34,"Sundial":29,"DollysMirror":45,"Gambling Chip":31,"Philosopher\u0027s Stone":17,"yuri:PortableGlitches":54,"Meat on the Bone":40},{"Calipers":23,"yuri:yuriKnife":0,"Oddly Smooth Stone":1,"Vajra":3,"yuri:BloodyKnife":8,"Whetstone":26,"Frozen Egg 2":5,"Bottled Tornado":22,"Boot":14,"Blood Vial":12,"CaptainsWheel":13,"yuri:PortraitOfMarkov":16,"Sundial":14,"DollysMirror":23,"Gambling Chip":15,"Philosopher\u0027s Stone":7,"yuri:PortableGlitches":27,"Meat on the Bone":22},{"Calipers":108,"yuri:yuriKnife":0,"Oddly Smooth Stone":3,"Vajra":11,"yuri:BloodyKnife":31,"Whetstone":119,"Frozen Egg 2":19,"Bottled Tornado":102,"Boot":66,"Blood Vial":55,"CaptainsWheel":61,"yuri:PortraitOfMarkov":79,"Sundial":66,"DollysMirror":108,"Gambling Chip":71,"Philosopher\u0027s Stone":29,"yuri:PortableGlitches":123,"Meat on the Bone":102}],"Meat on the Bone":0},"card_choices":[{"not_picked":["yuri:Spin","yuri:UntestedCode"],"picked":"yuri:StealPen","floor":1.0},{"not_picked":["yuri:CalmingAura","yuri:MPose","yuri:ThrowingKnives"],"picked":"SKIP","floor":4.0},{"not_picked":["yuri:SelfHarm","yuri:ReloadGame"],"picked":"yuri:DebugCard","floor":7.0},{"not_picked":["yuri:ThrowingKnives","yuri:Skip"],"picked":"yuri:GreenTea","floor":10.0},{"not_picked":["yuri:StealPen","yuri:TeaSet"],"picked":"yuri:BookGreen+1","floor":13.0},{"not_picked":["yuri:ReactiveMadness","yuri:ThrowingKnives"],"picked":"yuri:ReloadGame","floor":14.0},{"not_picked":["yuri:MirrorInsanity","yuri:Torment"],"picked":"yuri:Suicide","floor":16.0},{"not_picked":["yuri:ThrowingKnives","yuri:CorruptHitbox"],"picked":"yuri:AdaptiveAI+1","floor":18.0},{"not_picked":["yuri:TeaSet","yuri:MPose"],"picked":"yuri:HoldBack+1","floor":20.0},{"not_picked":["yuri:UnstableStrike","yuri:ThrowingKnives"],"picked":"yuri:DejaVu","floor":21.0},{"not_picked":["yuri:ThornRemove","yuri:Spin+1","yuri:Stare"],"picked":"SKIP","floor":22.0},{"not_picked":["yuri:Stare+1","yuri:yuriQuickStrike+1"],"picked":"yuri:DeepBreathing+1","floor":23.0},{"not_picked":["yuri:ThrowBook","yuri:CalmingAura"],"picked":"yuri:Spin+1","floor":25.0},{"not_picked":["yuri:WickedSlash","yuri:Stare+1"],"picked":"yuri:DisableStrike","floor":28.0},{"not_picked":["yuri:BrokenCode+1","yuri:ThrowingKnives"],"picked":"yuri:Stalk","floor":31.0},{"not_picked":["yuri:GlitchRemove+1","yuri:Suicide"],"picked":"yuri:MirrorInsanity","floor":33.0},{"not_picked":["yuri:ThrowingKnives+1","yuri:yuriHeavyStrike+1"],"picked":"yuri:WickedSlash","floor":35.0},{"not_picked":["yuri:ArmBrace","yuri:UnstableStrike"],"picked":"yuri:yuriQuickStrike+1","floor":36.0},{"not_picked":["yuri:Stare","yuri:BookPurple+1"],"picked":"yuri:HeavierStrike","floor":37.0},{"not_picked":["yuri:Spin","yuri:TeaSet+1","yuri:TPose"],"picked":"SKIP","floor":38.0},{"not_picked":["yuri:ReactiveMadness+1","yuri:UntestedCode+1"],"picked":"yuri:SelfHarm","floor":39.0},{"not_picked":["yuri:Suicide","yuri:CalmingAura+1"],"picked":"yuri:InsanityDefense","floor":40.0},{"not_picked":["yuri:Stalk+1","yuri:RecklessStrike"],"picked":"yuri:Skip","floor":44},{"not_picked":["yuri:Spin","yuri:ThornRemove"],"picked":"yuri:SeeingDouble+1","floor":46},{"not_picked":["yuri:InduceGlitch","yuri:GreenTea+1"],"picked":"yuri:BrokenCode+1","floor":48},{"not_picked":["yuri:ThrowingKnives+1","yuri:GreenTea","yuri:RecklessStrike"],"picked":"SKIP","floor":54}],"player_experience":299017,"relics_obtained":[{"floor":9.0,"key":"Vajra"},{"floor":13.0,"key":"Frozen Egg 2"},{"floor":23.0,"key":"Blood Vial"},{"floor":25.0,"key":"CaptainsWheel"},{"floor":28.0,"key":"Boot"},{"floor":31.0,"key":"Gambling Chip"},{"floor":40.0,"key":"Meat on the Bone"},{"floor":43,"key":"Bottled Tornado"},{"floor":44,"key":"Calipers"},{"floor":54,"key":"yuri:PortableGlitches"}],"event_choices":[{"damage_healed":0.0,"max_hp_gain":0.0,"max_hp_loss":0.0,"gold_gain":0.0,"cards_transformed":["yuri:yuriStrike"],"event_name":"Living Wall","player_choice":"Change","floor":2.0,"gold_loss":0.0,"damage_taken":0.0,"cards_obtained":["yuri:TPose"]},{"damage_healed":0.0,"max_hp_gain":0.0,"max_hp_loss":0.0,"gold_gain":0.0,"event_name":"Match and Keep!","player_choice":"2 cards matched","floor":5.0,"gold_loss":0.0,"damage_taken":0.0,"cards_obtained":["yuri:Torment","yuri:GrowingInsanity"]},{"damage_healed":0.0,"max_hp_gain":5.0,"max_hp_loss":0.0,"gold_gain":0.0,"event_name":"Big Fish","player_choice":"Donut","floor":12.0,"gold_loss":0.0,"damage_taken":0.0},{"damage_healed":0.0,"max_hp_gain":0.0,"max_hp_loss":0.0,"gold_gain":0.0,"event_name":"Addict","player_choice":"Obtained Relic","floor":29.0,"gold_loss":85.0,"damage_taken":0.0,"relics_obtained":["Sundial"]},{"damage_healed":0.0,"max_hp_gain":0.0,"max_hp_loss":0.0,"gold_gain":0.0,"event_name":"Lab","player_choice":"Got Potions","floor":30.0,"gold_loss":0.0,"damage_taken":0.0}],"is_beta":false,"boss_relics":[{"not_picked":["Pandora\u0027s Box","Sozu"],"picked":"Philosopher\u0027s Stone"},{"not_picked":["yuri:BookOfBooks","Black Star"],"picked":"yuri:PortraitOfMarkov"}],"items_purged_floors":[3,19,42,45],"is_endless":false,"potions_floor_spawned":[7,10,14,16,20,22,23,28,35,37,38,40,44],"ascension_level":1}}