{"host":"jpcy2bclvs7juczu","time":1612043032,"event":{"mods":["Alarm Clock","BaseMod","Bestiary","Block Reminder","Colored Map","Colored Powertips","Curses Come First","Dark Map","Filter the Spire","Minty Spire (QoL Compilation)","Quick Restart","RNG Fix","Random Character Button","Relic Stats","Slay the Relics Exporter","Smile Girya","StSLib","everything is the same but u backflip on backflip","ojb\u0027s Better Paths Mod","ojb\u0027s Info Mod","slay the spire mod where everything is the same but ironclad has a cowboy hat"],"gold_per_floor":[110,126,51,126,146,173,173,206,229,246,271,281,310,341,341,413,413,426,96,11,24,42,42,61,61,109,119,119,119],"floor_reached":28,"language":"ENG","playtime":894,"items_purged":["Perfected Strike"],"score":550,"play_id":"84df8dc3-cb6a-4ade-b1a9-2b302fe06b89","local_time":"20210130164352","is_ascension_mode":true,"campfire_choices":[{"data":"Immolate","floor":7.0,"key":"SMITH"},{"data":"Demon Form","floor":15.0,"key":"SMITH"},{"floor":23.0,"key":"REST"},{"floor":25,"key":"REST"}],"circlet_count":0,"master_deck":["AscendersBane","Strike_R","Strike_R","Strike_R","Strike_R","Strike_R","Defend_R","Defend_R","Defend_R","Defend_R","Bash","Immolate+1","Burning Pact+1","Armaments+1","Feel No Pain","Flame Barrier","Demon Form+1","Pummel","Heavy Blade","Barricade","CurseOfTheBell","Corruption","Limit Break","Body Slam+1","Uppercut+1"],"relics":["SlaversCollar","War Paint","Centennial Puzzle","Pen Nib","Odd Mushroom","MealTicket","Calling Bell","Akabeko","Molten Egg 2","Turnip","ClockworkSouvenir","Letter Opener","Dream Catcher"],"acts_visited":["Exordium","TheCity"],"potions_floor_usage":[27],"damage_taken":[{"damage":9.0,"enemies":"2 Louse","floor":1.0,"turns":3.0},{"damage":5.0,"enemies":"Small Slimes","floor":2.0,"turns":4.0},{"damage":1.0,"enemies":"Cultist","floor":5.0,"turns":3.0},{"damage":6.0,"enemies":"Gremlin Nob","floor":6.0,"turns":3.0},{"damage":10.0,"enemies":"3 Sentries","floor":8.0,"turns":4.0},{"damage":0.0,"enemies":"Lots of Slimes","floor":10.0,"turns":1.0},{"damage":33.0,"enemies":"Lagavulin","floor":11.0,"turns":5.0},{"damage":3.0,"enemies":"Large Slime","floor":12.0,"turns":6.0},{"damage":6.0,"enemies":"The Mushroom Lair","floor":13.0,"turns":2.0},{"damage":0.0,"enemies":"3 Sentries","floor":14.0,"turns":1.0},{"damage":18.0,"enemies":"Hexaghost","floor":16.0,"turns":6.0},{"damage":4.0,"enemies":"Chosen","floor":18.0,"turns":8.0},{"damage":28.0,"enemies":"Shell Parasite","floor":21.0,"turns":8.0},{"damage":33.0,"enemies":"Cultist and Chosen","floor":22.0,"turns":6.0},{"damage":6,"enemies":"Chosen and Byrds","floor":24,"turns":7},{"damage":46,"enemies":"3 Cultists","floor":27,"turns":5},{"damage":5,"enemies":"Gremlin Leader","floor":28,"turns":2}],"seed_played":"-5620683035161813472","potions_obtained":[{"floor":1.0,"key":"LiquidBronze"},{"floor":2.0,"key":"FairyPotion"},{"floor":12.0,"key":"EntropicBrew"},{"floor":16.0,"key":"Strength Potion"},{"floor":18.0,"key":"SkillPotion"}],"is_trial":false,"path_per_floor":["M","M","$","?","M","E","R","E","T","M","E","M","?","E","R","B",null,"M","$","?","M","M","R","M","R","T","M","E"],"character_chosen":"IRONCLAD","items_purchased":["ClockworkSouvenir","Corruption"],"campfire_rested":2,"item_purchase_floors":[19,19],"current_hp_per_floor":[59,54,54,43,42,36,36,26,26,26,22,19,13,13,13,10,59,55,70,70,42,9,31,25,47,47,1,0,0],"gold":119,"neow_bonus":"BOSS_RELIC","is_daily":false,"chose_seed":false,"campfire_upgraded":2,"win_rate":0.0,"timestamp":1612043032,"path_taken":["M","M","$","?","M","E","R","E","T","M","E","M","?","E","R","BOSS","M","$","?","M","M","R","M","R","T","M","E"],"items_purchased_type":["Relic","Card"],"build_version":"2020-12-22","purchased_purges":1,"victory":false,"max_hp_per_floor":[75,75,75,75,75,75,75,75,75,75,75,75,75,75,75,75,75,75,75,75,75,75,75,75,75,75,75,75,75],"relic_stats":{"Centennial Puzzle":[27],"Dream Catcher":0,"counters":[17,74],"MealTicket":15,"Pen Nib":[5],"Turnip":[5],"Letter Opener":[15],"War Paint":["Armaments","Burning Pact"],"obtain_stats":[{"Pen Nib":11,"Letter Opener":20,"War Paint":6,"Odd Mushroom":13,"Burning Blood":0,"Akabeko":17,"ClockworkSouvenir":19,"Calling Bell":17,"SlaversCollar":0,"Centennial Puzzle":8,"Dream Catcher":26,"MealTicket":14,"Molten Egg 2":17,"Turnip":17},{"Pen Nib":7,"Letter Opener":12,"War Paint":4,"Odd Mushroom":9,"Burning Blood":0,"Akabeko":11,"ClockworkSouvenir":12,"Calling Bell":11,"SlaversCollar":0,"Centennial Puzzle":5,"Dream Catcher":15,"MealTicket":10,"Molten Egg 2":11,"Turnip":11},{"Pen Nib":23,"Letter Opener":46,"War Paint":13,"Odd Mushroom":31,"Burning Blood":0,"Akabeko":38,"ClockworkSouvenir":46,"Calling Bell":38,"SlaversCollar":0,"Centennial Puzzle":17,"Dream Catcher":67,"MealTicket":32,"Molten Egg 2":38,"Turnip":38}]},"card_choices":[{"not_picked":["Infernal Blade","Shrug It Off"],"picked":"Perfected Strike","floor":1.0},{"not_picked":["Havoc","Inflame"],"picked":"Immolate","floor":2.0},{"not_picked":["Spot Weakness","True Grit"],"picked":"Burning Pact","floor":5.0},{"not_picked":["Anger","Burning Pact"],"picked":"Armaments","floor":6.0},{"not_picked":["Rupture","Disarm"],"picked":"Feel No Pain","floor":8.0},{"not_picked":["Dropkick","Clothesline"],"picked":"Flame Barrier","floor":10.0},{"not_picked":["Immolate","Spot Weakness"],"picked":"Demon Form","floor":11.0},{"not_picked":["Havoc","True Grit"],"picked":"Pummel","floor":12.0},{"not_picked":["Body Slam","True Grit"],"picked":"Heavy Blade","floor":13.0},{"not_picked":["Thunderclap","Flame Barrier","True Grit"],"picked":"SKIP","floor":14.0},{"not_picked":["Fiend Fire","Exhume"],"picked":"Barricade","floor":16.0},{"not_picked":["Anger+1","Pommel Strike+1","Dark Embrace"],"picked":"SKIP","floor":18.0},{"not_picked":["Perfected Strike+1","Clothesline+1"],"picked":"Limit Break","floor":21.0},{"not_picked":["Heavy Blade+1","Sentinel"],"picked":"Body Slam+1","floor":22.0},{"not_picked":["Twin Strike+1","Rampage+1"],"picked":"Uppercut+1","floor":24},{"not_picked":["Rampage+1","Armaments","Warcry"],"picked":"SKIP","floor":27}],"player_experience":1516644,"relics_obtained":[{"floor":6.0,"key":"War Paint"},{"floor":8.0,"key":"Centennial Puzzle"},{"floor":11.0,"key":"Pen Nib"},{"floor":13.0,"key":"Odd Mushroom"},{"floor":14.0,"key":"MealTicket"},{"floor":17.0,"key":"Akabeko"},{"floor":17.0,"key":"Molten Egg 2"},{"floor":17.0,"key":"Turnip"},{"floor":26,"key":"Dream Catcher"}],"event_choices":[{"damage_healed":0.0,"max_hp_gain":0.0,"max_hp_loss":0.0,"gold_gain":75.0,"event_name":"World of Goop","player_choice":"Gather Gold","floor":4.0,"gold_loss":0.0,"damage_taken":11.0},{"damage_healed":0.0,"max_hp_gain":0.0,"max_hp_loss":0.0,"gold_gain":0.0,"event_name":"Mushrooms","player_choice":"Fought Mushrooms","floor":13.0,"gold_loss":0.0,"damage_taken":0.0},{"damage_healed":0.0,"max_hp_gain":0.0,"max_hp_loss":0.0,"gold_gain":0.0,"event_name":"Addict","player_choice":"Obtained Relic","floor":20.0,"gold_loss":85.0,"damage_taken":0.0,"relics_obtained":["Letter Opener"]}],"is_beta":false,"boss_relics":[{"not_picked":["Mark of Pain","Philosopher\u0027s Stone"],"picked":"Calling Bell"}],"items_purged_floors":[3],"is_endless":false,"potions_floor_spawned":[1,2,10,12,13,14,16,18],"killed_by":"Gremlin Leader","ascension_level":20}}