{"host":"osk2oboccoevp2u5","time":1612033762,"event":{"mods":["AchievementEnabler","Alarm Clock","BaseMod","Colored Powertips","Disable Question Mark Monsters","Displayed Cursed Tome","Hermit","Key Reminder","Minty Spire (QoL Compilation)","Potion Indicator Mod","Quick Restart","Rare Cards Sparkle","Reorder Act Four","StSLib","Useless Jewels Mod"],"gold_per_floor":[110,185,29,45,115,115,15,15,15,34,44,74,74,74,74,171,171,185,201,126,53,92,92,112,43,43,43,43,54,54,66,66,161,161,178,178,37,48,67,82,82,110,133,133,145,145,0,19,19,19],"floor_reached":51,"language":"ENG","playtime":5771,"items_purged":["hermit:Strike_Hermit","hermit:Strike_Hermit"],"score":800,"play_id":"c9419631-9033-41b5-bae7-0d268e77d1a2","local_time":"20210130150922","is_ascension_mode":true,"campfire_choices":[{"data":"hermit:Dive","floor":6.0,"key":"SMITH"},{"data":"hermit:Coalescence","floor":13.0,"key":"SMITH"},{"data":"hermit:Snapshot","floor":15.0,"key":"SMITH"},{"data":"hermit:Deadeye","floor":23.0,"key":"SMITH"},{"floor":27.0,"key":"REST"},{"floor":30.0,"key":"REST"},{"floor":32.0,"key":"REST"},{"floor":41.0,"key":"REST"},{"floor":46.0,"key":"REST"},{"floor":49.0,"key":"REST"}],"circlet_count":0,"master_deck":["hermit:Defend_Hermit+1","hermit:Snapshot+1","hermit:Covet+1","hermit:Dive+1","hermit:Combo","hermit:Vantage","hermit:Coalescence+1","hermit:CalledShot","hermit:BlackWind","hermit:Snipe+1","hermit:BigShot+1","hermit:Deadeye+1","hermit:LuckOfTheDraw","hermit:TakeAim","Doubt","hermit:ItchyTrigger","hermit:GhostlyPresence","hermit:Gambit","hermit:Ricochet","Blind","hermit:BigShot+1","hermit:Enervate","Clumsy","Pain","hermit:Headshot+1"],"relics":["hermit:Momento","Ornamental Fan","Cursed Key","Pantograph","War Paint","Empty Cage","Boot","Toy Ornithopter","Kunai","Red Mask"],"acts_visited":["Exordium","TheCity","TheBeyond"],"potions_floor_usage":[50],"damage_taken":[{"damage":1.0,"enemies":"Cultist","floor":1.0,"turns":3.0},{"damage":11.0,"enemies":"Small Slimes","floor":4.0,"turns":6.0},{"damage":0.0,"enemies":"Jaw Worm","floor":10.0,"turns":6.0},{"damage":0.0,"enemies":"3 Louse","floor":11.0,"turns":4.0},{"damage":15.0,"enemies":"The Guardian","floor":16.0,"turns":25.0},{"damage":5.0,"enemies":"3 Byrds","floor":18.0,"turns":9.0},{"damage":0.0,"enemies":"Shell Parasite","floor":19.0,"turns":8.0},{"damage":12.0,"enemies":"Sentry and Sphere","floor":22.0,"turns":8.0},{"damage":21.0,"enemies":"Shelled Parasite and Fungi","floor":24.0,"turns":5.0},{"damage":43.0,"enemies":"Chosen and Byrds","floor":29.0,"turns":10.0},{"damage":25.0,"enemies":"Sentry and Sphere","floor":31.0,"turns":6.0},{"damage":29.0,"enemies":"Champ","floor":33.0,"turns":10.0},{"damage":3.0,"enemies":"3 Darklings","floor":35.0,"turns":6.0},{"damage":40.0,"enemies":"3 Shapes","floor":38.0,"turns":7.0},{"damage":54.0,"enemies":"Jaw Worm Horde","floor":39.0,"turns":6.0},{"damage":26.0,"enemies":"3 Darklings","floor":40.0,"turns":7.0},{"damage":0.0,"enemies":"Nemesis","floor":42.0,"turns":3.0},{"damage":12.0,"enemies":"Sphere and 2 Shapes","floor":45.0,"turns":4.0},{"damage":31.0,"enemies":"Maw","floor":48.0,"turns":6.0},{"damage":69,"enemies":"Donu and Deca","floor":50,"turns":7}],"seed_played":"-3052846961902577056","potions_obtained":[{"floor":4.0,"key":"Swift Potion"},{"floor":8.0,"key":"Ancient Potion"},{"floor":8.0,"key":"Fire Potion"},{"floor":8.0,"key":"hermit:BlackBile"},{"floor":19.0,"key":"ColorlessPotion"},{"floor":22.0,"key":"GamblersBrew"},{"floor":29.0,"key":"Strength Potion"},{"floor":33.0,"key":"hermit:Tonic"},{"floor":39.0,"key":"SteroidPotion"},{"floor":42.0,"key":"SkillPotion"},{"floor":48.0,"key":"Ancient Potion"}],"is_trial":false,"path_per_floor":["M","?","$","M","?","R","$","?","T","M","M","?","R","?","R","B",null,"M","M","?","?","M","R","M","$","T","R","?","M","R","M","R","B",null,"M","?","$","M","M","M","R","E","T","T","M","R","?","M","R","B",null],"character_chosen":"HERMIT","items_purchased":["hermit:Combo","hermit:TakeAim","hermit:Ricochet","Blind"],"campfire_rested":6,"item_purchase_floors":[3,25,37,37],"current_hp_per_floor":[81,70,70,59,59,59,59,59,59,59,59,59,59,59,59,44,82,77,77,77,77,65,65,44,44,44,68,68,25,49,24,48,44,82,79,79,79,39,62,36,60,60,60,60,53,77,77,46,70,13],"gold":19,"neow_bonus":"TEN_PERCENT_HP_BONUS","is_daily":false,"chose_seed":false,"campfire_upgraded":4,"win_rate":0.0,"timestamp":1612033762,"path_taken":["M","?","$","M","?","R","$","?","T","?","M","?","R","?","R","BOSS","M","M","?","?","M","R","?","$","T","R","?","M","R","M","R","BOSS","M","?","$","M","M","M","R","E","T","?","?","R","?","M","R","BOSS"],"items_purchased_type":["Card","Card","Card","Card"],"build_version":"2020-12-22","purchased_purges":2,"victory":true,"max_hp_per_floor":[82,82,82,82,82,82,82,82,82,82,82,82,82,82,82,82,82,82,82,82,82,82,82,82,82,82,82,82,82,82,82,82,82,82,82,82,82,82,82,82,82,82,82,82,82,82,82,82,82,82],"card_choices":[{"not_picked":["hermit:ItchyTrigger","hermit:Manifest"],"picked":"hermit:Dive","floor":1.0},{"not_picked":["hermit:SprayPray","hermit:LowProfile"],"picked":"hermit:Vantage","floor":4.0},{"not_picked":["hermit:Showdown","hermit:FlashPowder"],"picked":"hermit:Coalescence","floor":10.0},{"not_picked":["hermit:RoundhouseKick","hermit:WideOpen"],"picked":"hermit:CalledShot","floor":11.0},{"not_picked":["hermit:RoundhouseKick","hermit:OverwhelmingPower"],"picked":"hermit:BlackWind","floor":16.0},{"not_picked":["hermit:Cheat","hermit:Deadeye"],"picked":"hermit:Snipe+1","floor":18.0},{"not_picked":["hermit:HoleUp","hermit:TakeCover+1"],"picked":"hermit:BigShot+1","floor":19.0},{"not_picked":["hermit:Determination","hermit:Roulette"],"picked":"hermit:Deadeye","floor":22.0},{"not_picked":["hermit:TrackingShot","hermit:NoHoldsBarred"],"picked":"hermit:LuckOfTheDraw","floor":24.0},{"not_picked":["hermit:Desperado","hermit:Brawl+1"],"picked":"hermit:ItchyTrigger","floor":29.0},{"not_picked":["hermit:Vantage","hermit:Quickdraw"],"picked":"hermit:GhostlyPresence","floor":31.0},{"not_picked":["hermit:Adapt","hermit:Purgatory"],"picked":"hermit:Gambit","floor":33.0},{"not_picked":["hermit:Showdown+1","hermit:ItchyTrigger","hermit:Grudge+1"],"picked":"SKIP","floor":35.0},{"not_picked":["hermit:DeadMansHand","hermit:Headshot"],"picked":"hermit:BigShot+1","floor":38.0},{"not_picked":["hermit:FlashPowder","hermit:Misfire"],"picked":"hermit:Enervate","floor":39.0},{"not_picked":["hermit:Dive","hermit:GoldenBullet+1","hermit:Coalescence"],"picked":"SKIP","floor":40.0},{"not_picked":["hermit:Glare+1","hermit:Enervate+1","hermit:Scavenge"],"picked":"SKIP","floor":42.0},{"not_picked":["hermit:ItchyTrigger","hermit:Deadeye"],"picked":"hermit:Headshot+1","floor":45.0},{"not_picked":["hermit:Shortfuse+1","hermit:Grudge","hermit:Malice+1"],"picked":"SKIP","floor":48.0}],"player_experience":995023,"relics_obtained":[{"floor":9.0,"key":"Ornamental Fan"},{"floor":26.0,"key":"War Paint"},{"floor":42.0,"key":"Boot"},{"floor":43.0,"key":"Toy Ornithopter"},{"floor":44.0,"key":"Kunai"}],"event_choices":[{"damage_healed":0.0,"max_hp_gain":0.0,"max_hp_loss":0.0,"gold_gain":75.0,"event_name":"World of Goop","player_choice":"Gather Gold","floor":2.0,"gold_loss":0.0,"damage_taken":11.0},{"damage_healed":0.0,"max_hp_gain":0.0,"max_hp_loss":0.0,"gold_gain":70.0,"event_name":"Golden Wing","player_choice":"Gained Gold","floor":5.0,"gold_loss":0.0,"damage_taken":0.0},{"damage_healed":0.0,"max_hp_gain":0.0,"max_hp_loss":0.0,"gold_gain":0.0,"event_name":"Lab","player_choice":"Got Potions","floor":8.0,"gold_loss":0.0,"damage_taken":0.0},{"damage_healed":0.0,"max_hp_gain":0.0,"max_hp_loss":0.0,"gold_gain":30.0,"event_name":"Dead Adventurer","player_choice":"Searched \u00271\u0027 times","floor":12.0,"gold_loss":0.0,"damage_taken":0.0},{"damage_healed":0.0,"max_hp_gain":0.0,"max_hp_loss":0.0,"gold_gain":0.0,"cards_transformed":["hermit:Strike_Hermit"],"event_name":"Living Wall","player_choice":"Change","floor":14.0,"gold_loss":0.0,"damage_taken":0.0,"cards_obtained":["hermit:HighNoon"]},{"cards_removed":["hermit:Strike_Hermit"],"damage_healed":0.0,"max_hp_gain":0.0,"max_hp_loss":0.0,"gold_gain":0.0,"event_name":"Beggar","player_choice":"Gave Gold","floor":20.0,"gold_loss":75.0,"damage_taken":0.0},{"damage_healed":0.0,"max_hp_gain":0.0,"max_hp_loss":0.0,"gold_gain":0.0,"event_name":"WeMeetAgain","player_choice":"Paid Gold","floor":21.0,"gold_loss":73.0,"damage_taken":0.0,"relics_obtained":["Pantograph"]},{"cards_removed":["hermit:Defend_Hermit"],"damage_healed":0.0,"max_hp_gain":0.0,"max_hp_loss":0.0,"gold_gain":0.0,"event_name":"Back to Basics","player_choice":"Elegance","floor":28.0,"gold_loss":0.0,"damage_taken":0.0},{"cards_removed":["hermit:HighNoon"],"damage_healed":0.0,"max_hp_gain":0.0,"max_hp_loss":0.0,"gold_gain":0.0,"event_name":"Falling","player_choice":"Removed Power","floor":36.0,"gold_loss":0.0,"damage_taken":0.0},{"damage_healed":0.0,"max_hp_gain":0.0,"max_hp_loss":0.0,"gold_gain":0.0,"event_name":"Tomb of Lord Red Mask","player_choice":"Paid","floor":47.0,"gold_loss":145.0,"damage_taken":0.0,"relics_obtained":["Red Mask"]}],"is_beta":false,"boss_relics":[{"not_picked":["SlaversCollar","hermit:ClaspedLocket"],"picked":"Cursed Key"},{"not_picked":["Coffee Dripper","SacredBark"],"picked":"Empty Cage"}],"items_purged_floors":[3,7],"is_endless":false,"potions_floor_spawned":[4,11,19,22,29,33,39,42,48],"ascension_level":4}}