{"host":"zrtolk9726p85qr7","time":1612023073,"event":{"mods":["BaseMod","BetterRewards","Colored Powertips","Minty Spire (QoL Compilation)","Permanent Neow","Quick Restart","Spire Arcade","StSLib","The Animator","The Necromancer","The Wild Card"],"gold_per_floor":[114,125,125,145,162,162,196,211,237,237,237,251,322,340,340,439,439,458,475,475,400,419,419,123,154,154,3,15,32,46,62,62,161,161,179,197,2,2,12,30,43,43,118,118,68,68,79,96,96,96,96],"floor_reached":50,"language":"ENG","playtime":2585,"items_purged":["Strike_G","Acrobatics+1"],"score":497,"play_id":"0687cb19-fd46-4dbf-a532-cf51c165c01c","local_time":"20210130171113","is_ascension_mode":false,"campfire_choices":[{"floor":6.0,"key":"REST"},{"floor":15.0,"key":"REST"},{"floor":23.0,"key":"RECALL"},{"floor":32.0,"key":"REST"},{"data":"Poisoned Stab","floor":42,"key":"SMITH"},{"floor":44,"key":"REST"},{"data":"Summon_Death_Knight","floor":46,"key":"SMITH"},{"floor":49,"key":"REST"}],"circlet_count":0,"master_deck":["Strike_G","Strike_G","Strike_G","Strike_G","Defend_G","Defend_G+1","Defend_G","Defend_G","Survivor","Neutralize","Poisoned Stab","Dagger Spray","Poisoned Stab","Poisoned Stab+1","Dagger Spray","Corpse Explosion+1","Dagger Spray+1","Bouncing Flask+1","Deadly Poison+1","Poisoned Stab+1","theWildCard:Scathach+1","SignatureMove+1","Summon_Death_Knight+1","Metamorphosis+1","Summon_Death_Knight","Negative_Energy_Shield+1","Beam Cell+1","Parasite","Deflect+1","animator:SwordMaiden+1","Cloak And Dagger+1"],"relics":["Ring of the Snake","Meat on the Bone","Toxic Egg 2","WristBlade","Sling","Anchor","Pocketwatch","PrismaticShard","Black Star","Shuriken"],"acts_visited":["Exordium","TheCity","TheBeyond"],"potions_floor_usage":[50,50],"damage_taken":[{"damage":13.0,"enemies":"Jaw Worm","floor":1.0,"turns":4.0},{"damage":0.0,"enemies":"Cultist","floor":2.0,"turns":3.0},{"damage":0.0,"enemies":"2 Louse","floor":4.0,"turns":2.0},{"damage":5.0,"enemies":"Blue Slaver","floor":5.0,"turns":4.0},{"damage":31.0,"enemies":"Lagavulin","floor":7.0,"turns":9.0},{"damage":19.0,"enemies":"Gremlin Gang","floor":8.0,"turns":5.0},{"damage":0.0,"enemies":"Large Slime","floor":12.0,"turns":5.0},{"damage":1.0,"enemies":"Exordium Thugs","floor":14.0,"turns":5.0},{"damage":35.0,"enemies":"Slime Boss","floor":16.0,"turns":10.0},{"damage":20.0,"enemies":"2 Thieves","floor":18.0,"turns":2.0},{"damage":22.0,"enemies":"Spheric Guardian","floor":19.0,"turns":4.0},{"damage":12.0,"enemies":"Snecko","floor":22.0,"turns":4.0},{"damage":38.0,"enemies":"Slavers","floor":25.0,"turns":3.0},{"damage":10.0,"enemies":"Snake Plant","floor":28.0,"turns":4.0},{"damage":0.0,"enemies":"Chosen and Byrds","floor":29.0,"turns":5.0},{"damage":0.0,"enemies":"Snecko","floor":30.0,"turns":3.0},{"damage":7.0,"enemies":"Centurion and Healer","floor":31.0,"turns":3.0},{"damage":43.0,"enemies":"Champ","floor":33.0,"turns":9.0},{"damage":28.0,"enemies":"Orb Walker","floor":35.0,"turns":4.0},{"damage":0.0,"enemies":"3 Shapes","floor":36.0,"turns":5.0},{"damage":11.0,"enemies":"Maw","floor":39.0,"turns":9.0},{"damage":15,"enemies":"Spire Growth","floor":40,"turns":6},{"damage":1,"enemies":"Writhing Mass","floor":41,"turns":5},{"damage":20,"enemies":"Jaw Worm Horde","floor":47,"turns":6},{"damage":13,"enemies":"Sphere and 2 Shapes","floor":48,"turns":5},{"damage":73,"enemies":"Awakened One","floor":50,"turns":7}],"seed_played":"-4007053270801849442","potions_obtained":[{"floor":1.0,"key":"BlessingOfTheForge"},{"floor":5.0,"key":"PowerPotion"},{"floor":12.0,"key":"BlessingOfTheForge"},{"floor":16.0,"key":"Fire Potion"},{"floor":29.0,"key":"Energy Potion"},{"floor":30.0,"key":"Energy Potion"},{"floor":31.0,"key":"SneckoOil"},{"floor":35.0,"key":"LiquidBronze"},{"floor":39.0,"key":"ColorlessPotion"},{"floor":47,"key":"SpeedPotion"}],"is_trial":false,"path_per_floor":["M","M","?","M","M","R","E","M","T","$","?","M","T","M","R","B",null,"M","M","?","$","M","R","$","E","T","$","M","M","M","M","R","B",null,"M","M","$","?","M","M","M","R","T","R","$","R","M","M","R","B"],"character_chosen":"THE_SILENT","items_purchased":["Sling","Deadly Poison+1","PrismaticShard","Metamorphosis+1","Deflect+1"],"campfire_rested":5,"item_purchase_floors":[24,24,27,37,45],"current_hp_per_floor":[64,64,64,64,59,77,46,39,39,39,24,36,36,47,70,47,77,57,47,47,47,47,47,47,21,21,21,23,35,47,40,63,32,77,49,49,49,49,50,47,46,46,46,69,69,69,49,48,71,0,0],"gold":96,"neow_bonus":"TEN_PERCENT_HP_BONUS","is_daily":false,"chose_seed":false,"campfire_upgraded":2,"win_rate":0.0,"timestamp":1612023073,"path_taken":["M","M","?","M","M","R","E","?","T","?","?","M","?","M","R","BOSS","M","?","?","$","M","R","?","E","T","$","M","M","M","M","R","BOSS","M","M","$","?","M","M","M","R","T","R","?","R","M","M","R","BOSS"],"items_purchased_type":["Relic","Card","Relic","Card","Card"],"build_version":"2020-12-22","purchased_purges":2,"victory":false,"max_hp_per_floor":[77,77,77,77,77,77,77,77,77,77,77,77,77,77,77,77,77,77,77,77,77,77,77,77,77,77,77,77,77,77,77,77,77,77,77,77,77,77,77,77,77,77,77,77,77,77,77,77,77,77,77],"card_choices":[{"not_picked":["Choke","Prepared"],"picked":"Poisoned Stab","floor":1.0},{"not_picked":["Acrobatics","Leg Sweep","Slice"],"picked":"SKIP","floor":2.0},{"not_picked":["Backflip","Outmaneuver"],"picked":"Dagger Spray","floor":4.0},{"not_picked":["Wraith Form v2","Dagger Throw","Choke"],"picked":"SKIP","floor":5.0},{"not_picked":["Caltrops","Flying Knee"],"picked":"Poisoned Stab","floor":7.0},{"not_picked":["Dagger Spray","Caltrops"],"picked":"Poisoned Stab","floor":8.0},{"not_picked":["Setup","Quick Slash","PiercingWail"],"picked":"SKIP","floor":12.0},{"not_picked":["Tools of the Trade","Flying Knee"],"picked":"Dagger Spray","floor":14.0},{"not_picked":["Die Die Die","Malaise+1"],"picked":"Corpse Explosion+1","floor":16.0},{"not_picked":["Poisoned Stab","Bane"],"picked":"Dagger Spray+1","floor":18.0},{"not_picked":["Predator","Accuracy"],"picked":"Bouncing Flask+1","floor":19.0},{"not_picked":["Sucker Punch","Bouncing Flask+1"],"picked":"Acrobatics+1","floor":22.0},{"not_picked":["Caltrops","Dagger Throw+1"],"picked":"Poisoned Stab","floor":25.0},{"not_picked":["animator:YunYun+1","Spectral_Armor+1"],"picked":"theWildCard:Scathach+1","floor":28.0},{"not_picked":["Cloak And Dagger+1","animator:Evileye+1"],"picked":"SignatureMove+1","floor":29.0},{"not_picked":["Hyperbeam","Bone_Bullets","Warcry+1"],"picked":"SKIP","floor":30.0},{"not_picked":["FollowUp","animator:Lancer","JustLucky"],"picked":"SKIP","floor":31.0},{"not_picked":["animator:TakanashiRikka+1","Venomology+1"],"picked":"Summon_Death_Knight","floor":33.0},{"not_picked":["Backflip+1","Dash+1","Pandemic+1"],"picked":"SKIP","floor":35.0},{"not_picked":["animator:Mitsurugi+1","Worship+1","Turbo+1"],"picked":"SKIP","floor":36.0},{"not_picked":["JustLucky","animator:Guy+1"],"picked":"Negative_Energy_Shield+1","floor":39.0},{"not_picked":["Vampiric_Strike+1","animator:Demiurge+1"],"picked":"Beam Cell+1","floor":40},{"not_picked":["Turbo+1","Outmaneuver+1","animator:GazelDwargon"],"picked":"SKIP","floor":41},{"not_picked":["animator:Jibril","Leg Sweep+1"],"picked":"animator:SwordMaiden+1","floor":47},{"not_picked":["animator:ElricEdward+1","Loop+1"],"picked":"Cloak And Dagger+1","floor":48}],"player_experience":128464,"relics_obtained":[{"floor":7.0,"key":"Meat on the Bone"},{"floor":13.0,"key":"Toxic Egg 2"},{"floor":25.0,"key":"Anchor"},{"floor":26.0,"key":"Pocketwatch"},{"floor":43,"key":"Shuriken"}],"event_choices":[{"damage_healed":0.0,"max_hp_gain":0.0,"max_hp_loss":0.0,"gold_gain":0.0,"event_name":"NoteForYourself","player_choice":"Ignored","floor":3.0,"gold_loss":0.0,"damage_taken":0.0},{"damage_healed":0.0,"max_hp_gain":0.0,"max_hp_loss":0.0,"gold_gain":0.0,"event_name":"Shining Light","player_choice":"Entered Light","floor":11.0,"gold_loss":0.0,"damage_taken":15.0,"cards_upgraded":["Defend_G","Poisoned Stab"]},{"cards_removed":["Defend_G"],"damage_healed":0.0,"max_hp_gain":0.0,"max_hp_loss":0.0,"gold_gain":0.0,"event_name":"Purifier","player_choice":"Purged","floor":20.0,"gold_loss":0.0,"damage_taken":0.0},{"damage_healed":0.0,"max_hp_gain":0.0,"max_hp_loss":0.0,"gold_gain":0.0,"event_name":"Duplicator","player_choice":"Copied","floor":38.0,"gold_loss":0.0,"damage_taken":0.0,"cards_obtained":["Summon_Death_Knight"]}],"is_beta":false,"boss_relics":[{"not_picked":["Busted Crown","Philosopher\u0027s Stone"],"picked":"WristBlade"},{"not_picked":["Empty Cage","Sozu"],"picked":"Black Star"}],"items_purged_floors":[21,24],"is_endless":false,"potions_floor_spawned":[1,5,12,16,29,30,31,35,39,47],"killed_by":"Awakened One","ascension_level":0}}