{"host":"q6r63elxu27obe7v","time":1612037585,"event":{"mods":["2.2 Compatiblity","AchievementEnabler","BaseMod","CapriCore","DeckTracker","Keyboard Shortcuts","Minty Spire (QoL Compilation)","Permanent Neow","Quick Restart","StSLib","SuperFastMode","¡¼?Úª?ø«¡½REMEMod"],"gold_per_floor":[117,117,117,129,149,177,177,195,218,238,250,250,250],"floor_reached":12,"language":"KOR","playtime":539,"items_purged":[],"score":82,"play_id":"a5f44276-ae49-4cc6-bb8b-4475720a3e16","local_time":"20210131051305","is_ascension_mode":false,"campfire_choices":[{"floor":7,"key":"RECALL"}],"circlet_count":0,"master_deck":["Strike_B","Strike_B","Strike_B","Strike_B","Defend_B","Defend_B","Defend_B","Defend_B","Zap","Dualcast","Coolheaded","White Noise","BootSequence","Capacitor","Loop","Steam","Steam","Chill"],"relics":["Cracked Core","REME_ComplimentaryCards","Oddly Smooth Stone","Orichalcum"],"acts_visited":["Exordium"],"potions_floor_usage":[12,12,12],"damage_taken":[{"damage":5,"enemies":"Jaw Worm","floor":1,"turns":6},{"damage":7,"enemies":"2 Louse","floor":4,"turns":4},{"damage":6,"enemies":"Cultist","floor":5,"turns":5},{"damage":21,"enemies":"Lagavulin","floor":6,"turns":11},{"damage":4,"enemies":"Blue Slaver","floor":8,"turns":4},{"damage":7,"enemies":"3 Louse","floor":10,"turns":6},{"damage":9,"enemies":"Exordium Thugs","floor":11,"turns":6},{"damage":24,"enemies":"Gremlin Nob","floor":12,"turns":3}],"seed_played":"-7978701788661700243","potions_obtained":[{"floor":1,"key":"DistilledChaos"},{"floor":6,"key":"SkillPotion"},{"floor":10,"key":"EssenceOfSteel"},{"floor":11,"key":"Swift Potion"}],"is_trial":false,"path_per_floor":["M","?","?","M","M","E","R","M","T","M","M","E"],"character_chosen":"DEFECT","items_purchased":[],"campfire_rested":0,"item_purchase_floors":[],"current_hp_per_floor":[70,67,67,60,54,33,33,29,29,22,13,0,0],"gold":250,"neow_bonus":"THREE_CARDS","is_daily":false,"chose_seed":false,"campfire_upgraded":0,"win_rate":0.0,"timestamp":1612037585,"path_taken":["M","?","?","?","M","E","R","M","T","M","M","E"],"items_purchased_type":[],"build_version":"2020-12-22","purchased_purges":0,"victory":false,"max_hp_per_floor":[75,75,75,75,75,75,75,75,75,75,75,75,75],"card_choices":[{"not_picked":["Barrage","REME_Whirling"],"picked":"Coolheaded","floor":0},{"not_picked":["Storm","Doom and Gloom"],"picked":"White Noise","floor":1},{"not_picked":["Aggregate","Go for the Eyes"],"picked":"BootSequence","floor":4},{"not_picked":["Steam","Blizzard"],"picked":"Capacitor","floor":5},{"not_picked":["Self Repair","Reprogram"],"picked":"Loop","floor":6},{"not_picked":["Ball Lightning","REME_Whirling"],"picked":"Steam","floor":8},{"not_picked":["Leap","Turbo"],"picked":"Steam","floor":10},{"not_picked":["REME_Whirling","Reprogram"],"picked":"Chill","floor":11}],"player_experience":60413,"relics_obtained":[{"floor":6,"key":"Orichalcum"}],"event_choices":[{"damage_healed":0,"gold_gain":0,"player_choice":"Fled","damage_taken":3,"max_hp_gain":0,"max_hp_loss":0,"event_name":"Scrap Ooze","floor":2,"gold_loss":0},{"damage_healed":0,"gold_gain":0,"player_choice":"Gave Potion","damage_taken":0,"relics_obtained":["Oddly Smooth Stone"],"max_hp_gain":0,"max_hp_loss":0,"event_name":"WeMeetAgain","floor":3,"gold_loss":0}],"is_beta":false,"boss_relics":[],"items_purged_floors":[],"is_endless":false,"potions_floor_spawned":[1,6,10,11],"killed_by":"Gremlin Nob","ascension_level":0}}