{"host":"Jinnai","time":1612046740,"event":{"mods":["BaseMod","Bestiary","Block Reminder","Colored Map","Colored Powertips","Highlight Path","Minty Spire (QoL Compilation)","Quick Restart","Relic Stats","StSLib"],"gold_per_floor":[109,122,137,150,161,196,196,224,269,15,31,96,96,111,111,111,111],"floor_reached":16,"language":"ENG","playtime":3056,"items_purged":[],"score":228,"play_id":"ba2f0b01-b682-4620-8810-0b2fca94c6db","local_time":"20210130174540","is_ascension_mode":true,"campfire_choices":[{"floor":7,"key":"REST"},{"floor":13,"key":"REST"},{"data":"Blade Dance","floor":15,"key":"SMITH"}],"circlet_count":0,"master_deck":["AscendersBane","Strike_G","Strike_G","Strike_G","Strike_G","Strike_G","Defend_G","Defend_G","Defend_G","Survivor","Neutralize","Crippling Poison","Dagger Spray","Finisher","Blade Dance+1","Sucker Punch","Acrobatics","Heel Hook","Doppelganger+1","PiercingWail+1","Dagger Throw","Footwork","Slice+1"],"relics":["Ring of the Snake","Art of War","The Courier","War Paint","Medical Kit","Lantern","Molten Egg 2"],"acts_visited":["Exordium"],"potions_floor_usage":[6,8],"damage_taken":[{"damage":4,"enemies":"Cultist","floor":1,"turns":3},{"damage":0,"enemies":"Small Slimes","floor":2,"turns":2},{"damage":0,"enemies":"Jaw Worm","floor":3,"turns":1},{"damage":12,"enemies":"3 Louse","floor":4,"turns":2},{"damage":0,"enemies":"2 Fungi Beasts","floor":5,"turns":3},{"damage":13,"enemies":"3 Sentries","floor":6,"turns":4},{"damage":25,"enemies":"Lagavulin","floor":8,"turns":5},{"damage":3,"enemies":"Large Slime","floor":11,"turns":4},{"damage":10,"enemies":"3 Sentries","floor":12,"turns":5},{"damage":5,"enemies":"Lots of Slimes","floor":14,"turns":4},{"damage":25,"enemies":"Hexaghost","floor":16,"turns":9}],"seed_played":"-4314867819413804082","potions_obtained":[{"floor":2,"key":"PowerPotion"},{"floor":4,"key":"DistilledChaos"}],"is_trial":false,"path_per_floor":["M","M","M","M","M","E","R","E","T","$","M","?","R","M","R","B"],"character_chosen":"THE_SILENT","items_purchased":["Medical Kit","Lantern"],"campfire_rested":2,"item_purchase_floors":[10,10],"current_hp_per_floor":[55,55,55,43,43,30,48,23,23,23,20,10,28,23,23,0,0],"gold":111,"neow_bonus":"TRANSFORM_TWO_CARDS","is_daily":false,"chose_seed":false,"campfire_upgraded":1,"win_rate":0.0,"timestamp":1612046740,"path_taken":["M","M","M","M","?","E","R","E","T","$","?","?","R","M","R","BOSS"],"items_purchased_type":["Relic","Relic"],"build_version":"2020-12-18","purchased_purges":0,"victory":false,"max_hp_per_floor":[60,60,60,60,60,60,60,60,60,60,60,60,60,60,60,60,60],"relic_stats":{"counters":[11,42],"Art of War":[2],"War Paint":["Doppelganger","PiercingWail"],"Medical Kit":[4],"obtain_stats":[{"Lantern":10,"Molten Egg 2":12,"The Courier":8,"Art of War":6,"War Paint":9,"Medical Kit":10,"Ring of the Snake":0},{"Lantern":7,"Molten Egg 2":9,"The Courier":7,"Art of War":6,"War Paint":7,"Medical Kit":7,"Ring of the Snake":0},{"Lantern":20,"Molten Egg 2":29,"The Courier":20,"Art of War":15,"War Paint":20,"Medical Kit":20,"Ring of the Snake":0}],"Ring of the Snake":[22]},"card_choices":[{"not_picked":["Slice","Deadly Poison"],"picked":"Finisher","floor":1},{"not_picked":["PiercingWail","Poisoned Stab"],"picked":"Blade Dance","floor":2},{"not_picked":["Backflip","Heel Hook"],"picked":"Sucker Punch","floor":3},{"not_picked":["Prepared","Deadly Poison"],"picked":"Acrobatics","floor":4},{"not_picked":["Crippling Poison","Bouncing Flask"],"picked":"Heel Hook","floor":5},{"not_picked":["Blur","Heel Hook"],"picked":"Doppelganger","floor":6},{"not_picked":["Dagger Spray","Blur"],"picked":"PiercingWail","floor":8},{"not_picked":["Prepared","Deflect"],"picked":"Dagger Throw","floor":11},{"not_picked":["Cloak And Dagger","Doppelganger"],"picked":"Footwork","floor":12},{"not_picked":["Outmaneuver","Backflip"],"picked":"Slice+1","floor":14}],"player_experience":1608386,"relics_obtained":[{"floor":6,"key":"Art of War"},{"floor":8,"key":"The Courier"},{"floor":9,"key":"War Paint"},{"floor":12,"key":"Molten Egg 2"}],"event_choices":[{"damage_healed":0,"gold_gain":0,"player_choice":"Searched \u00272\u0027 times","damage_taken":0,"max_hp_gain":0,"max_hp_loss":0,"event_name":"Dead Adventurer","floor":12,"gold_loss":0}],"is_beta":true,"boss_relics":[],"items_purged_floors":[],"is_endless":false,"potions_floor_spawned":[2,4,5],"killed_by":"Hexaghost","ascension_level":20}}