{"host":"xjs3b8lu14idcd3l","time":1612021507,"event":{"mods":["Act Like it!","BaseMod","CapriCore","Friendly Minions","Gensokyo","Kiyohime£®«Âºß£©","Koishi","Marisa£®ÏF”Í°°ƒß¿Ì…≥£©","Minty Spire (QoL Compilation)","Prisma Mod","Reimu£®≤©¿ˆ¡È√Œ£©","Remilia£®¿Ÿ√◊¿Ú—«£©","Replay The Spire","StSLib","The Administrix","The Immortal","The Servant 0.9.4","Youmu£®ªÍ∆«—˝√Œ£©","Yuyuko"],"gold_per_floor":[10,28,28,43,18,50,50,50,50],"floor_reached":8,"language":"ZHS","playtime":498,"items_purged":[],"score":61,"play_id":"bb358c34-e311-41cf-87a2-232544fc87b3","local_time":"20210130234507","is_ascension_mode":true,"campfire_choices":[{"floor":7,"key":"REST"}],"circlet_count":0,"master_deck":["KiyohimeMod:Strike","KiyohimeMod:Strike","KiyohimeMod:Strike","KiyohimeMod:Strike","KiyohimeMod:Defend","KiyohimeMod:Defend","KiyohimeMod:Defend","KiyohimeMod:Defend","KiyohimeMod:Track+1","KiyohimeMod:FlameKiss","KiyohimeMod:Shapeshift","KiyohimeMod:ImaginaryAround","KiyohimeMod:BlueBlackKey","Injury","KiyohimeMod:CastleOfTheSun","KiyohimeMod:Berserker","KiyohimeMod:FirstPremonition"],"relics":["KiyohimeMod:FireDragon","Turnip","Replay:Bottled Eggs","Replay:Bottled Snecko"],"acts_visited":["Gensokyo:Gensokyo"],"potions_floor_usage":[6,8],"damage_taken":[{"damage":13,"enemies":"Gensokyo:Gryphon","floor":1,"turns":4},{"damage":0,"enemies":"Gensokyo:2_Kodama","floor":2,"turns":5},{"damage":5,"enemies":"Gensokyo:3_Fairies","floor":4,"turns":5},{"damage":14,"enemies":"Gensokyo:Cirno","floor":6,"turns":9},{"damage":49,"enemies":"Gensokyo:Mamizou","floor":8,"turns":10}],"seed_played":"7101035735280607431","potions_obtained":[{"floor":1,"key":"EssenceOfSteel"},{"floor":6,"key":"Dexterity Potion"}],"is_trial":false,"path_per_floor":["M","M","?","M","$","E","R","E"],"character_chosen":"Kiyohime","items_purchased":["KiyohimeMod:Berserker"],"campfire_rested":1,"item_purchase_floors":[5],"current_hp_per_floor":[47,47,47,42,42,28,46,0,0],"gold":50,"neow_bonus":"ONE_RARE_RELIC","is_daily":false,"chose_seed":false,"campfire_upgraded":0,"win_rate":0.0,"timestamp":1612021507,"path_taken":["M","M","?","?","?","E","R","E"],"items_purchased_type":["Card"],"build_version":"2020-12-22","purchased_purges":0,"victory":false,"max_hp_per_floor":[60,60,60,60,60,60,60,60,60],"card_choices":[{"not_picked":["KiyohimeMod:Tenacious","KiyohimeMod:AgainstMagic"],"picked":"KiyohimeMod:ImaginaryAround","floor":1},{"not_picked":["KiyohimeMod:GreenBlackKey","KiyohimeMod:Preemptive"],"picked":"KiyohimeMod:BlueBlackKey","floor":2},{"not_picked":["KiyohimeMod:RedBlackKey","KiyohimeMod:SteelTraining"],"picked":"KiyohimeMod:CastleOfTheSun","floor":4},{"not_picked":["KiyohimeMod:SteelTraining","KiyohimeMod:BlueBlackKey"],"picked":"KiyohimeMod:FirstPremonition","floor":6}],"player_experience":189188,"relics_obtained":[{"floor":6,"key":"Replay:Bottled Snecko"}],"event_choices":[],"is_beta":false,"boss_relics":[],"items_purged_floors":[],"is_endless":false,"potions_floor_spawned":[1,6],"killed_by":"Gensokyo:Mamizou","ascension_level":2}}