{"host":"b5jaqh8y266k2cz4","time":1612042006,"event":{"mods":["AchievementEnabler","Aspiration","BaseMod","Colored Powertips","Conspire","Downfall","Googly Eyes","Hermit","Highlight Path","Hubris","Infinite Spire","MarisaÅiñ∂âJÅ@ñÇóùçπÅj","Mimic Mod","Minty Spire (QoL Compilation)","Replay The Spire","SOSÅiézîb?îVéqÅj","Spikes Relics","StSLib","Synergy Search","The Animator","The Cursed","The Jungle","The Necromancer","The Servant 0.9.4","The Wild Card","slay the spire mod where everything is the same but ironclad has a cowboy hat","Åyå˜î\ModÅz?ñæìIç≈?Boss"],"gold_per_floor":[117,132,149,165,86,114,114,147,191,116,131,155,155,305,305,434,434,453,453,478,45,72,105,105,105,105],"floor_reached":25,"language":"ENG","playtime":1502,"items_purged":["theWildCard:Amaterasu","theWildCard:Arsene"],"score":269,"play_id":"27c49b59-1485-47d6-b393-c76e9a1040fd","local_time":"20210130162646","is_ascension_mode":true,"campfire_choices":[{"floor":15,"key":"REST"},{"data":"theWildCard:Desolation","floor":24,"key":"SMITH"}],"circlet_count":0,"master_deck":["theWildCard:BasicStrike","theWildCard:BasicStrike","theWildCard:BasicStrike","theWildCard:BasicStrike","theWildCard:BasicDefend","theWildCard:BasicDefend","theWildCard:BasicDefend","theWildCard:BasicDefend","theWildCard:CallToAdventure","theWildCard:Patience","theWildCard:Patience","theWildCard:Abstinence","theWildCard:Desolation+1","theWildCard:CryOfAgony","theWildCard:CryOfAgony","theWildCard:Salvation","theWildCard:SacrificialStroke+1"],"relics":["theWildCard:VelvetContract","Vajra","Golden Idol","infinitespire:Satchel","infinitespire:PuzzleCube","ReplayTheSpireMod:CursedCoin","Empty Cage","infinitespire:CheckeredPen","Lee\u0027s Waffle","Toy Ornithopter","ShockBauble"],"acts_visited":["Exordium","theJungle:Jungle"],"potions_floor_usage":[8,16,16],"damage_taken":[{"damage":0,"enemies":"Small Slimes","floor":1,"turns":4},{"damage":0,"enemies":"2 Louse","floor":2,"turns":3},{"damage":0,"enemies":"Jaw Worm","floor":3,"turns":5},{"damage":12,"enemies":"Exordium Wildlife","floor":4,"turns":10},{"damage":25,"enemies":"Lagavulin","floor":6,"turns":9},{"damage":22,"enemies":"Gremlin Nob","floor":8,"turns":5},{"damage":1,"enemies":"Lots of Slimes","floor":9,"turns":7},{"damage":3,"enemies":"Lots of Slimes","floor":11,"turns":4},{"damage":0,"enemies":"Large Slime","floor":12,"turns":5},{"damage":25,"enemies":"The Guardian","floor":16,"turns":12},{"damage":2,"enemies":"theJungle:Flameango_and_Byrd","floor":18,"turns":3},{"damage":3,"enemies":"theJungle:MUSHROOMGANG","floor":20,"turns":3},{"damage":0,"enemies":"theJungle:MamaSnecko","floor":23,"turns":5},{"damage":58,"enemies":"theJungle:2_Phrogs","floor":25,"turns":7}],"seed_played":"-7670706563360183130","potions_obtained":[{"floor":4,"key":"SkillPotion"},{"floor":6,"key":"bronze:BurnAndBuffPotion"},{"floor":12,"key":"Weak Potion"},{"floor":16,"key":"Languid Potion"},{"floor":18,"key":"Elixir"},{"floor":20,"key":"Adrenaline Potion"}],"is_trial":false,"path_per_floor":["M","M","M","M","$","E","?","E","MIM","$","M","M","?","$","R","B",null,"M","?","M","$","T","E","R","E"],"character_chosen":"THE_WILD_CARD","items_purchased":["theWildCard:Abstinence","ReplayTheSpireMod:CursedCoin","theWildCard:SacrificialStroke+1","infinitespire:CheckeredPen","Lee\u0027s Waffle"],"campfire_rested":1,"item_purchase_floors":[5,14,21,21,21],"current_hp_per_floor":[60,60,60,60,60,53,38,22,33,33,30,30,30,25,43,18,60,58,58,55,67,67,67,67,9,9],"gold":105,"neow_bonus":"ONE_RANDOM_RARE_CARD","is_daily":false,"chose_seed":false,"campfire_upgraded":1,"win_rate":0.0,"timestamp":1612042006,"path_taken":["M","M","M","M","$","E","?","E","MIM","$","M","M","?","?","R","BOSS","M","?","?","$","?","E","R","E"],"items_purchased_type":["Card","Relic","Card","Relic","Relic"],"build_version":"2020-12-22","purchased_purges":2,"victory":false,"max_hp_per_floor":[60,60,60,60,60,60,60,60,60,60,60,60,60,60,60,60,60,60,60,60,67,67,67,67,67,67],"card_choices":[{"not_picked":["theWildCard:MagicMettle","theWildCard:MaskChange"],"picked":"theWildCard:PowerOfTheArcana","floor":1},{"not_picked":["theWildCard:SeveringSlash","theWildCard:StingingStrike"],"picked":"theWildCard:Patience","floor":2},{"not_picked":["theWildCard:StalwartBlade","theWildCard:BladeOfGenerations"],"picked":"theWildCard:Patience","floor":3},{"not_picked":["theWildCard:Patience","theWildCard:EnergyTheft"],"picked":"theWildCard:MagicalMight","floor":4},{"not_picked":["theWildCard:EnergyTheft","theWildCard:BladeOfGenerations","theWildCard:EnergizedStroke"],"picked":"SKIP","floor":6},{"not_picked":["theWildCard:MagicalMight","theWildCard:SeveringSlash"],"picked":"theWildCard:Desolation","floor":8},{"not_picked":["theWildCard:Sakuya","theWildCard:StingingStrike"],"picked":"theWildCard:CryOfAgony","floor":9},{"not_picked":["theWildCard:StingingStrike","theWildCard:Michael","theWildCard:Proficiency"],"picked":"SKIP","floor":11},{"not_picked":["theWildCard:Michael","theWildCard:Sakuya"],"picked":"theWildCard:CryOfAgony","floor":12},{"not_picked":["theWildCard:Providence","theWildCard:BladeOfGenerations"],"picked":"theWildCard:Salvation","floor":18},{"not_picked":["theWildCard:Polydeuces","theWildCard:StingingStrike","theWildCard:ArcaneArts"],"picked":"SKIP","floor":20},{"not_picked":["theWildCard:PowerOfTheArcana","theWildCard:Loki+1","theWildCard:ArcaneArts"],"picked":"SKIP","floor":23}],"player_experience":330205,"relics_obtained":[{"floor":6,"key":"Vajra"},{"floor":8,"key":"infinitespire:Satchel"},{"floor":9,"key":"infinitespire:PuzzleCube"},{"floor":22,"key":"Toy Ornithopter"},{"floor":23,"key":"ShockBauble"}],"event_choices":[{"damage_healed":0,"gold_gain":0,"player_choice":"Take Damage","damage_taken":15,"relics_obtained":["Golden Idol"],"max_hp_gain":0,"max_hp_loss":0,"event_name":"Golden Idol","floor":7,"gold_loss":0},{"damage_healed":0,"gold_gain":0,"player_choice":"Disagree","damage_taken":0,"max_hp_gain":0,"max_hp_loss":0,"event_name":"conspire:LoneGhost","floor":13,"gold_loss":0},{"cards_removed":["theWildCard:PowerOfTheArcana"],"damage_healed":0,"gold_gain":0,"player_choice":"Purged","damage_taken":0,"max_hp_gain":0,"max_hp_loss":0,"event_name":"Purifier","floor":19,"gold_loss":0}],"is_beta":false,"boss_relics":[{"not_picked":["Snecko Eye","SlaversCollar"],"picked":"Empty Cage"}],"items_purged_floors":[10,14],"is_endless":false,"potions_floor_spawned":[4,6,12,16,18,20],"killed_by":"theJungle:2_Phrogs","ascension_level":1}}