{"host":"stk82ot58bnorhun","time":1612021606,"event":{"mods":["BaseMod","Colored Powertips","Highlight Path","Minty Spire (QoL Compilation)","Replay The Spire","Shop Mod","StSLib","SuperFastMode"],"gold_per_floor":[117,127,140,152,171,171,240,275,275,275,275],"floor_reached":10,"language":"ZHS","playtime":307,"items_purged":[],"score":70,"play_id":"99bd2f69-3535-46fd-9087-b0d9bc3b6828","local_time":"20210130234646","is_ascension_mode":false,"campfire_choices":[{"data":"Fusion","floor":6.0,"key":"SMITH"}],"circlet_count":0,"master_deck":["Strike_B","Strike_B","Strike_B","Strike_B","Defend_B","Defend_B","Defend_B","Defend_B","Zap","Dualcast","Darkness","Barrage","Reboot","Fusion+1","Loop","Coolheaded"],"relics":["Cracked Core","Chameleon Ring","Bird Faced Urn","Replay:Bottled Steam"],"acts_visited":["Exordium"],"potions_floor_usage":[],"damage_taken":[{"damage":1.0,"enemies":"Cultist","floor":1.0,"turns":3.0},{"damage":15.0,"enemies":"Jaw Worm","floor":2.0,"turns":4.0},{"damage":2.0,"enemies":"Small Slimes","floor":3.0,"turns":3.0},{"damage":7.0,"enemies":"2 Fungi Beasts","floor":4.0,"turns":2.0},{"damage":34.0,"enemies":"Gremlin Gang","floor":5.0,"turns":4.0},{"damage":21.0,"enemies":"Lagavulin","floor":8.0,"turns":6.0},{"damage":2,"enemies":"3 Sentries","floor":10,"turns":1}],"seed_played":"-3003761515207444752","potions_obtained":[{"floor":2.0,"key":"PowerPotion"},{"floor":3.0,"key":"SpeedPotion"},{"floor":8.0,"key":"PotionOfCapacity"}],"is_trial":false,"path_per_floor":["M","M","M","M","M","R","T","E","T","E"],"character_chosen":"DEFECT","items_purchased":[],"campfire_rested":0,"item_purchase_floors":[],"current_hp_per_floor":[81,66,64,57,23,23,23,2,2,0,0],"gold":275,"neow_bonus":"TEN_PERCENT_HP_BONUS","is_daily":false,"chose_seed":false,"campfire_upgraded":1,"win_rate":0.0,"timestamp":1612021606,"path_taken":["M","M","M","?","?","R","?","E","T","E"],"items_purchased_type":[],"build_version":"2020-12-22","purchased_purges":0,"victory":false,"max_hp_per_floor":[82,82,82,82,82,82,82,82,82,82,82],"card_choices":[{"not_picked":["Compile Driver","Conserve Battery"],"picked":"Darkness","floor":1.0},{"not_picked":["Panic Button","Ball Lightning"],"picked":"Barrage","floor":2.0},{"not_picked":["Streamline","ReplayGash"],"picked":"Reboot","floor":3.0},{"not_picked":["BasicCrystalCard","ReplayTheSpireMod:Calculation Training"],"picked":"Fusion","floor":4.0},{"not_picked":["Gash","ReplayGash"],"picked":"Loop","floor":5.0},{"not_picked":["Leap","Blizzard"],"picked":"Coolheaded","floor":8.0}],"player_experience":39175,"relics_obtained":[{"floor":7.0,"key":"Chameleon Ring"},{"floor":8.0,"key":"Bird Faced Urn"},{"floor":9.0,"key":"Replay:Bottled Steam"}],"event_choices":[],"is_beta":false,"boss_relics":[],"items_purged_floors":[],"is_endless":false,"potions_floor_spawned":[2,3,8],"killed_by":"3 Sentries","ascension_level":0}}