{"host":"815dqs41i1y8uxms","time":1612044039,"event":{"mods":["A Penny For Your Troubles","Act Like it!","BaseMod","Dark Map","Elementarium","Fox Events","Minty Spire (QoL Compilation)","Rare Cards Sparkle","Shop Mod","Spire Arcade","StSLib","The Marked"],"gold_per_floor":[110,110,110,110,134,149,165,165,192,208,221,262,274,329,341,353,353],"floor_reached":16,"language":"ENG","playtime":704,"items_purged":[],"score":112,"play_id":"464e41cf-23cb-425b-9677-bae3f4afef15","local_time":"20210130230039","is_ascension_mode":false,"campfire_choices":[{"floor":8,"key":"REST"},{"floor":13,"key":"REST"},{"floor":15,"key":"REST"}],"circlet_count":0,"master_deck":["theMarked:Strike","theMarked:Strike","theMarked:Strike","theMarked:Strike","theMarked:Strike","theMarked:Defend","theMarked:Defend","theMarked:Defend","theMarked:Defend","theMarked:SoldierOfQuellstein+1","theMarked:Indomitable","Injury","theMarked:ChainLightning","theMarked:TheMission","theMarked:BanishingWave","theMarked:TunnelVision","theMarked:Memento","theMarked:DispelDoubt","theMarked:Aftermath"],"relics":["theMarked:ArtifactOfAir","Golden Idol","foxEvents:ScarlettsFace","Orichalcum","MawBank","theMarked:DemonDagger"],"acts_visited":["Exordium"],"potions_floor_usage":[11,12,14,14],"damage_taken":[{"damage":1,"enemies":"Jaw Worm","floor":1,"turns":4},{"damage":11,"enemies":"2 Louse","floor":5,"turns":3},{"damage":7,"enemies":"Small Slimes","floor":6,"turns":3},{"damage":38,"enemies":"Gremlin Gang","floor":7,"turns":4},{"damage":8,"enemies":"Looter","floor":10,"turns":3},{"damage":5,"enemies":"Red Slaver","floor":11,"turns":2},{"damage":14,"enemies":"Lagavulin","floor":12,"turns":6},{"damage":15,"enemies":"Gremlin Nob","floor":14,"turns":4},{"damage":45,"enemies":"Hexaghost","floor":16,"turns":9}],"seed_played":"3206048890383534574","potions_obtained":[{"floor":6,"key":"Energy Potion"},{"floor":7,"key":"Block Potion"},{"floor":10,"key":"BlessingOfTheForge"},{"floor":11,"key":"Block Potion"}],"is_trial":false,"path_per_floor":["M","?","?","?","M","M","M","R","T","M","M","E","R","E","R","B"],"character_chosen":"THE_DEFAULT","items_purchased":[],"campfire_rested":3,"item_purchase_floors":[],"current_hp_per_floor":[69,69,74,74,63,56,18,40,40,32,27,13,35,20,42,0,0],"gold":353,"neow_bonus":"UPGRADE_CARD","is_daily":false,"chose_seed":false,"campfire_upgraded":0,"win_rate":0.0,"timestamp":1612044039,"path_taken":["M","?","?","?","M","M","?","R","T","M","M","E","R","E","R","BOSS"],"items_purchased_type":[],"build_version":"2020-12-22","purchased_purges":0,"victory":false,"max_hp_per_floor":[70,70,75,75,75,75,75,75,75,75,75,75,75,75,75,75,75],"card_choices":[{"not_picked":["theMarked:ResourceFulStrike","theMarked:RogueSparks"],"picked":"theMarked:Indomitable","floor":1},{"not_picked":["theMarked:RepellingDischarge","theMarked:ResourceFulStrike"],"picked":"theMarked:ChainLightning","floor":5},{"not_picked":["theMarked:BanishingStrike","theMarked:SwordAndMagic"],"picked":"theMarked:TheMission","floor":6},{"not_picked":["theMarked:RogueSparks","theMarked:MuscleMemory"],"picked":"theMarked:BanishingWave","floor":7},{"not_picked":["theMarked:SwordAndMagic","theMarked:CreepingChasm"],"picked":"theMarked:TunnelVision","floor":10},{"not_picked":["theMarked:Parkour","theMarked:EmpowerWeapon"],"picked":"theMarked:Memento","floor":11},{"not_picked":["theMarked:Opportunist","theMarked:Improvise"],"picked":"theMarked:DispelDoubt","floor":12},{"not_picked":["theMarked:Electrocute","theMarked:ChainLightning"],"picked":"theMarked:Aftermath","floor":14}],"player_experience":3714910,"relics_obtained":[{"floor":9,"key":"Orichalcum"},{"floor":12,"key":"MawBank"},{"floor":14,"key":"theMarked:DemonDagger"}],"event_choices":[{"damage_healed":0,"gold_gain":0,"player_choice":"Take Wound","damage_taken":0,"relics_obtained":["Golden Idol"],"max_hp_gain":0,"max_hp_loss":0,"event_name":"Golden Idol","floor":2,"gold_loss":0,"cards_obtained":["Injury"]},{"damage_healed":0,"gold_gain":0,"player_choice":"Donut","damage_taken":0,"max_hp_gain":5,"max_hp_loss":0,"event_name":"Big Fish","floor":3,"gold_loss":0},{"damage_healed":0,"gold_gain":0,"player_choice":"Trade","damage_taken":0,"relics_obtained":["foxEvents:ScarlettsFace"],"max_hp_gain":0,"max_hp_loss":0,"event_name":"FaceTrader","floor":4,"gold_loss":0}],"is_beta":false,"boss_relics":[],"items_purged_floors":[],"is_endless":false,"potions_floor_spawned":[6,7,10,11],"killed_by":"Hexaghost","ascension_level":0}}