{"host":"avjwtc49fhlk6kym","time":1612038626,"event":{"mods":["AchievementEnabler","BaseMod","Better Match","Better Note","Better Third Choice","Colored Map","Colored Powertips","Displayed Cursed Tome","Highlight Path","Minty Spire (QoL Compilation)","Permanent Neow","Quick Restart","StSLib"],"gold_per_floor":[114,128,151,76,89,117,134,134,134,134,134,150,181,191,191,293,293,313,65,65,75,91,121,121,132,132,143,143,32,32,42,42,139,139,151,168,183,183,195,195,223,235,247,259,271,283,283],"floor_reached":46,"language":"ENG","playtime":1835,"items_purged":[],"score":532,"play_id":"4cf6e323-2a4a-428b-8847-a3b46e21d3bd","local_time":"20210130153026","is_ascension_mode":false,"campfire_choices":[{"data":"CutThroughFate","floor":8.0,"key":"SMITH"},{"data":"Eruption","floor":11.0,"key":"SMITH"},{"floor":15.0,"key":"REST"},{"floor":24.0,"key":"REST"},{"floor":28.0,"key":"REST"},{"data":"LessonLearned","floor":30.0,"key":"SMITH"},{"data":"CrushJoints","floor":32.0,"key":"SMITH"},{"floor":40,"key":"REST"},{"data":"Wallop","floor":45,"key":"SMITH"}],"circlet_count":0,"master_deck":["Strike_P","Defend_P+1","Defend_P+1","Defend_P+1","Eruption+1","Vigilance+1","BowlingBash","CutThroughFate+1","Conclude+1","Wallop+1","WheelKick","CrushJoints+1","ClearTheMind","Protect","LessonLearned+1","Crescendo+1","Devotion+1","Tantrum+1","ThirdEye","Bandage Up+1","SandsOfTime","Halt","ReachHeaven+1","Enlightenment+1","Prostrate+1","FearNoEvil+1","Establishment+1","Halt+1","ForeignInfluence+1","SandsOfTime+1","Bandage Up+1","PathToVictory+1","ForeignInfluence+1","Madness+1","Madness+1"],"relics":["PureWater","Ginger","MealTicket","Strawberry","Frozen Egg 2","Astrolabe","Damaru","Regal Pillow","Toxic Egg 2","Philosopher\u0027s Stone","MawBank","Blue Candle"],"acts_visited":["Exordium","TheCity","TheBeyond"],"potions_floor_usage":[35,39,41,46],"damage_taken":[{"damage":0.0,"enemies":"Cultist","floor":1.0,"turns":2.0},{"damage":6.0,"enemies":"Jaw Worm","floor":2.0,"turns":3.0},{"damage":0.0,"enemies":"Small Slimes","floor":5.0,"turns":2.0},{"damage":0.0,"enemies":"Gremlin Nob","floor":6.0,"turns":2.0},{"damage":5.0,"enemies":"Red Slaver","floor":7.0,"turns":2.0},{"damage":0.0,"enemies":"2 Fungi Beasts","floor":12.0,"turns":3.0},{"damage":13.0,"enemies":"3 Sentries","floor":13.0,"turns":3.0},{"damage":14.0,"enemies":"Exordium Thugs","floor":14.0,"turns":3.0},{"damage":37.0,"enemies":"Slime Boss","floor":16.0,"turns":10.0},{"damage":29.0,"enemies":"3 Byrds","floor":18.0,"turns":6.0},{"damage":10.0,"enemies":"Chosen","floor":21.0,"turns":4.0},{"damage":13.0,"enemies":"Snake Plant","floor":22.0,"turns":3.0},{"damage":39.0,"enemies":"Book of Stabbing","floor":23.0,"turns":5.0},{"damage":9.0,"enemies":"3 Cultists","floor":25.0,"turns":4.0},{"damage":14.0,"enemies":"Centurion and Healer","floor":27.0,"turns":3.0},{"damage":8.0,"enemies":"Snecko","floor":31.0,"turns":3.0},{"damage":41.0,"enemies":"Champ","floor":33.0,"turns":9.0},{"damage":27,"enemies":"3 Darklings","floor":35,"turns":4},{"damage":26,"enemies":"3 Shapes","floor":36,"turns":7},{"damage":15,"enemies":"Spire Growth","floor":37,"turns":3},{"damage":26,"enemies":"Maw","floor":39,"turns":5},{"damage":11,"enemies":"Giant Head","floor":41,"turns":6},{"damage":86,"enemies":"Nemesis","floor":46,"turns":4}],"seed_played":"-2339059034426408673","potions_obtained":[{"floor":5.0,"key":"FearPotion"},{"floor":6.0,"key":"BlessingOfTheForge"},{"floor":7.0,"key":"Explosive Potion"},{"floor":16.0,"key":"Energy Potion"},{"floor":18.0,"key":"Fire Potion"},{"floor":21.0,"key":"FearPotion"},{"floor":23.0,"key":"SkillPotion"},{"floor":33.0,"key":"PowerPotion"},{"floor":37,"key":"StancePotion"},{"floor":39,"key":"DistilledChaos"},{"floor":41,"key":"Regen Potion"}],"is_trial":false,"path_per_floor":["M","M","T","?","M","E","M","R","T","?","R","M","E","M","R","B",null,"M","$","?","M","M","E","R","M","T","M","R","$","R","M","R","B",null,"M","M","M","?","M","R","E","?","T","?","R","E"],"character_chosen":"WATCHER","items_purchased":["Damaru","Bandage Up","Enlightenment+1","Prostrate+1"],"campfire_rested":4,"item_purchase_floors":[19,19,29,29],"current_hp_per_floor":[51,45,45,45,45,45,40,40,47,47,47,47,34,20,43,6,79,50,65,65,59,50,15,53,44,44,36,74,79,79,71,71,36,79,58,38,29,29,15,53,54,44,44,44,44,0,0],"gold":283,"neow_bonus":"ONE_RARE_RELIC","is_daily":false,"chose_seed":false,"campfire_upgraded":5,"win_rate":0.0,"timestamp":1612038626,"path_taken":["M","M","?","?","M","E","M","R","T","?","R","M","E","?","R","BOSS","M","$","?","M","M","E","R","M","T","M","R","$","R","M","R","BOSS","M","M","M","?","M","R","E","?","T","?","R","E"],"items_purchased_type":["Relic","Card","Card","Card"],"build_version":"2020-12-22","purchased_purges":0,"victory":false,"max_hp_per_floor":[72,72,72,72,72,72,72,72,79,79,79,79,79,79,79,79,79,79,79,79,79,79,79,79,79,79,79,79,79,79,79,79,79,79,79,79,79,79,79,79,79,79,79,79,79,79,79],"card_choices":[{"not_picked":["Nirvana","ForeignInfluence"],"picked":"BowlingBash","floor":1.0},{"not_picked":["Halt","ForeignInfluence"],"picked":"CutThroughFate","floor":2.0},{"not_picked":["Nirvana+1","Worship+1"],"picked":"Conclude+1","floor":4.0},{"not_picked":["DeusExMachina","Evaluate"],"picked":"Wallop","floor":5.0},{"not_picked":["SignatureMove","Pray","WreathOfFlame"],"picked":"SKIP","floor":6.0},{"not_picked":["BowlingBash","WreathOfFlame"],"picked":"WheelKick","floor":7.0},{"not_picked":["Evaluate","ForeignInfluence"],"picked":"CrushJoints","floor":12.0},{"not_picked":["Weave","Prostrate"],"picked":"ClearTheMind","floor":13.0},{"not_picked":["EmptyFist","Adaptation+1"],"picked":"Protect","floor":14.0},{"not_picked":["Ragnarok","Vault"],"picked":"LessonLearned","floor":16.0},{"not_picked":["ForeignInfluence","Weave"],"picked":"ThirdEye","floor":18.0},{"not_picked":["JustLucky","BowlingBash"],"picked":"SandsOfTime","floor":21.0},{"not_picked":["DeceiveReality","CarveReality"],"picked":"FlurryOfBlows","floor":22.0},{"not_picked":["DeceiveReality","InnerPeace+1"],"picked":"Halt","floor":23.0},{"not_picked":["Vengeance","JustLucky","ClearTheMind"],"picked":"SKIP","floor":25.0},{"not_picked":["Weave+1","Halt+1"],"picked":"ReachHeaven","floor":27.0},{"not_picked":["Meditate+1","CutThroughFate"],"picked":"FearNoEvil+1","floor":31.0},{"not_picked":["DeusExMachina+1","DevaForm+1"],"picked":"Establishment+1","floor":33.0},{"not_picked":["SignatureMove+1","ClearTheMind+1"],"picked":"Halt+1","floor":35},{"not_picked":["FollowUp+1","JustLucky+1"],"picked":"ForeignInfluence+1","floor":36},{"not_picked":["Consecrate","Adaptation+1"],"picked":"SandsOfTime+1","floor":37},{"not_picked":["PanicButton+1","Mind Blast"],"picked":"Bandage Up+1","floor":38},{"not_picked":["FollowUp","SignatureMove"],"picked":"PathToVictory+1","floor":39},{"not_picked":["Nirvana+1","FollowUp"],"picked":"ForeignInfluence+1","floor":41}],"player_experience":420723,"relics_obtained":[{"floor":6.0,"key":"MealTicket"},{"floor":9.0,"key":"Strawberry"},{"floor":13.0,"key":"Frozen Egg 2"},{"floor":23.0,"key":"Regal Pillow"},{"floor":26.0,"key":"Toxic Egg 2"},{"floor":41,"key":"MawBank"},{"floor":43,"key":"Blue Candle"}],"event_choices":[{"damage_healed":0.0,"max_hp_gain":0.0,"max_hp_loss":0.0,"gold_gain":0.0,"event_name":"betterMatch:BetterMatch","player_choice":"2","floor":4.0,"gold_loss":0.0,"damage_taken":0.0,"cards_obtained":["betterMatch:UncommonCard"]},{"cards_removed":["Defend_P"],"damage_healed":0.0,"max_hp_gain":0.0,"max_hp_loss":0.0,"gold_gain":0.0,"event_name":"Bonfire Elementals","player_choice":"Offered Basic","floor":10.0,"gold_loss":0.0,"damage_taken":0.0},{"cards_removed":["Defend_P"],"damage_healed":0.0,"max_hp_gain":0.0,"max_hp_loss":0.0,"gold_gain":0.0,"event_name":"betterNote:BetterNote","player_choice":"Give","floor":20.0,"gold_loss":0.0,"damage_taken":0.0,"cards_obtained":["Strike_P"]},{"damage_healed":0,"gold_gain":0,"player_choice":"Memory 1","damage_taken":0,"max_hp_gain":0,"max_hp_loss":0,"event_name":"SensoryStone","floor":38,"gold_loss":0},{"damage_healed":0,"gold_gain":0,"player_choice":"Embrace Madness","damage_taken":10,"max_hp_gain":0,"max_hp_loss":0,"event_name":"Winding Halls","floor":42,"gold_loss":0,"cards_obtained":["Madness","Madness"]},{"cards_removed":["FlurryOfBlows"],"damage_healed":0,"gold_gain":0,"player_choice":"Removed Attack","damage_taken":0,"max_hp_gain":0,"max_hp_loss":0,"event_name":"Falling","floor":44,"gold_loss":0}],"is_beta":false,"boss_relics":[{"not_picked":["Velvet Choker","Coffee Dripper"],"picked":"Astrolabe"},{"not_picked":["Fusion Hammer","Pandora\u0027s Box"],"picked":"Philosopher\u0027s Stone"}],"items_purged_floors":[],"is_endless":false,"potions_floor_spawned":[5,6,7,16,18,21,23,33,37,39,41],"killed_by":"Nemesis","ascension_level":0}}