{"host":"guzbs4v8630hpsy6","time":1612014704,"event":{"mods":["2.2 Compatiblity","AchievementEnabler","BaseMod","Block Reminder","DeckTracker","Highlight Path","Minty Spire (QoL Compilation)","Relic Stats","SuperFastMode"],"gold_per_floor":[210,210,222,237,249,249,260,288,288,288,32,42,59,24,24,100,100,115,115,115,15,15,15,42,42,42,54,392,404,436,468,480,492,492],"floor_reached":33,"language":"ENG","playtime":752,"items_purged":["Strike_B","Strike_B"],"score":470,"play_id":"83f389a8-fdd0-4eea-9305-da3c6e70d4c7","local_time":"20210130215144","is_ascension_mode":true,"campfire_choices":[{"data":"Barrage","floor":6,"key":"SMITH"},{"data":"Static Discharge","floor":10,"key":"SMITH"},{"data":"Compile Driver","floor":15,"key":"SMITH"},{"data":"Consume","floor":23,"key":"SMITH"},{"floor":25,"key":"REST"},{"floor":29,"key":"REST"},{"floor":32,"key":"REST"}],"circlet_count":0,"master_deck":["AscendersBane","Strike_B","Strike_B","Defend_B","Defend_B","Defend_B","Defend_B","Zap","Dualcast","Cold Snap","Go for the Eyes","Barrage+1","Static Discharge+1","Ball Lightning","Melter","Compile Driver+1","Fission","Biased Cognition","Consume+1","Necronomicurse","Capacitor","Electrodynamics","Coolheaded"],"relics":["Cracked Core","Pear","Matryoshka","Runic Capacitor","Nuclear Battery","Necronomicon","Singing Bowl","MawBank","Darkstone Periapt","Old Coin"],"acts_visited":["Exordium","TheCity"],"potions_floor_usage":[4,28,31,31],"damage_taken":[{"damage":0,"enemies":"Small Slimes","floor":1,"turns":3},{"damage":0,"enemies":"Cultist","floor":3,"turns":3},{"damage":0,"enemies":"Jaw Worm","floor":4,"turns":3},{"damage":4,"enemies":"Blue Slaver","floor":5,"turns":3},{"damage":0,"enemies":"Large Slime","floor":7,"turns":4},{"damage":32,"enemies":"3 Sentries","floor":8,"turns":7},{"damage":4,"enemies":"Red Slaver","floor":12,"turns":2},{"damage":24,"enemies":"Gremlin Gang","floor":13,"turns":4},{"damage":16,"enemies":"Hexaghost","floor":16,"turns":5},{"damage":4,"enemies":"Spheric Guardian","floor":18,"turns":3},{"damage":38,"enemies":"Gremlin Leader","floor":24,"turns":6},{"damage":33,"enemies":"Slavers","floor":28,"turns":4},{"damage":9,"enemies":"2 Thieves","floor":30,"turns":3},{"damage":16,"enemies":"Snake Plant","floor":31,"turns":4},{"damage":72,"enemies":"Automaton","floor":33,"turns":6}],"seed_played":"-6703774471491520121","potions_obtained":[{"floor":2,"key":"EssenceOfDarkness"},{"floor":2,"key":"CultistPotion"},{"floor":2,"key":"SkillPotion"},{"floor":5,"key":"DuplicationPotion"},{"floor":30,"key":"SpeedPotion"}],"is_trial":false,"path_per_floor":["M","?","M","M","M","R","M","E","T","R","$","M","M","?","R","B",null,"M","?","?","$","?","R","E","R","T","$","E","R","M","M","R","B"],"character_chosen":"DEFECT","items_purchased":["Runic Capacitor","Melter"],"campfire_rested":3,"item_purchase_floors":[11,11],"current_hp_per_floor":[68,68,68,68,64,64,64,42,42,42,42,38,14,35,35,19,69,65,65,49,49,49,49,11,36,36,36,3,28,21,5,31,0,0],"gold":492,"neow_bonus":"HUNDRED_GOLD","is_daily":false,"chose_seed":false,"campfire_upgraded":4,"win_rate":0.0,"timestamp":1612014704,"path_taken":["M","?","M","M","?","R","M","E","T","R","$","M","M","?","R","BOSS","M","?","?","$","?","R","E","R","T","$","E","R","M","?","R","BOSS"],"items_purchased_type":["Relic","Card"],"build_version":"2020-12-22","purchased_purges":2,"victory":false,"max_hp_per_floor":[75,75,75,75,75,75,75,85,85,85,85,85,85,85,85,85,85,85,85,85,85,85,85,85,85,85,85,85,85,87,87,87,87,87],"relic_stats":{"Darkstone Periapt":0,"Singing Bowl":2,"counters":[15,60],"Necronomicon":[0],"MawBank":84,"obtain_stats":[{"Darkstone Periapt":26,"Pear":8,"Matryoshka":9,"Singing Bowl":24,"Runic Capacitor":11,"Necronomicon":20,"Cracked Core":0,"MawBank":26,"Nuclear Battery":17,"Old Coin":28},{"Darkstone Periapt":11,"Pear":6,"Matryoshka":6,"Singing Bowl":11,"Runic Capacitor":6,"Necronomicon":10,"Cracked Core":0,"MawBank":11,"Nuclear Battery":9,"Old Coin":12},{"Darkstone Periapt":43,"Pear":23,"Matryoshka":23,"Singing Bowl":43,"Runic Capacitor":23,"Necronomicon":37,"Cracked Core":0,"MawBank":43,"Nuclear Battery":34,"Old Coin":47}]},"card_choices":[{"not_picked":["Beam Cell","Redo"],"picked":"Cold Snap","floor":1},{"not_picked":["Conserve Battery","Beam Cell"],"picked":"Go for the Eyes","floor":3},{"not_picked":["Coolheaded","Tempest","Force Field"],"picked":"SKIP","floor":4},{"not_picked":["Chaos","Double Energy"],"picked":"Barrage","floor":5},{"not_picked":["Rebound","Beam Cell"],"picked":"Static Discharge","floor":7},{"not_picked":["Blizzard","Beam Cell"],"picked":"Ball Lightning","floor":8},{"not_picked":["Conserve Battery","Turbo"],"picked":"Compile Driver","floor":12},{"not_picked":["Sweeping Beam","Conserve Battery"],"picked":"Fission","floor":13},{"not_picked":["All For One","Core Surge"],"picked":"Biased Cognition","floor":16},{"not_picked":["Stack+1","Redo","Sunder"],"picked":"SKIP","floor":18},{"not_picked":["Storm","Hologram"],"picked":"Capacitor","floor":24},{"not_picked":["Compile Driver","Hello World"],"picked":"Electrodynamics","floor":28},{"not_picked":["Tempest","Ball Lightning","Barrage"],"picked":"Singing Bowl","floor":30},{"not_picked":["Turbo","Lockon"],"picked":"Coolheaded","floor":31}],"player_experience":554873,"relics_obtained":[{"floor":8,"key":"Pear"},{"floor":9,"key":"Matryoshka"},{"floor":20,"key":"Necronomicon"},{"floor":24,"key":"Singing Bowl"},{"floor":26,"key":"MawBank"},{"floor":26,"key":"Darkstone Periapt"},{"floor":28,"key":"Old Coin"}],"event_choices":[{"damage_healed":0,"gold_gain":0,"player_choice":"Got Potions","damage_taken":0,"max_hp_gain":0,"max_hp_loss":0,"event_name":"Lab","floor":2,"gold_loss":0},{"damage_healed":21,"gold_gain":0,"player_choice":"Healed","damage_taken":0,"max_hp_gain":0,"max_hp_loss":0,"event_name":"The Cleric","floor":14,"gold_loss":35},{"damage_healed":0,"gold_gain":0,"player_choice":"Read","damage_taken":0,"max_hp_gain":0,"max_hp_loss":0,"event_name":"The Library","floor":19,"gold_loss":0,"cards_obtained":["Consume"]},{"damage_healed":0,"gold_gain":0,"player_choice":"Obtained Book","damage_taken":16,"max_hp_gain":0,"max_hp_loss":0,"event_name":"Cursed Tome","floor":20,"gold_loss":0},{"damage_healed":0,"gold_gain":0,"player_choice":"Ignored","damage_taken":0,"max_hp_gain":0,"max_hp_loss":0,"event_name":"N\u0027loth","floor":22,"gold_loss":0}],"is_beta":false,"boss_relics":[{"not_picked":["Black Star","Pandora\u0027s Box"],"picked":"Nuclear Battery"}],"items_purged_floors":[11,21],"is_endless":false,"potions_floor_spawned":[5,7,8,13,16,24,30],"killed_by":"Automaton","ascension_level":13}}