{"host":"hbvn1mkfq2iixsau","time":1612020536,"event":{"mods":["AchievementEnabler","Act Like it!","BaseMod","Better Altar","Better Match","Better Sensory Stone","Better Skull","Better Third Choice","Challenge The Spire","Colored Map","Displayed Cursed Tome","Hermit","Minty Spire (QoL Compilation)","Quick Restart","Relic Stats","Shop Mod","StSLib"],"gold_per_floor":[116,116,116,116,77,77,107,119,119,134,149,179,193,207,207,212,212],"floor_reached":16,"language":"ENG","playtime":874,"items_purged":[],"score":137,"play_id":"b68d0b71-8a0f-41a4-b1e2-f53a4ccd419f","local_time":"20210130172856","is_ascension_mode":false,"campfire_choices":[{"data":"hermit:BigShot","floor":6,"key":"SMITH"},{"data":"hermit:TakeAim","floor":15,"key":"SMITH"}],"circlet_count":0,"master_deck":["hermit:Strike_Hermit","hermit:Strike_Hermit","hermit:Strike_Hermit","hermit:Strike_Hermit","hermit:Defend_Hermit","hermit:Defend_Hermit","hermit:Defend_Hermit","hermit:Defend_Hermit","hermit:Snapshot+1","hermit:Covet","hermit:Misfire","Blind","Reaper","hermit:BigShot+1","hermit:Showdown","hermit:BodyArmor","hermit:CalledShot","hermit:Enervate","hermit:Scavenge","hermit:Quickdraw","hermit:TakeAim+1"],"relics":["hermit:Momento","NeowsBlessing","Kunai","Calipers","hermit:Horseshoe","Boot"],"acts_visited":["Exordium"],"potions_floor_usage":[16],"damage_taken":[{"damage":0,"enemies":"Small Slimes","floor":1,"turns":1},{"damage":0,"enemies":"Lagavulin","floor":7,"turns":1},{"damage":0,"enemies":"Jaw Worm","floor":8,"turns":1},{"damage":5,"enemies":"2 Louse","floor":10,"turns":3},{"damage":9,"enemies":"Large Slime","floor":11,"turns":6},{"damage":8,"enemies":"Gremlin Nob","floor":12,"turns":4},{"damage":0,"enemies":"Looter","floor":13,"turns":1},{"damage":2,"enemies":"Blue Slaver","floor":14,"turns":3},{"damage":37,"enemies":"The Guardian","floor":16,"turns":9}],"seed_played":"-5584067055958733079","potions_obtained":[{"floor":10,"key":"Energy Potion"},{"floor":11,"key":"Energy Potion"},{"floor":12,"key":"LiquidBronze"}],"is_trial":false,"path_per_floor":["M","?","?","?","$","R","E","M","T","M","M","E","M","M","R","B"],"character_chosen":"HERMIT","items_purchased":["hermit:BigShot"],"campfire_rested":0,"item_purchase_floors":[5],"current_hp_per_floor":[75,75,41,41,41,41,41,41,41,44,35,31,31,29,29,0,0],"gold":212,"neow_bonus":"THREE_ENEMY_KILL","is_daily":false,"chose_seed":false,"campfire_upgraded":2,"win_rate":0.0,"timestamp":1612020536,"path_taken":["M","?","?","?","?","R","E","M","T","?","M","E","M","M","R","BOSS"],"items_purchased_type":["Card"],"build_version":"2020-12-22","purchased_purges":0,"victory":false,"max_hp_per_floor":[75,75,75,75,75,75,75,75,75,75,75,75,75,75,75,75,75],"relic_stats":{"counters":[9,29],"Kunai":[7],"Boot":[5],"obtain_stats":[{"Calipers":7,"NeowsBlessing":0,"Kunai":3,"hermit:Horseshoe":9,"Boot":12,"hermit:Momento":0},{"Calipers":2,"NeowsBlessing":0,"Kunai":1,"hermit:Horseshoe":3,"Boot":6,"hermit:Momento":0},{"Calipers":2,"NeowsBlessing":0,"Kunai":1,"hermit:Horseshoe":3,"Boot":16,"hermit:Momento":0}]},"card_choices":[{"not_picked":["hermit:Desperado","hermit:Dive"],"picked":"hermit:Misfire","floor":1},{"not_picked":["Transmutation","Enlightenment"],"picked":"Blind","floor":2},{"not_picked":["hermit:GoldenBullet","hermit:LoneWolf"],"picked":"hermit:Showdown","floor":7},{"not_picked":["hermit:Feint","hermit:Misfire"],"picked":"hermit:BodyArmor","floor":8},{"not_picked":["hermit:BodyArmor","hermit:Horror"],"picked":"hermit:CalledShot","floor":10},{"not_picked":["hermit:Roulette","hermit:Feint"],"picked":"hermit:Enervate","floor":11},{"not_picked":["hermit:Malice","hermit:Dive"],"picked":"hermit:Scavenge","floor":12},{"not_picked":["hermit:LowProfile","hermit:Dive"],"picked":"hermit:Quickdraw","floor":13},{"not_picked":["hermit:Snipe","hermit:Shortfuse"],"picked":"hermit:TakeAim","floor":14}],"player_experience":247776,"relics_obtained":[{"floor":7,"key":"Calipers"},{"floor":9,"key":"hermit:Horseshoe"},{"floor":12,"key":"Boot"}],"event_choices":[{"damage_healed":0,"gold_gain":1,"player_choice":"1","damage_taken":0,"max_hp_gain":0,"max_hp_loss":0,"event_name":"betterStone:BetterStone","floor":2,"gold_loss":0},{"damage_healed":0,"gold_gain":0,"player_choice":"Grow","damage_taken":0,"max_hp_gain":0,"max_hp_loss":0,"event_name":"Living Wall","floor":4,"gold_loss":0,"cards_upgraded":["hermit:Snapshot"]}],"is_beta":false,"boss_relics":[],"items_purged_floors":[],"is_endless":false,"potions_floor_spawned":[10,11,12,14],"killed_by":"The Guardian","ascension_level":0}}