{"host":"amyouew1jj5rel7b","time":1612002231,"event":{"mods":["AchievementEnabler","Arknights The Spire","BaseMod","Better Altar","Better Match","Better Note","Better Skull","Better Third Choice","CapriCore","Minty Spire (QoL Compilation)","Permanent Neow","Spicy Shops","StSLib","SuperFastMode"],"gold_per_floor":[109,109,109,109,126,151,46,58,140,175,188,215,215,225,225,327,327,347,328,250,250,175,188,188,188],"floor_reached":24,"language":"KOR","playtime":974,"items_purged":["ats:Strike V"],"score":206,"play_id":"00e82d16-8ab9-4a3f-85f1-03c40c7bd8d4","local_time":"20210130192351","is_ascension_mode":false,"campfire_choices":[{"floor":13,"key":"REST"},{"data":"ats:Neurotoxin","floor":15,"key":"SMITH"}],"circlet_count":0,"master_deck":["ats:Armor Crushing Shot","ats:Defend","ats:Defend","ats:Defend","ats:Emotion Absorption","ats:Magnetic Hammer+1","ats:Dogmatic Field+1","ats:Neurotoxin+1","ats:Powerful Strike","ats:Echo Reverb","ats:Healing Strengthening","ats:Defend Order","ats:Powerful Strike","ats:Neurotoxin+1","ats:Powerful Strike","ats:Consecutive Shot Auto","ats:Nebulous Foxfire","ats:Shell Defense","ats:Poison Spread","ats:Closed Bolt Burst Fire","ats:Roar Of Ursus","ats:Overload"],"relics":["Astrolabe","Smiling Mask","ats:Originium","Potion Belt","Matryoshka","Shuriken","Anchor","Dream Catcher","SlaversCollar"],"acts_visited":["Exordium","TheCity"],"potions_floor_usage":[10],"damage_taken":[{"damage":1,"enemies":"2 Louse","floor":1,"turns":2},{"damage":23,"enemies":"Jaw Worm","floor":5,"turns":4},{"damage":31,"enemies":"Lagavulin","floor":6,"turns":7},{"damage":1,"enemies":"Cultist","floor":8,"turns":5},{"damage":34,"enemies":"3 Sentries","floor":10,"turns":8},{"damage":0,"enemies":"Lots of Slimes","floor":11,"turns":2},{"damage":0,"enemies":"Exordium Wildlife","floor":14,"turns":3},{"damage":30,"enemies":"The Guardian","floor":16,"turns":7},{"damage":15,"enemies":"Shell Parasite","floor":18,"turns":5},{"damage":33,"enemies":"2 Thieves","floor":19,"turns":5},{"damage":15,"enemies":"Snake Plant","floor":23,"turns":4},{"damage":24,"enemies":"Shelled Parasite and Fungi","floor":24,"turns":3}],"seed_played":"417970994440677262","potions_obtained":[{"floor":5,"key":"ats:Top Emergency Sanity Potion"},{"floor":8,"key":"SteroidPotion"},{"floor":18,"key":"Weak Potion"}],"is_trial":false,"path_per_floor":["M","?","?","?","M","E","$","M","T","E","M","T","R","M","R","B",null,"M","M","$","?","?","M","M"],"character_chosen":"DOCTOR_CLASS","items_purchased":["ats:Defend Order","ats:Closed Bolt Burst Fire"],"campfire_rested":1,"item_purchase_floors":[7,20],"current_hp_per_floor":[71,71,71,71,64,64,64,63,63,29,29,29,50,50,50,20,72,62,34,34,34,34,22,0,0],"gold":188,"neow_bonus":"BOSS_RELIC","is_daily":false,"chose_seed":false,"campfire_upgraded":1,"win_rate":0.0,"timestamp":1612002231,"path_taken":["M","?","?","?","?","E","$","M","T","E","?","?","R","M","R","BOSS","M","M","$","?","?","M","M"],"items_purchased_type":["Card","Card"],"build_version":"2020-12-22","purchased_purges":1,"victory":false,"max_hp_per_floor":[72,72,72,72,72,72,72,72,72,72,72,72,72,72,72,72,72,72,72,72,72,72,72,72,72],"card_choices":[{"not_picked":["ats:Flexible Camouflage","ats:Ignite"],"picked":"ats:Powerful Strike","floor":1},{"not_picked":["ats:Sunburst","ats:Absolute Focus"],"picked":"ats:Healing Strengthening","floor":5},{"not_picked":["ats:Fractured Body","ats:Hammer On","ats:Sunburst"],"picked":"SKIP","floor":6},{"not_picked":["ats:Cat Scratch","ats:Guardian Obelisk","ats:Burning Ground"],"picked":"SKIP","floor":8},{"not_picked":["ats:Flexible Camouflage","ats:Apocalypse"],"picked":"ats:Powerful Strike","floor":10},{"not_picked":["ats:Powerful Strike","ats:Poison Spread"],"picked":"ats:Neurotoxin","floor":11},{"not_picked":["ats:Cat Scratch","ats:Explosion Area Strengthen"],"picked":"ats:Powerful Strike","floor":13},{"not_picked":["ats:Sword Rain","ats:Apocalypse"],"picked":"ats:Consecutive Shot Auto","floor":14},{"not_picked":["ats:Rat Pack","ats:True Silver Slash"],"picked":"ats:Nebulous Foxfire","floor":16},{"not_picked":["ats:Guard Mode","ats:Closed Bolt Burst Fire"],"picked":"ats:Shell Defense","floor":18},{"not_picked":["ats:Healing Strengthening","ats:Sword Rain"],"picked":"ats:Poison Spread","floor":19},{"not_picked":["ats:Rat Pack","ats:Calcification"],"picked":"ats:Roar Of Ursus","floor":22},{"not_picked":["ats:Steam Pump","ats:Healing Strengthening"],"picked":"ats:Overload","floor":22},{"not_picked":["ats:Literary Storm","ats:Assault Order","ats:Leaping Hammer+1"],"picked":"SKIP","floor":23}],"player_experience":263095,"relics_obtained":[{"floor":6,"key":"ats:Originium"},{"floor":6,"key":"Potion Belt"},{"floor":9,"key":"Matryoshka"},{"floor":10,"key":"ats:Originium"},{"floor":10,"key":"Shuriken"},{"floor":12,"key":"Anchor"},{"floor":12,"key":"Dream Catcher"}],"event_choices":[{"damage_healed":0,"gold_gain":0,"cards_transformed":["ats:Strike G"],"player_choice":"Change","damage_taken":0,"max_hp_gain":0,"max_hp_loss":0,"event_name":"Living Wall","floor":2,"gold_loss":0,"cards_obtained":["ats:Echo Reverb"]},{"damage_healed":0,"gold_gain":0,"player_choice":"Box","damage_taken":0,"relics_obtained":["Smiling Mask"],"max_hp_gain":0,"max_hp_loss":0,"event_name":"Big Fish","floor":3,"gold_loss":0,"cards_obtained":["Regret"]},{"cards_removed":["Regret"],"damage_healed":0,"gold_gain":0,"player_choice":"Purged","damage_taken":0,"max_hp_gain":0,"max_hp_loss":0,"event_name":"Purifier","floor":4,"gold_loss":0},{"cards_removed":["ats:Closed Bolt Burst Fire"],"damage_healed":0,"gold_gain":0,"player_choice":"Give","damage_taken":0,"max_hp_gain":0,"max_hp_loss":0,"event_name":"betterNote:BetterNote","floor":21,"gold_loss":0,"cards_obtained":["None"]},{"damage_healed":0,"gold_gain":0,"player_choice":"1","damage_taken":0,"max_hp_gain":0,"max_hp_loss":0,"event_name":"betterMatch:BetterMatch","floor":22,"gold_loss":0,"cards_obtained":["betterMatch:CommonCard","betterMatch:RareCard","betterMatch:UncommonCard"]}],"is_beta":false,"boss_relics":[{"not_picked":["Ectoplasm","SacredBark"],"picked":"SlaversCollar"}],"items_purged_floors":[20],"is_endless":false,"potions_floor_spawned":[5,8,18],"killed_by":"Shelled Parasite and Fungi","ascension_level":0}}