{"host":"5kirneupyg4uzd3w","time":1612030644,"event":{"mods":["BaseMod","Colored Map","Custom Start","Minty Spire (QoL Compilation)","StSLib","SuperFastMode"],"gold_per_floor":[15,15,34,49,124,159,159,202,227,227,89,109,142,142,142,227,227,245,245,271,284,24,63,63,93,93,111,111,131,56,69,69,145,145,158,192,192,203,263,263,300,300,300,147,158,158,183,221,221,221,221,221],"floor_reached":51,"language":"KOR","playtime":1820,"items_purged":["Strike_R","Strike_R"],"score":1726,"play_id":"aa59e660-7e8c-49ae-8cfc-e6a21dbc2085","local_time":"20210131031724","is_ascension_mode":true,"campfire_choices":[{"floor":7.0,"key":"REST"},{"floor":10.0,"key":"REST"},{"data":"Juggernaut","floor":15.0,"key":"SMITH"},{"data":"Apotheosis","floor":24.0,"key":"SMITH"},{"data":"Barricade","floor":28.0,"key":"SMITH"},{"data":"Feel No Pain","floor":32.0,"key":"SMITH"},{"data":"Evolve","floor":40,"key":"SMITH"},{"data":"Dark Embrace","floor":42,"key":"SMITH"},{"floor":46,"key":"RECALL"},{"data":"Impervious","floor":49,"key":"SMITH"}],"circlet_count":0,"master_deck":["AscendersBane","Strike_R+1","Defend_R","Defend_R","Defend_R","Defend_R","Bash","Sever Soul+1","Second Wind","Feel No Pain+1","Shrug It Off","Intimidate","Body Slam","Impervious+1","Battle Trance","Juggernaut+1","Flame Barrier","Barricade+1","Dark Embrace+1","Apotheosis+1","Immolate","Feel No Pain+1","Evolve+1","Battle Trance","Iron Wave+1","Impervious"],"relics":["Burning Blood","Unceasing Top","CeramicFish","Whetstone","Bag of Preparation","Orrery","Paper Frog","Orichalcum","Coffee Dripper","Enchiridion","Thread and Needle","Strawberry","Meat on the Bone","Black Star","Mango","Champion Belt","Frozen Egg 2","StrikeDummy","Oddly Smooth Stone","Vajra"],"acts_visited":["Exordium","TheCity","TheBeyond"],"potions_floor_usage":[39,39,39,51],"damage_taken":[{"damage":14.0,"enemies":"Small Slimes","floor":1.0,"turns":5.0},{"damage":2.0,"enemies":"Jaw Worm","floor":3.0,"turns":4.0},{"damage":9.0,"enemies":"2 Louse","floor":4.0,"turns":4.0},{"damage":43.0,"enemies":"Lagavulin","floor":6.0,"turns":9.0},{"damage":21.0,"enemies":"3 Sentries","floor":8.0,"turns":14.0},{"damage":13.0,"enemies":"Large Slime","floor":12.0,"turns":4.0},{"damage":0.0,"enemies":"Lagavulin","floor":13.0,"turns":7.0},{"damage":10.0,"enemies":"Slime Boss","floor":16.0,"turns":6.0},{"damage":17.0,"enemies":"2 Thieves","floor":18.0,"turns":5.0},{"damage":0.0,"enemies":"Chosen","floor":20.0,"turns":7.0},{"damage":12.0,"enemies":"Shelled Parasite and Fungi","floor":21.0,"turns":5.0},{"damage":5.0,"enemies":"Slavers","floor":23.0,"turns":4.0},{"damage":24.0,"enemies":"Gremlin Leader","floor":25.0,"turns":6.0},{"damage":0.0,"enemies":"Sentry and Sphere","floor":27.0,"turns":3.0},{"damage":0.0,"enemies":"Cultist and Chosen","floor":29.0,"turns":5.0},{"damage":8.0,"enemies":"Snake Plant","floor":31.0,"turns":3.0},{"damage":0.0,"enemies":"Champ","floor":33.0,"turns":4.0},{"damage":0.0,"enemies":"Orb Walker","floor":35.0,"turns":4.0},{"damage":0.0,"enemies":"Mind Bloom Boss Battle","floor":36.0,"turns":5.0},{"damage":0.0,"enemies":"3 Shapes","floor":38.0,"turns":4.0},{"damage":87,"enemies":"2 Orb Walkers","floor":39,"turns":6},{"damage":0,"enemies":"Giant Head","floor":41,"turns":6},{"damage":4,"enemies":"Sphere and 2 Shapes","floor":45,"turns":4},{"damage":0,"enemies":"Transient","floor":47,"turns":6},{"damage":0,"enemies":"Nemesis","floor":48,"turns":6},{"damage":24,"enemies":"Time Eater","floor":50,"turns":7},{"damage":80,"enemies":"Awakened One","floor":51,"turns":5}],"seed_played":"-1035178929851519666","potions_obtained":[{"floor":1.0,"key":"BlessingOfTheForge"},{"floor":3.0,"key":"BlessingOfTheForge"},{"floor":6.0,"key":"Weak Potion"},{"floor":16.0,"key":"DuplicationPotion"},{"floor":25.0,"key":"ColorlessPotion"},{"floor":31.0,"key":"BloodPotion"},{"floor":35.0,"key":"EntropicBrew"},{"floor":47,"key":"Strength Potion"}],"is_trial":false,"path_per_floor":["M","?","M","M","?","E","R","E","T","R","$","M","E","?","R","B",null,"M","?","M","M","$","E","R","E","T","M","R","M","?","M","R","B",null,"M","?","?","M","?","R","E","R","T","$","M","R","M","E","R","B","B"],"character_chosen":"IRONCLAD","items_purchased":["Orrery","Apotheosis","BloodPotion"],"campfire_rested":2,"item_purchase_floors":[11,22,44],"current_hp_per_floor":[60,60,64,61,50,13,35,20,20,42,42,35,41,36,36,32,64,53,32,38,32,32,33,33,22,22,40,40,58,58,56,56,62,77,82,96,91,91,40,40,58,58,58,58,60,60,66,72,72,54,0,0],"gold":221,"neow_bonus":"ONE_RARE_RELIC","is_daily":false,"chose_seed":false,"campfire_upgraded":7,"win_rate":0.0,"timestamp":1612030644,"path_taken":["M","?","M","M","?","E","R","E","T","R","$","M","E","?","R","BOSS","M","?","M","M","$","E","R","E","T","M","R","M","?","M","R","BOSS","M","?","?","M","?","R","E","R","T","$","?","R","M","E","R","BOSS","BOSS"],"items_purchased_type":["Relic","Card","Potion"],"build_version":"2020-12-22","purchased_purges":2,"victory":false,"max_hp_per_floor":[75,75,75,75,75,75,75,75,75,75,75,75,75,75,75,75,75,75,75,75,75,75,75,75,82,82,82,82,82,82,82,82,82,82,82,96,91,91,91,91,91,91,91,91,91,91,91,91,91,91,91,91],"card_choices":[{"not_picked":["Rupture","Clash"],"picked":"Sever Soul","floor":1.0},{"not_picked":["Pommel Strike","Armaments"],"picked":"Feel No Pain","floor":3.0},{"not_picked":["Disarm","Sword Boomerang"],"picked":"Shrug It Off","floor":4.0},{"not_picked":["Rampage","Metallicize"],"picked":"Intimidate","floor":6.0},{"not_picked":["Cleave","Battle Trance"],"picked":"Body Slam","floor":8.0},{"not_picked":["Warcry","Combust"],"picked":"Impervious","floor":11.0},{"not_picked":["Iron Wave","Rampage"],"picked":"Battle Trance","floor":11.0},{"not_picked":["Perfected Strike","Anger"],"picked":"Juggernaut","floor":11.0},{"not_picked":["Clothesline","Cleave"],"picked":"Flame Barrier","floor":12.0},{"not_picked":["Clash","Metallicize","Pommel Strike"],"picked":"SKIP","floor":13.0},{"not_picked":["Berserk","Corruption"],"picked":"Barricade","floor":16.0},{"not_picked":["Cleave","Infernal Blade","Warcry"],"picked":"SKIP","floor":18.0},{"not_picked":["Flame Barrier","Searing Blow"],"picked":"Dark Embrace","floor":20.0},{"not_picked":["Combust","Heavy Blade","True Grit"],"picked":"SKIP","floor":21.0},{"not_picked":["Pommel Strike","Headbutt"],"picked":"Immolate","floor":23.0},{"not_picked":["Wild Strike+1","Heavy Blade","Infernal Blade"],"picked":"SKIP","floor":25.0},{"not_picked":["Warcry","Twin Strike","Headbutt"],"picked":"SKIP","floor":27.0},{"not_picked":["Anger","Burning Pact","Heavy Blade"],"picked":"SKIP","floor":29.0},{"not_picked":["Anger","Burning Pact","Heavy Blade"],"picked":"SKIP","floor":29.0},{"not_picked":["Metallicize","Pommel Strike","Perfected Strike"],"picked":"SKIP","floor":31.0},{"not_picked":["Entrench","Whirlwind","Dark Embrace+1"],"picked":"SKIP","floor":35.0},{"not_picked":["Entrench","Whirlwind","Dark Embrace+1"],"picked":"SKIP","floor":35.0},{"not_picked":["True Grit","Anger"],"picked":"Feel No Pain+1","floor":36.0},{"not_picked":["Heavy Blade","Headbutt","Sword Boomerang"],"picked":"SKIP","floor":38.0},{"not_picked":["True Grit","Fire Breathing"],"picked":"Evolve","floor":39},{"not_picked":["Flex","Armaments"],"picked":"Battle Trance","floor":41},{"not_picked":["True Grit+1","Perfected Strike","Ghostly Armor+1"],"picked":"SKIP","floor":45},{"not_picked":["Spot Weakness","Iron Wave+1","Armaments+1"],"picked":"SKIP","floor":47},{"not_picked":["Spot Weakness","Armaments+1"],"picked":"Iron Wave+1","floor":47},{"not_picked":["Disarm","Heavy Blade"],"picked":"Impervious","floor":48}],"player_experience":288932,"relics_obtained":[{"floor":6.0,"key":"CeramicFish"},{"floor":8.0,"key":"Whetstone"},{"floor":9.0,"key":"Bag of Preparation"},{"floor":13.0,"key":"Paper Frog"},{"floor":19.0,"key":"Enchiridion"},{"floor":23.0,"key":"Thread and Needle"},{"floor":25.0,"key":"Strawberry"},{"floor":26.0,"key":"Meat on the Bone"},{"floor":36.0,"key":"Mango"},{"floor":39,"key":"Champion Belt"},{"floor":41,"key":"Frozen Egg 2"},{"floor":41,"key":"StrikeDummy"},{"floor":48,"key":"Oddly Smooth Stone"},{"floor":48,"key":"Vajra"}],"event_choices":[{"damage_healed":0.0,"max_hp_gain":0.0,"max_hp_loss":0.0,"gold_gain":0.0,"cards_transformed":["Strike_R"],"event_name":"Living Wall","player_choice":"Change","floor":2.0,"gold_loss":0.0,"damage_taken":0.0,"cards_obtained":["Second Wind"]},{"damage_healed":0.0,"max_hp_gain":0.0,"max_hp_loss":0.0,"gold_gain":75.0,"event_name":"World of Goop","player_choice":"Gather Gold","floor":5.0,"gold_loss":0.0,"damage_taken":11.0},{"damage_healed":0.0,"max_hp_gain":0.0,"max_hp_loss":0.0,"gold_gain":0.0,"event_name":"Scrap Ooze","player_choice":"Success","floor":14.0,"gold_loss":0.0,"damage_taken":5.0,"relics_obtained":["Orichalcum"]},{"damage_healed":0.0,"max_hp_gain":0.0,"max_hp_loss":0.0,"gold_gain":0.0,"event_name":"Cursed Tome","player_choice":"Obtained Book","floor":19.0,"gold_loss":0.0,"damage_taken":21.0},{"cards_removed":["Strike_R"],"damage_healed":0.0,"max_hp_gain":0.0,"max_hp_loss":0.0,"gold_gain":0.0,"event_name":"Beggar","player_choice":"Gave Gold","floor":30.0,"gold_loss":75.0,"damage_taken":0.0},{"damage_healed":0.0,"max_hp_gain":0.0,"max_hp_loss":0.0,"gold_gain":0.0,"event_name":"MindBloom","player_choice":"Fight","floor":36.0,"gold_loss":0.0,"damage_taken":0.0},{"damage_healed":0.0,"max_hp_gain":0.0,"max_hp_loss":5.0,"gold_gain":0.0,"event_name":"Winding Halls","player_choice":"Max HP","floor":37.0,"gold_loss":0.0,"damage_taken":0.0},{"damage_healed":0,"gold_gain":0,"player_choice":"Fight","damage_taken":0,"max_hp_gain":0,"max_hp_loss":0,"event_name":"Mysterious Sphere","floor":39,"gold_loss":0}],"is_beta":false,"boss_relics":[{"not_picked":["Busted Crown","Sozu"],"picked":"Coffee Dripper"},{"not_picked":["Snecko Eye","Velvet Choker"],"picked":"Black Star"}],"items_purged_floors":[22,44],"is_endless":false,"potions_floor_spawned":[1,3,6,13,16,21,25,27,29,31,35,36,47],"killed_by":"Awakened One","ascension_level":20}}