{"host":"dw8ij7emqco3quom","time":1612010530,"event":{"mods":["BaseMod","Minty Spire (QoL Compilation)"],"gold_per_floor":[117,117,71,71,88,117,217,217,217,229,247,264,264,298,298,403,403,403,403],"floor_reached":18,"language":"FRA","playtime":1220,"items_purged":[],"score":263,"play_id":"588e7877-4d9d-48b6-b964-cd198722744e","local_time":"20210130134210","is_ascension_mode":true,"campfire_choices":[{"floor":8.0,"key":"REST"},{"floor":13.0,"key":"REST"},{"floor":15.0,"key":"REST"}],"circlet_count":0,"master_deck":["Strike_R","Strike_R","Strike_R","Strike_R","Strike_R","Defend_R","Defend_R","Defend_R","Defend_R","Bash","Rupture","Armaments","Armaments","Infernal Blade","Double Tap","Barricade"],"relics":["Burning Blood","Singing Bowl","Paper Frog","Dream Catcher","Black Star"],"acts_visited":["Exordium","TheCity"],"potions_floor_usage":[],"damage_taken":[{"damage":7.0,"enemies":"Jaw Worm","floor":1.0,"turns":3.0},{"damage":5.0,"enemies":"Small Slimes","floor":5.0,"turns":4.0},{"damage":73.0,"enemies":"Lagavulin","floor":6.0,"turns":14.0},{"damage":3.0,"enemies":"Cultist","floor":10.0,"turns":4.0},{"damage":34.0,"enemies":"Gremlin Gang","floor":11.0,"turns":6.0},{"damage":17.0,"enemies":"Large Slime","floor":12.0,"turns":10.0},{"damage":0.0,"enemies":"Gremlin Nob","floor":14.0,"turns":2.0},{"damage":64.0,"enemies":"The Guardian","floor":16.0,"turns":14.0},{"damage":111,"enemies":"Spheric Guardian","floor":18,"turns":23}],"seed_played":"-2759049755303152500","potions_obtained":[{"floor":0.0,"key":"Regen Potion"},{"floor":0.0,"key":"SneckoOil"},{"floor":0.0,"key":"LiquidMemories"},{"floor":1.0,"key":"FairyPotion"},{"floor":11.0,"key":"LiquidMemories"},{"floor":12.0,"key":"AttackPotion"}],"is_trial":false,"path_per_floor":["M","?","$","?","M","E","?","R","T","M","M","M","R","E","R","B",null,"M"],"character_chosen":"IRONCLAD","items_purchased":["Armaments"],"campfire_rested":3,"item_purchase_floors":[3],"current_hp_per_floor":[71,71,71,71,72,22,22,46,46,49,23,12,37,45,72,14,70,0,0],"gold":403,"neow_bonus":"THREE_SMALL_POTIONS","is_daily":false,"chose_seed":false,"campfire_upgraded":0,"win_rate":0.0,"timestamp":1612010530,"path_taken":["M","?","$","?","M","E","?","R","T","?","M","?","R","E","R","BOSS","M"],"items_purchased_type":["Card"],"build_version":"2020-12-22","purchased_purges":0,"victory":false,"max_hp_per_floor":[80,80,80,80,80,82,82,82,82,82,84,84,84,86,88,88,88,88,88],"card_choices":[{"not_picked":["Perfected Strike","Iron Wave"],"picked":"Rupture","floor":1.0},{"not_picked":["Anger","Cleave"],"picked":"Armaments","floor":5.0},{"not_picked":["Perfected Strike","Battle Trance","Sword Boomerang"],"picked":"Singing Bowl","floor":6.0},{"not_picked":["True Grit","Flex"],"picked":"Infernal Blade","floor":10.0},{"not_picked":["Pummel","Clash","Seeing Red"],"picked":"Singing Bowl","floor":11.0},{"not_picked":["Flex","True Grit"],"picked":"Double Tap","floor":12.0},{"not_picked":["Thunderclap","Wild Strike","Havoc"],"picked":"Singing Bowl","floor":14.0},{"not_picked":["Flex","Rupture","Clothesline"],"picked":"Singing Bowl","floor":15.0},{"not_picked":["Exhume","Immolate"],"picked":"Barricade","floor":16.0}],"player_experience":692555,"relics_obtained":[{"floor":6.0,"key":"Singing Bowl"},{"floor":9.0,"key":"Paper Frog"},{"floor":14.0,"key":"Dream Catcher"}],"event_choices":[{"damage_healed":0.0,"max_hp_gain":0.0,"max_hp_loss":0.0,"gold_gain":0.0,"event_name":"Liars Game","player_choice":"Ignored","floor":2.0,"gold_loss":0.0,"damage_taken":0.0},{"damage_healed":0.0,"max_hp_gain":0.0,"max_hp_loss":0.0,"gold_gain":0.0,"event_name":"The Cleric","player_choice":"Leave","floor":4.0,"gold_loss":0.0,"damage_taken":0.0},{"damage_healed":0.0,"max_hp_gain":0.0,"max_hp_loss":0.0,"gold_gain":100.0,"event_name":"Golden Shrine","player_choice":"Pray","floor":7.0,"gold_loss":0.0,"damage_taken":0.0}],"is_beta":false,"boss_relics":[{"not_picked":["SlaversCollar","Runic Pyramid"],"picked":"Black Star"}],"items_purged_floors":[],"is_endless":false,"potions_floor_spawned":[1,11,12],"killed_by":"Spheric Guardian","ascension_level":7}}