{"host":"hqsnl0mtmp1qafm7","time":1612004793,"event":{"mods":["AchievementEnabler","Aspiration","BaseMod","Better Altar","Better Match","Better Note","Better Sensory Stone","Better Skull","Better Third Choice","Colored Map","Colored Powertips","Conspire","Curses Come First","Downfall","Friendly Minions","Hermit","Highlight Path","Hubris","Ironclad Rager","Minty Spire (QoL Compilation)","Monster B Gone","Permanent Neow","Quick Restart","Rare Cards Sparkle","Reliquary","Replay The Spire","Retaliation","Shop Mod","Smile Girya","StSLib","The Blue Laboratory","The Runesmith","Wandering Minibosses","egg","thorton"],"gold_per_floor":[119,119,141,42,66,66,66,91,138,138,160,208,232,268,268,277,277,277],"floor_reached":16,"language":"ENG","playtime":898,"items_purged":[],"score":102,"play_id":"edc9ace5-304b-4f06-a03b-6edc8ea75f77","local_time":"20210130060633","is_ascension_mode":false,"campfire_choices":[{"data":"thethorton:Rebalance","floor":6,"key":"SMITH"},{"floor":10,"key":"REST"},{"floor":15,"key":"REST"}],"circlet_count":0,"master_deck":["thethorton:Strike+1","thethorton:Strike","thethorton:Strike","thethorton:Strike","thethorton:Defend","thethorton:Defend","thethorton:Defend","thethorton:Defend","thethorton:Heckle+1","thethorton:CreditCard","Normality","thethorton:Rebalance+1","thethorton:PocketChange+1","thethorton:LongTermPayoff","thethorton:WhirlingBriefcase","thethorton:BusinessBoom","thethorton:DownPayment","thethorton:SummonProfit","thethorton:ChartProject"],"relics":["thethorton:CouragePotion","aspiration:Nostalgia","Sizzling Blood","Golden Idol","Whetstone","Blood Vial"],"acts_visited":["Exordium"],"potions_floor_usage":[12,16,16],"damage_taken":[{"damage":16,"enemies":"Small Slimes","floor":1,"turns":5},{"damage":17,"enemies":"Jaw Worm","floor":3,"turns":6},{"damage":12,"enemies":"Cultist","floor":5,"turns":6},{"damage":2,"enemies":"Exordium Wildlife","floor":11,"turns":3},{"damage":19,"enemies":"3 Sentries","floor":12,"turns":6},{"damage":10,"enemies":"Blue Slaver","floor":13,"turns":4},{"damage":22,"enemies":"Lots of Slimes","floor":14,"turns":3},{"damage":48,"enemies":"The Guardian","floor":16,"turns":11}],"seed_played":"3064373538651917613","potions_obtained":[{"floor":1,"key":"bronze:BurnAndBuffPotion"},{"floor":5,"key":"blueLaboratory:Moonshine"},{"floor":12,"key":"Death Potion"},{"floor":14,"key":"blueLaboratory:BottleOfVodka"}],"is_trial":false,"path_per_floor":["M","?","M","$","M","R","?","T","T","R","M","E","M","M","R","B"],"character_chosen":"THE_THORT","items_purchased":["thethorton:LongTermPayoff","thethorton:WhirlingBriefcase"],"campfire_rested":2,"item_purchase_floors":[4,4],"current_hp_per_floor":[60,60,47,47,39,39,39,39,39,59,61,46,42,26,46,0,0,0],"gold":277,"neow_bonus":"NOSTALGIA","is_daily":false,"chose_seed":false,"campfire_upgraded":1,"win_rate":0.0,"timestamp":1612004793,"path_taken":["M","?","M","$","M","R","?","?","T","R","M","E","M","M","R","BOSS"],"items_purchased_type":["Card","Card"],"build_version":"2020-12-22","purchased_purges":0,"victory":false,"max_hp_per_floor":[72,72,72,72,72,72,67,67,67,67,67,67,67,67,67,67,67,67],"card_choices":[{"not_picked":["thethorton:ROI","thethorton:CashBash"],"picked":"thethorton:Rebalance","floor":1},{"not_picked":["thethorton:RunningKick","thethorton:GoldBuffer"],"picked":"thethorton:PocketChange","floor":3},{"not_picked":["thethorton:HitAhead","thethorton:ROI"],"picked":"thethorton:BusinessBoom","floor":5},{"not_picked":["thethorton:ROI","thethorton:Hindsight"],"picked":"thethorton:DownPayment","floor":11},{"not_picked":["thethorton:SeeingDouble","thethorton:BookBash"],"picked":"thethorton:SummonProfit","floor":12},{"not_picked":["thethorton:DownPayment","thethorton:RunningFeint"],"picked":"thethorton:ChartProject","floor":13},{"not_picked":["thethorton:FearfulRun","thethorton:DockPay","thethorton:DownPayment"],"picked":"SKIP","floor":14}],"player_experience":103712,"relics_obtained":[{"floor":9,"key":"Whetstone"},{"floor":12,"key":"Blood Vial"}],"event_choices":[{"damage_healed":0,"gold_gain":0,"player_choice":"Lose Max HP","damage_taken":0,"relics_obtained":["Golden Idol"],"max_hp_gain":0,"max_hp_loss":5,"event_name":"Golden Idol","floor":7,"gold_loss":0}],"is_beta":false,"boss_relics":[],"items_purged_floors":[],"is_endless":false,"potions_floor_spawned":[1,5,12,14],"killed_by":"The Guardian","ascension_level":0}}