{"host":"ynimr9ugvc6f046i","time":1612019787,"event":{"mods":["2.2 Compatiblity","BaseMod","Colored Map","DeckTracker","Highlight Path","Keyboard Shortcuts","Minty Spire (QoL Compilation)","Permanent Neow","Quick Restart","StSLib","SuperFastMode"],"gold_per_floor":[109,109,34,48,68,93,106,106,132,146,146,179,179,191,191,265,265,276,176,176,192,212,212,212,239,262,262,277,327,352,371,371,447,447,459,475,192,192,210,210,243,1242,1242,1257,1290,695,707,719,719,719,719,719,719,30,64,64],"floor_reached":57,"language":"KOR","playtime":2163,"items_purged":["Strike_P","Strike_P","Nirvana+1","ReachHeaven","BowlingBash+1"],"score":2953,"play_id":"9c0ee031-20f2-4843-8f78-e58b8b2cb2dc","local_time":"20210131001627","is_ascension_mode":true,"campfire_choices":[{"data":"Eruption","floor":11.0,"key":"SMITH"},{"data":"FlurryOfBlows","floor":13.0,"key":"SMITH"},{"floor":15.0,"key":"RECALL"},{"data":"Vault","floor":24.0,"key":"SMITH"},{"data":"Omniscience","floor":27.0,"key":"SMITH"},{"data":"EmptyFist","floor":32.0,"key":"SMITH"},{"data":"Tantrum","floor":40.0,"key":"SMITH"},{"floor":49.0,"key":"DIG"},{"floor":53.0,"key":"DIG"}],"circlet_count":0,"master_deck":["AscendersBane","Eruption+1","Vigilance","Wallop","FlurryOfBlows+1","EmptyBody","Vault+1","Omniscience+1","EmptyFist+1","Adaptation+1","Adaptation+1","ConjureBlade+1","TalkToTheHand+1","Tantrum+1","Scrawl","Scrawl","Vault","InnerPeace+1","MentalFortress","MentalFortress"],"relics":["Runic Pyramid","Bag of Preparation","Bronze Scales","PreservedInsect","SlaversCollar","Meat on the Bone","Damaru","Astrolabe","Chemical X","Shovel","Boot","Orrery","Shuriken","Letter Opener","Sundial","DollysMirror","Ornamental Fan","Ice Cream"],"acts_visited":["Exordium","TheCity","TheBeyond","TheEnding"],"potions_floor_usage":[56,56],"damage_taken":[{"damage":0.0,"enemies":"Small Slimes","floor":1.0,"turns":3.0},{"damage":0.0,"enemies":"Cultist","floor":4.0,"turns":4.0},{"damage":0.0,"enemies":"2 Louse","floor":5.0,"turns":4.0},{"damage":4.0,"enemies":"3 Sentries","floor":6.0,"turns":10.0},{"damage":0.0,"enemies":"Large Slime","floor":7.0,"turns":5.0},{"damage":0.0,"enemies":"Looter","floor":10.0,"turns":4.0},{"damage":0.0,"enemies":"Gremlin Nob","floor":12.0,"turns":3.0},{"damage":1.0,"enemies":"Red Slaver","floor":14.0,"turns":2.0},{"damage":2.0,"enemies":"Hexaghost","floor":16.0,"turns":8.0},{"damage":15.0,"enemies":"Shell Parasite","floor":18.0,"turns":6.0},{"damage":0.0,"enemies":"3 Byrds","floor":21.0,"turns":3.0},{"damage":17.0,"enemies":"Snake Plant","floor":22.0,"turns":4.0},{"damage":0.0,"enemies":"Gremlin Leader","floor":25.0,"turns":3.0},{"damage":1.0,"enemies":"Centurion and Healer","floor":28.0,"turns":4.0},{"damage":10.0,"enemies":"Slavers","floor":30.0,"turns":3.0},{"damage":14.0,"enemies":"3 Cultists","floor":31.0,"turns":6.0},{"damage":11.0,"enemies":"Champ","floor":33.0,"turns":7.0},{"damage":1.0,"enemies":"Orb Walker","floor":35.0,"turns":3.0},{"damage":0.0,"enemies":"3 Darklings","floor":36.0,"turns":3.0},{"damage":16.0,"enemies":"Spire Growth","floor":39.0,"turns":4.0},{"damage":0.0,"enemies":"Reptomancer","floor":41.0,"turns":3.0},{"damage":52.0,"enemies":"4 Shapes","floor":44.0,"turns":10.0},{"damage":0.0,"enemies":"Giant Head","floor":45.0,"turns":6.0},{"damage":8.0,"enemies":"Sphere and 2 Shapes","floor":47.0,"turns":6.0},{"damage":0.0,"enemies":"Jaw Worm Horde","floor":48.0,"turns":4.0},{"damage":17.0,"enemies":"Time Eater","floor":50.0,"turns":7.0},{"damage":23.0,"enemies":"Donu and Deca","floor":51.0,"turns":5.0},{"damage":49.0,"enemies":"Shield and Spear","floor":55.0,"turns":4.0},{"damage":8,"enemies":"The Heart","floor":56,"turns":8}],"seed_played":"8781134495474520846","potions_obtained":[{"floor":5.0,"key":"SpeedPotion"},{"floor":7.0,"key":"EssenceOfSteel"},{"floor":10.0,"key":"Block Potion"},{"floor":12.0,"key":"Dexterity Potion"},{"floor":16.0,"key":"FearPotion"},{"floor":18.0,"key":"LiquidBronze"},{"floor":28.0,"key":"DistilledChaos"},{"floor":31.0,"key":"PowerPotion"},{"floor":33.0,"key":"BottledMiracle"},{"floor":45.0,"key":"Block Potion"},{"floor":47.0,"key":"ColorlessPotion"},{"floor":55.0,"key":"BottledMiracle"}],"is_trial":false,"path_per_floor":["M","?","$","M","M","E","M","?","T","M","R","E","R","M","R","B",null,"M","$","?","M","M","?","R","E","T","R","M","?","E","M","R","B",null,"M","M","$","?","M","R","E","?","T","M","E","$","M","M","R","B","B",null,"R","$","E","B",null],"character_chosen":"WATCHER","items_purchased":["Chemical X","Orrery","Shuriken","MentalFortress","DollysMirror","Ornamental Fan"],"campfire_rested":0,"item_purchase_floors":[37,46,46,54,54,54],"current_hp_per_floor":[61,61,61,61,61,57,57,57,57,57,57,57,57,56,56,54,65,50,50,50,50,33,33,33,33,33,33,44,44,46,44,44,45,62,61,61,61,57,41,41,41,68,68,28,40,40,44,44,44,39,28,58,58,58,21,25],"gold":64,"neow_bonus":"BOSS_RELIC","is_daily":false,"chose_seed":false,"campfire_upgraded":6,"win_rate":0.0,"timestamp":1612019787,"path_taken":["M","?","$","?","?","E","M","?","T","?","R","E","R","M","R","BOSS","M","$","?","M","M","?","R","E","T","R","M","?","E","M","R","BOSS","M","M","$","?","?","R","E","?","T","M","E","$","M","M","R","BOSS","BOSS","R","$","E","BOSS"],"items_purchased_type":["Relic","Relic","Relic","Card","Relic","Relic"],"build_version":"2020-12-22","purchased_purges":5,"victory":true,"max_hp_per_floor":[68,68,68,68,68,68,68,68,68,68,68,68,68,68,68,68,68,68,68,68,68,68,68,68,68,68,68,68,68,68,68,68,68,68,68,68,68,68,68,68,68,68,68,68,68,68,68,68,68,68,68,68,68,68,68,68],"card_choices":[{"not_picked":["Evaluate","Perseverance"],"picked":"Wallop","floor":1.0},{"not_picked":["Halt","CarveReality","Protect"],"picked":"SKIP","floor":4.0},{"not_picked":["Weave","DeceiveReality","CarveReality"],"picked":"SKIP","floor":5.0},{"not_picked":["SandsOfTime","FlyingSleeves"],"picked":"EmptyBody","floor":6.0},{"not_picked":["FlyingSleeves","Omniscience"],"picked":"ReachHeaven","floor":7.0},{"not_picked":["Crescendo","JustLucky","CrushJoints"],"picked":"SKIP","floor":10.0},{"not_picked":["Evaluate","Halt","Crescendo"],"picked":"SKIP","floor":12.0},{"not_picked":["Wallop","PathToVictory","FollowUp"],"picked":"SKIP","floor":14.0},{"not_picked":["Brilliance","Omniscience"],"picked":"Vault","floor":16.0},{"not_picked":["CutThroughFate","LikeWater","WreathOfFlame"],"picked":"SKIP","floor":18.0},{"not_picked":["BattleHymn","LikeWater"],"picked":"Adaptation+1","floor":21.0},{"not_picked":["ThirdEye","Pray+1","JustLucky"],"picked":"SKIP","floor":22.0},{"not_picked":["Prostrate","JustLucky","Halt"],"picked":"SKIP","floor":25.0},{"not_picked":["FollowUp","FlurryOfBlows+1"],"picked":"Adaptation","floor":28.0},{"not_picked":["CrushJoints+1","LikeWater"],"picked":"Adaptation+1","floor":30.0},{"not_picked":["FlyingSleeves","BattleHymn","MasterReality"],"picked":"SKIP","floor":31.0},{"not_picked":["FlyingSleeves","BattleHymn","MasterReality"],"picked":"SKIP","floor":31.0},{"not_picked":["EmptyFist","JustLucky"],"picked":"TalkToTheHand+1","floor":35.0},{"not_picked":["Vengeance","EmptyBody"],"picked":"Tantrum","floor":36.0},{"not_picked":["ClearTheMind+1","Halt","CutThroughFate"],"picked":"SKIP","floor":39.0},{"not_picked":["SashWhip+1","Vengeance","FlyingSleeves"],"picked":"SKIP","floor":41.0},{"not_picked":["SashWhip+1","Vengeance","FlyingSleeves"],"picked":"SKIP","floor":41.0},{"not_picked":["SashWhip+1","Vengeance","FlyingSleeves"],"picked":"SKIP","floor":41.0},{"not_picked":["JustLucky","ClearTheMind"],"picked":"Scrawl","floor":44.0},{"not_picked":["Protect","Worship"],"picked":"Scrawl","floor":45.0},{"not_picked":["SandsOfTime","BowlingBash+1"],"picked":"Vault","floor":46.0},{"not_picked":["WaveOfTheHand","FollowUp"],"picked":"InnerPeace+1","floor":46.0},{"not_picked":["Halt","Tantrum+1","Perseverance"],"picked":"SKIP","floor":47.0},{"not_picked":["SandsOfTime+1","FlurryOfBlows","WreathOfFlame"],"picked":"SKIP","floor":48.0},{"not_picked":["BowlingBash+1","Crescendo","Worship"],"picked":"SKIP","floor":55.0}],"player_experience":544313,"relics_obtained":[{"floor":6.0,"key":"Bag of Preparation"},{"floor":9.0,"key":"Bronze Scales"},{"floor":12.0,"key":"PreservedInsect"},{"floor":25.0,"key":"Meat on the Bone"},{"floor":26.0,"key":"Omamori"},{"floor":30.0,"key":"Damaru"},{"floor":41.0,"key":"Shovel"},{"floor":45.0,"key":"Boot"},{"floor":49.0,"key":"Letter Opener"},{"floor":53.0,"key":"Sundial"},{"floor":55.0,"key":"Ice Cream"}],"event_choices":[{"damage_healed":0.0,"max_hp_gain":0.0,"max_hp_loss":0.0,"gold_gain":0.0,"event_name":"Match and Keep!","player_choice":"1 cards matched","floor":2.0,"gold_loss":0.0,"damage_taken":0.0,"cards_obtained":["FlurryOfBlows"]},{"cards_removed":["Defend_P"],"damage_healed":0.0,"max_hp_gain":0.0,"max_hp_loss":0.0,"gold_gain":0.0,"event_name":"Purifier","player_choice":"Purged","floor":8.0,"gold_loss":0.0,"damage_taken":0.0},{"damage_healed":0.0,"max_hp_gain":0.0,"max_hp_loss":0.0,"gold_gain":0.0,"event_name":"The Mausoleum","player_choice":"Ignored","floor":20.0,"gold_loss":0.0,"damage_taken":0.0},{"damage_healed":0.0,"max_hp_gain":0.0,"max_hp_loss":0.0,"gold_gain":0.0,"cards_transformed":["Defend_P","Strike_P"],"event_name":"Drug Dealer","player_choice":"Became Test Subject","floor":23.0,"gold_loss":0.0,"damage_taken":0.0,"cards_obtained":["Omniscience","EmptyFist"]},{"damage_healed":0.0,"max_hp_gain":0.0,"max_hp_loss":0.0,"gold_gain":50.0,"event_name":"Nest","player_choice":"Stole From Cult","floor":29.0,"gold_loss":0.0,"damage_taken":0.0},{"damage_healed":0.0,"max_hp_gain":0.0,"max_hp_loss":0.0,"gold_gain":0.0,"event_name":"The Woman in Blue","player_choice":"Bought 0 Potions","floor":38.0,"gold_loss":0.0,"damage_taken":0.0},{"damage_healed":27.0,"max_hp_gain":0.0,"max_hp_loss":0.0,"gold_gain":0.0,"event_name":"MindBloom","player_choice":"Heal","floor":42.0,"gold_loss":0.0,"damage_taken":0.0,"cards_obtained":["Doubt"]}],"is_beta":false,"boss_relics":[{"not_picked":["Cursed Key","Ectoplasm"],"picked":"SlaversCollar"},{"not_picked":["Fusion Hammer","Snecko Eye"],"picked":"Astrolabe"}],"items_purged_floors":[3,19,37,46,54],"is_endless":false,"potions_floor_spawned":[5,7,10,12,16,18,22,28,31,33,35,45,47,48,55],"ascension_level":20}}