{"host":"97gqqvl04geh4ia8","time":1612002704,"event":{"mods":["BaseMod","Curses Come First","Downfall","Minty Spire (QoL Compilation)","Say the Spire","StSLib","The Dragon Tamer","The Servant 0.9.4","UnlockEverythingMod","[IsaacMod]ÒÔÈö¼âËþ","¡¾ÒÅÎï¿¨ÅÆ¡¿REMEMod"],"gold_per_floor":[110,160,160,179,179,206,206,241,241,241,256,273,273,166,166,264,264,276,276,23,23,23,23],"floor_reached":21,"language":"ZHS","playtime":1039,"items_purged":["DTMod:Strike","DTMod:Strike"],"score":210,"play_id":"6120e42c-ff7a-4079-9503-c62507dd3dc1","local_time":"20210130183144","is_ascension_mode":false,"metric_token":727,"campfire_choices":[{"data":"MurderousAura","floor":7.0,"key":"SMITH"},{"floor":13.0,"key":"REST"},{"floor":15.0,"key":"REST"}],"dtmod_dragon_data":[50,50,2,-1,7,0],"circlet_count":0,"master_deck":["DTMod:DoubleHit+1","DTMod:TargetDefense","DTMod:TargetDefense","DTMod:TargetDefense","DTMod:TargetDefense","DTMod:SwitchingTactic","MurderousAura+1","DTMod:ComboAttack","DTMod:Harmonize","DTMod:RunningTactic","DTMod:LightShield","DTMod:EchoTactic","DTMod:FlameSlash+1","DTMod:MagiciansMark","DTMod:CrossStep"],"relics":["DTMod:MagicStone","HushsDoor","REME_ComplimentaryCards","SteamSale","NeowsBlessing","StrikeDummy","Whetstone","InkBottle","Omamori","Calipers","REME_IWantAll"],"acts_visited":["Exordium","TheCity"],"potions_floor_usage":[],"damage_taken":[{"damage":0.0,"enemies":"Jaw Worm","floor":1.0,"turns":1.0},{"damage":0.0,"enemies":"Hiden Room Battle","floor":2.0,"turns":2.0},{"damage":0.0,"enemies":"Cultist","floor":4.0,"turns":1.0},{"damage":0.0,"enemies":"Gremlin Nob","floor":6.0,"turns":5.0},{"damage":13.0,"enemies":"3 Sentries","floor":8.0,"turns":10.0},{"damage":0.0,"enemies":"Small Slimes","floor":11.0,"turns":4.0},{"damage":0.0,"enemies":"2 Fungi Beasts","floor":12.0,"turns":4.0},{"damage":34.0,"enemies":"Slime Boss","floor":16.0,"turns":18.0},{"damage":0.0,"enemies":"Chosen","floor":18.0,"turns":5.0},{"damage":0,"enemies":"Spheric Guardian","floor":21,"turns":1}],"seed_played":"-5918329204639659531","potions_obtained":[{"floor":2.0,"key":"SpeedPotion"},{"floor":12.0,"key":"SteroidPotion"},{"floor":16.0,"key":"Block Potion"}],"is_trial":false,"path_per_floor":["M","?","?","M","?","E","R","E","T","T","M","M","R","$","R","B",null,"M","?","$","M"],"character_chosen":"THE_DT","items_purchased":["DTMod:LightShield","REME_IWantAll","DTMod:MagiciansMark","DTMod:CrossStep"],"campfire_rested":2,"item_purchase_floors":[14,20,20,20],"current_hp_per_floor":[45,30,30,30,23,23,23,10,10,10,10,10,23,23,36,2,45,45,45,45,45,45,45],"gold":23,"neow_bonus":"THREE_ENEMY_KILL","is_daily":false,"chose_seed":false,"campfire_upgraded":1,"win_rate":0.0,"timestamp":1612002704,"path_taken":["M","?","?","?","?","E","R","E","T","?","M","M","R","?","R","BOSS","M","?","$","?"],"items_purchased_type":["Card","Relic","Card","Card"],"build_version":"2020-12-22","purchased_purges":2,"victory":false,"max_hp_per_floor":[45,45,45,45,45,45,45,45,45,45,45,45,45,45,45,45,45,45,45,45,45,45,45],"card_choices":[{"not_picked":["DTMod:Punisher","DTMod:BreakAttack"],"picked":"DTMod:ComboAttack","floor":1.0},{"not_picked":["DTMod:BalancedStrike","DTMod:CrossStep"],"picked":"DTMod:Harmonize","floor":4.0},{"not_picked":["DTMod:MagicField","DTMod:MasterPlan"],"picked":"DTMod:RunningTactic","floor":6.0},{"not_picked":["DTMod:MasterPlan","DTMod:WarmUp","DTMod:Coolant"],"picked":"SKIP","floor":8.0},{"not_picked":["DTMod:Hide","DTMod:BizarreTactic","DTMod:MaximumCharge"],"picked":"SKIP","floor":11.0},{"not_picked":["DTMod:TauntingStrike","DTMod:MasterPlan","DTMod:WarmUp"],"picked":"SKIP","floor":12.0},{"not_picked":["DTMod:Harmonize","DTMod:TriAttack"],"picked":"DTMod:EchoTactic","floor":16.0},{"not_picked":["DTMod:Weaken","DTMod:PurifyingFlame+1"],"picked":"DTMod:FlameSlash+1","floor":18.0}],"player_experience":21228,"relics_obtained":[{"floor":2.0,"key":"StrikeDummy"},{"floor":2.0,"key":"Whetstone"},{"floor":6.0,"key":"InkBottle"},{"floor":8.0,"key":"Omamori"},{"floor":10.0,"key":"Calipers"}],"event_choices":[{"damage_healed":0.0,"max_hp_gain":0.0,"max_hp_loss":0.0,"gold_gain":0.0,"event_name":"HidenRoomEvent","player_choice":"Fight","floor":2.0,"gold_loss":0.0,"damage_taken":0.0},{"cards_removed":["DTMod:Strike"],"damage_healed":0.0,"max_hp_gain":0.0,"max_hp_loss":0.0,"gold_gain":0.0,"event_name":"Living Wall","player_choice":"Forget","floor":3.0,"gold_loss":0.0,"damage_taken":0.0},{"cards_removed":["DTMod:Strike"],"damage_healed":0.0,"max_hp_gain":0.0,"max_hp_loss":0.0,"gold_gain":0.0,"event_name":"Golden Wing","player_choice":"Card Removal","floor":5.0,"gold_loss":0.0,"damage_taken":7.0},{"damage_healed":0.0,"max_hp_gain":0.0,"max_hp_loss":0.0,"gold_gain":0.0,"event_name":"Vampires","player_choice":"Ignored","floor":19.0,"gold_loss":0.0,"damage_taken":0.0}],"is_beta":false,"boss_relics":[{"not_picked":["Tiny House","Snecko Eye"],"picked":"DTMod:MagicStone"},{"not_picked":[]}],"items_purged_floors":[14,20],"is_endless":false,"potions_floor_spawned":[2,12,16],"killed_by":"Spheric Guardian","ascension_level":0}}