{"host":"cz96naaoibjp08st","time":1612015433,"event":{"mods":["Act Like it!","BaseMod","BetterRewards","Downfall","Duelist Mod","GifTheSpireLib","Hermit","Minty Spire (QoL Compilation)","Quick Restart","READ ME - Guardian Mod","Replay The Spire","Robot Space Explorer","Shop Mod","StSLib","Stuff the Spire","SuperFastMode"],"gold_per_floor":[99,115,189,204,215,490,490,500,515,534,118,136,136,121,140,140,140,140],"floor_reached":16,"language":"ZHS","playtime":1127,"items_purged":["Regret"],"score":96,"play_id":"dad0cd9b-b8d9-435b-9a84-0a4eb1631843","local_time":"20210130220353","is_ascension_mode":false,"campfire_choices":[{"data":"champ:Execute","floor":1,"key":"SMITH"},{"data":"expansioncontent:DashGenerateEvil","floor":13,"key":"SMITH"}],"circlet_count":0,"master_deck":["champ:Strike","champ:Strike","champ:Strike","champ:Strike","champ:Defend","champ:Defend","champ:Defend","champ:Defend","champ:Execute+1","champ:Taunt","champ:RecklessLeap","champ:Haymaker","champ:Encircle","champ:StanceDance","champ:RecklessLeap","champ:AdrenalArmor","champ:ShieldThrow","expansioncontent:DashGenerateEvil+1","champ:Endure","champ:FaceSlap"],"relics":["champ:ChampionCrown","StuffTheSpire:RubySignet","Quantum Egg","Omamori"],"acts_visited":["Exordium"],"potions_floor_usage":[15,16,16],"damage_taken":[{"damage":10,"enemies":"Cultist","floor":2,"turns":3},{"damage":26,"enemies":"Jaw Worm","floor":4,"turns":5},{"damage":4,"enemies":"2 Louse","floor":5,"turns":2},{"damage":25,"enemies":"2 Fungi Beasts","floor":8,"turns":4},{"damage":29,"enemies":"Large Slime","floor":9,"turns":5},{"damage":19,"enemies":"Blue Slaver","floor":10,"turns":4},{"damage":40,"enemies":"downfall:FleeingMerchant","floor":11,"turns":4},{"damage":25,"enemies":"Gremlin Gang","floor":12,"turns":5},{"damage":25,"enemies":"downfall:FleeingMerchant","floor":14,"turns":4},{"damage":15,"enemies":"Large Slime","floor":15,"turns":3},{"damage":34,"enemies":"SI_SHIV_ARCHETYPE","floor":16,"turns":8}],"seed_played":"-1531550896920013582","potions_obtained":[{"floor":5,"key":"Swift Potion"},{"floor":8,"key":"Toxic Potion"},{"floor":15,"key":"Fruit Juice"}],"is_trial":false,"path_per_floor":["R","M","T","M","M","?","T","M","M","M","$","M","R","$","M","B"],"character_chosen":"THE_CHAMP","items_purchased":["Omamori","expansioncontent:DashGenerateEvil"],"campfire_rested":0,"item_purchase_floors":[11,11],"current_hp_per_floor":[99,99,99,88,84,84,84,71,57,48,43,28,28,28,33,0,0,0],"gold":140,"neow_bonus":"TEN_PERCENT_HP_BONUS","is_daily":false,"chose_seed":false,"campfire_upgraded":2,"win_rate":0.0,"timestamp":1612015433,"path_taken":["R","M","?","?","?","?","T","M","M","M","$","?","R","$","M","BOSS"],"items_purchased_type":["Relic","Card"],"build_version":"2020-12-22","purchased_purges":1,"victory":false,"max_hp_per_floor":[99,99,99,99,99,99,99,99,99,99,99,99,99,99,104,104,104,104],"card_choices":[{"not_picked":["champ:FanOfKnives","champ:EnGarde"],"picked":"champ:RecklessLeap","floor":2},{"not_picked":["champ:FocusedDefense","champ:FlashCut"],"picked":"champ:Haymaker","floor":4},{"not_picked":["champ:PreciseThrust","champ:Devastate"],"picked":"champ:Encircle","floor":5},{"not_picked":["champ:Lariat","champ:PerfectedStrike"],"picked":"champ:StanceDance","floor":8},{"not_picked":["champ:GutPunch","champ:CrookedStrike"],"picked":"champ:RecklessLeap","floor":9},{"not_picked":["champ:Lariat","champ:Parry"],"picked":"champ:AdrenalArmor","floor":10},{"not_picked":["champ:FanOfKnives","champ:Haymaker"],"picked":"champ:ShieldThrow","floor":11},{"not_picked":["champ:DeathBlow","champ:RecklessLeap"],"picked":"champ:Endure","floor":12},{"not_picked":["champ:BerserkersShout","champ:EnragedBash"],"picked":"champ:FaceSlap","floor":14},{"not_picked":["champ:DeathBlow","champ:Shatter","champ:Backstep"],"picked":"SKIP","floor":15}],"player_experience":285740,"relics_obtained":[{"floor":3,"key":"StuffTheSpire:RubySignet"},{"floor":7,"key":"Quantum Egg"}],"event_choices":[],"is_beta":false,"boss_relics":[],"items_purged_floors":[11],"is_endless":false,"potions_floor_spawned":[5,8,15],"killed_by":"SI_SHIV_ARCHETYPE","ascension_level":0}}