{"host":"c3lc60y5x60jlt1y","time":1612020208,"event":{"mods":["AchievementEnabler","BaseMod","Bestiary","Colored Map","Minty Spire (QoL Compilation)","Quick Restart","StSLib","ojb\u0027s Info Mod"],"gold_per_floor":[118,118,118,44,44,44,57,8,8,24,24,43,43,43,43,146,146,126,126,140,156,29,44,44,44],"floor_reached":24,"language":"ENG","playtime":1157,"items_purged":["Strike_B"],"score":186,"play_id":"cc4ff0a9-9d43-4076-b1e7-8f0fc862fcf9","local_time":"20210130172328","is_ascension_mode":false,"campfire_choices":[{"data":"Chaos","floor":6,"key":"SMITH"},{"data":"Sweeping Beam","floor":13,"key":"SMITH"},{"data":"Compile Driver","floor":15,"key":"SMITH"}],"circlet_count":0,"master_deck":["Strike_B+1","Strike_B","Defend_B","Defend_B","Defend_B+1","Defend_B","Zap","Dualcast","Chaos+1","Blizzard","Coolheaded","Compile Driver+1","Sweeping Beam+1","Core Surge","Echo Form","Stack+1","Undo","Skim+1"],"relics":["Cracked Core"],"acts_visited":["Exordium","TheCity"],"potions_floor_usage":[18,22,23,24,24,24],"damage_taken":[{"damage":1,"enemies":"Cultist","floor":1,"turns":4},{"damage":11,"enemies":"Jaw Worm","floor":7,"turns":2},{"damage":0,"enemies":"2 Louse","floor":10,"turns":2},{"damage":6,"enemies":"Large Slime","floor":12,"turns":4},{"damage":11,"enemies":"Slime Boss","floor":16,"turns":8},{"damage":17,"enemies":"2 Thieves","floor":18,"turns":5},{"damage":7,"enemies":"Chosen","floor":20,"turns":5},{"damage":25,"enemies":"Snake Plant","floor":21,"turns":5},{"damage":14,"enemies":"Shelled Parasite and Fungi","floor":23,"turns":9},{"damage":30,"enemies":"Cultist and Chosen","floor":24,"turns":4}],"seed_played":"6617923861953100192","potions_obtained":[{"floor":1,"key":"Explosive Potion"},{"floor":7,"key":"Fruit Juice"},{"floor":16,"key":"Block Potion"},{"floor":20,"key":"EntropicBrew"}],"is_trial":false,"path_per_floor":["M","?","?","$","?","R","M","$","T","M","T","M","R","?","R","B",null,"M","?","M","M","$","M","M"],"character_chosen":"DEFECT","items_purchased":["Blizzard","Compile Driver","AttackPotion"],"campfire_rested":0,"item_purchase_floors":[4,8,22],"current_hp_per_floor":[81,65,58,58,58,58,47,47,47,47,47,41,41,41,41,30,82,65,57,50,25,30,16,0,0],"gold":44,"neow_bonus":"TEN_PERCENT_HP_BONUS","is_daily":false,"chose_seed":false,"campfire_upgraded":3,"win_rate":0.0,"timestamp":1612020208,"path_taken":["M","?","?","$","?","R","M","$","T","M","?","M","R","?","R","BOSS","M","?","?","M","?","M","M"],"items_purchased_type":["Card","Card","Potion"],"build_version":"2020-12-22","purchased_purges":1,"victory":false,"max_hp_per_floor":[82,82,82,82,82,82,82,82,82,82,82,82,82,82,82,82,82,82,82,82,82,87,87,87,87],"card_choices":[{"not_picked":["Redo","Hologram"],"picked":"Chaos","floor":1},{"not_picked":["Go for the Eyes","Force Field"],"picked":"Coolheaded","floor":7},{"not_picked":["Conserve Battery","Beam Cell"],"picked":"Sweeping Beam","floor":10},{"not_picked":["Chaos","Scrape"],"picked":"Core Surge","floor":12},{"not_picked":["Creative AI","Thunder Strike"],"picked":"Echo Form","floor":16},{"not_picked":["Blizzard","Reinforced Body"],"picked":"Stack+1","floor":18},{"not_picked":["Auto Shields","Leap","Streamline"],"picked":"SKIP","floor":20},{"not_picked":["Ball Lightning+1","Go for the Eyes"],"picked":"Undo","floor":21},{"not_picked":["Double Energy","Go for the Eyes+1"],"picked":"Skim+1","floor":23}],"player_experience":8836734,"relics_obtained":[],"event_choices":[{"damage_healed":0,"gold_gain":0,"player_choice":"Entered Light","damage_taken":16,"max_hp_gain":0,"max_hp_loss":0,"event_name":"Shining Light","floor":2,"gold_loss":0,"cards_upgraded":["Defend_B","Strike_B"]},{"cards_removed":["Strike_B"],"damage_healed":0,"gold_gain":0,"player_choice":"Card Removal","damage_taken":7,"max_hp_gain":0,"max_hp_loss":0,"event_name":"Golden Wing","floor":3,"gold_loss":0},{"damage_healed":0,"gold_gain":0,"player_choice":"Ignored","damage_taken":0,"max_hp_gain":0,"max_hp_loss":0,"event_name":"Golden Idol","floor":5,"gold_loss":0},{"damage_healed":0,"gold_gain":0,"player_choice":"Searched \u00270\u0027 times","damage_taken":0,"max_hp_gain":0,"max_hp_loss":0,"event_name":"Dead Adventurer","floor":14,"gold_loss":0},{"damage_healed":0,"gold_gain":0,"player_choice":"Damaged","damage_taken":8,"max_hp_gain":0,"max_hp_loss":0,"event_name":"Wheel of Change","floor":19,"gold_loss":0}],"is_beta":false,"boss_relics":[{"not_picked":["SlaversCollar","Empty Cage","Busted Crown"]}],"items_purged_floors":[22],"is_endless":false,"potions_floor_spawned":[1,7,16,20],"killed_by":"Cultist and Chosen","ascension_level":0}}