{"host":"v54ek091sdz7ha6h","time":1612050242,"event":{"mods":["BaseMod","Better Vampires","Colored Map","Colored Powertips","DeckTracker","Highlight Path","KOR Keyword Fix","Minty Spire (QoL Compilation)","Rare Cards Sparkle","Relic Stats","StSLib","SuperFastMode","everything is the same but u backflip on backflip"],"gold_per_floor":[118,138,138,158,83,83,93,93,93,93,127,144,144,216,216,289,289,304,75,87,97,97,97,123,123,148,179,179,179,190,201,201,278,278,294,340,48,58,83,83,30,69,69,106,121,121,121,121,121,121,121],"floor_reached":50,"language":"KOR","playtime":1475,"items_purged":["Defend_G","Defend_G","Finisher+1"],"score":1116,"play_id":"96ad7a36-7a8e-4de0-a268-73f8b6eeb3b2","local_time":"20210131084402","is_ascension_mode":true,"campfire_choices":[{"data":"Envenom","floor":6.0,"key":"SMITH"},{"data":"Bane","floor":10.0,"key":"SMITH"},{"floor":13.0,"key":"REST"},{"data":"Neutralize","floor":15.0,"key":"SMITH"},{"data":"Tactician","floor":23.0,"key":"SMITH"},{"floor":25.0,"key":"REST"},{"floor":29.0,"key":"REST"},{"data":"Accuracy","floor":32.0,"key":"SMITH"},{"floor":40.0,"key":"REST"},{"floor":46,"key":"REST"},{"floor":49,"key":"RECALL"}],"circlet_count":0,"master_deck":["AscendersBane","Defend_G","Defend_G","Survivor","Neutralize+1","Envenom+1","Bane+1","Acrobatics","Calculated Gamble","Endless Agony","Heel Hook","Blade Dance+1","Tactician+1","Reflex","Infinite Blades","Dagger Spray+1","Accuracy+1","After Image","Doppelganger+1","Setup+1","Underhanded Strike+1","Storm of Steel","Parasite","Catalyst"],"relics":["Ring of the Snake","Matryoshka","CaptainsWheel","Molten Egg 2","Ornamental Fan","Empty Cage","Tingsha","Gremlin Horn","Bag of Marbles","Happy Flower","Astrolabe","Du-Vu Doll","Vajra","Ice Cream","CeramicFish","Bottled Lightning"],"acts_visited":["Exordium","TheCity","TheBeyond"],"potions_floor_usage":[45,45,50],"damage_taken":[{"damage":4.0,"enemies":"Small Slimes","floor":1.0,"turns":6.0},{"damage":2.0,"enemies":"2 Louse","floor":2.0,"turns":5.0},{"damage":1.0,"enemies":"Cultist","floor":4.0,"turns":4.0},{"damage":29.0,"enemies":"Exordium Thugs","floor":7.0,"turns":9.0},{"damage":0.0,"enemies":"Lagavulin","floor":11.0,"turns":2.0},{"damage":9.0,"enemies":"Gremlin Gang","floor":12.0,"turns":3.0},{"damage":13.0,"enemies":"Hexaghost","floor":16.0,"turns":9.0},{"damage":15.0,"enemies":"2 Thieves","floor":18.0,"turns":4.0},{"damage":0.0,"enemies":"3 Byrds","floor":20.0,"turns":3.0},{"damage":6.0,"enemies":"Snake Plant","floor":21.0,"turns":4.0},{"damage":26.0,"enemies":"Gremlin Leader","floor":24.0,"turns":6.0},{"damage":0.0,"enemies":"Book of Stabbing","floor":27.0,"turns":2.0},{"damage":0.0,"enemies":"Centurion and Healer","floor":30.0,"turns":4.0},{"damage":0.0,"enemies":"Snecko","floor":31.0,"turns":4.0},{"damage":5.0,"enemies":"Collector","floor":33.0,"turns":4.0},{"damage":23.0,"enemies":"3 Shapes","floor":35.0,"turns":8.0},{"damage":24.0,"enemies":"2 Orb Walkers","floor":36.0,"turns":4.0},{"damage":0.0,"enemies":"Orb Walker","floor":38.0,"turns":2.0},{"damage":0.0,"enemies":"Mind Bloom Boss Battle","floor":39.0,"turns":4.0},{"damage":21.0,"enemies":"Nemesis","floor":42.0,"turns":5.0},{"damage":4.0,"enemies":"Writhing Mass","floor":44.0,"turns":4.0},{"damage":16,"enemies":"Spire Growth","floor":45,"turns":3},{"damage":66,"enemies":"Awakened One","floor":50,"turns":2}],"seed_played":"-3486487866812853572","potions_obtained":[{"floor":4.0,"key":"DuplicationPotion"},{"floor":7.0,"key":"AttackPotion"},{"floor":8.0,"key":"Fruit Juice"},{"floor":8.0,"key":"FearPotion"},{"floor":11.0,"key":"Swift Potion"},{"floor":12.0,"key":"BlessingOfTheForge"},{"floor":18.0,"key":"PowerPotion"},{"floor":24.0,"key":"Swift Potion"},{"floor":31.0,"key":"LiquidMemories"},{"floor":35.0,"key":"Fruit Juice"},{"floor":38.0,"key":"Fire Potion"},{"floor":39.0,"key":"Fruit Juice"},{"floor":44.0,"key":"Dexterity Potion"},{"floor":45,"key":"ColorlessPotion"}],"is_trial":false,"path_per_floor":["M","M","?","M","$","R","M","?","T","R","E","M","R","T","R","B",null,"M","$","M","M","?","R","E","R","T","E","?","R","M","M","R","B",null,"M","?","$","M","?","R","$","E","T","M","M","R","?","T","R","B"],"character_chosen":"THE_SILENT","items_purchased":["Tactician","ColorlessPotion","Vajra","Underhanded Strike+1"],"campfire_rested":5,"item_purchase_floors":[19,19,37,41],"current_hp_per_floor":[55,53,46,45,45,45,16,21,21,21,21,12,31,31,31,18,53,38,38,38,32,32,32,6,25,25,25,7,28,28,28,28,23,58,35,16,16,16,16,38,38,17,17,18,2,26,66,66,66,0,0],"gold":121,"neow_bonus":"THREE_RARE_CARDS","is_daily":false,"chose_seed":false,"campfire_upgraded":5,"win_rate":0.0,"timestamp":1612050242,"path_taken":["M","M","?","M","$","R","M","?","T","R","E","?","R","?","R","BOSS","M","$","M","?","?","R","E","R","T","E","?","R","M","M","R","BOSS","M","?","$","M","?","R","?","E","T","?","M","R","?","?","R","BOSS"],"items_purchased_type":["Card","Potion","Relic","Card"],"build_version":"2020-12-22","purchased_purges":3,"victory":false,"max_hp_per_floor":[60,60,60,60,60,60,60,65,65,65,65,65,65,65,65,65,65,65,65,65,65,65,65,65,65,65,65,70,70,70,70,70,70,70,70,75,75,75,75,75,75,75,75,80,80,80,66,66,66,66,66],"relic_stats":{"Gremlin Horn":[8,8],"Happy Flower":[14],"counters":[23,101],"Ornamental Fan":[304],"Astrolabe":["Finisher","Doppelganger","Setup"],"CeramicFish":27,"Tingsha":[235],"obtain_stats":[{"Ice Cream":39,"Gremlin Horn":26,"Happy Flower":27,"Astrolabe":34,"CeramicFish":42,"Vajra":37,"Tingsha":24,"Empty Cage":17,"Du-Vu Doll":36,"CaptainsWheel":11,"Matryoshka":9,"Ornamental Fan":14,"Molten Egg 2":14,"Bag of Marbles":26,"Bottled Lightning":48,"Ring of the Snake":0},{"Ice Cream":19,"Gremlin Horn":11,"Happy Flower":12,"Astrolabe":15,"CeramicFish":20,"Vajra":17,"Tingsha":11,"Empty Cage":7,"Du-Vu Doll":17,"CaptainsWheel":5,"Matryoshka":4,"Ornamental Fan":6,"Molten Egg 2":6,"Bag of Marbles":11,"Bottled Lightning":22,"Ring of the Snake":0},{"Ice Cream":87,"Gremlin Horn":55,"Happy Flower":57,"Astrolabe":69,"CeramicFish":92,"Vajra":81,"Tingsha":55,"Empty Cage":38,"Du-Vu Doll":81,"CaptainsWheel":26,"Matryoshka":24,"Ornamental Fan":29,"Molten Egg 2":29,"Bag of Marbles":55,"Bottled Lightning":99,"Ring of the Snake":0}],"Ring of the Snake":[50]},"card_choices":[{"not_picked":["Unload","Grand Finale"],"picked":"Envenom","floor":0.0},{"not_picked":["Backflip","Deflect"],"picked":"Bane","floor":1.0},{"not_picked":["Underhanded Strike","Catalyst"],"picked":"Acrobatics","floor":2.0},{"not_picked":["Skewer","Choke"],"picked":"Calculated Gamble","floor":4.0},{"not_picked":["Dodge and Roll","Accuracy"],"picked":"Endless Agony","floor":7.0},{"not_picked":["PiercingWail","Reflex"],"picked":"Heel Hook","floor":11.0},{"not_picked":["PiercingWail","Poisoned Stab","Flying Knee"],"picked":"SKIP","floor":12.0},{"not_picked":["Dagger Throw+1","Escape Plan"],"picked":"Blade Dance+1","floor":18.0},{"not_picked":["Backstab+1","Choke+1","Quick Slash+1"],"picked":"SKIP","floor":20.0},{"not_picked":["Flying Knee+1","Deadly Poison","Quick Slash+1"],"picked":"SKIP","floor":21.0},{"not_picked":["Underhanded Strike+1","Crippling Poison"],"picked":"Reflex","floor":24.0},{"not_picked":["Catalyst","Poisoned Stab+1"],"picked":"Infinite Blades","floor":27.0},{"not_picked":["Choke+1","Masterful Stab+1"],"picked":"Dagger Spray+1","floor":30.0},{"not_picked":["PiercingWail","Dagger Throw+1"],"picked":"Accuracy","floor":31.0},{"not_picked":["Tools of the Trade","Malaise"],"picked":"After Image","floor":33.0},{"not_picked":["Dagger Spray+1","Poisoned Stab+1","Bane+1"],"picked":"SKIP","floor":35.0},{"not_picked":["Outmaneuver","Acrobatics","Backflip"],"picked":"SKIP","floor":38.0},{"not_picked":["Poisoned Stab+1","Catalyst"],"picked":"Storm of Steel","floor":42.0},{"not_picked":["Dash+1","Cloak And Dagger"],"picked":"Catalyst","floor":44.0},{"not_picked":["Dodge and Roll","Blade Dance","Reflex"],"picked":"SKIP","floor":45}],"player_experience":1459348,"relics_obtained":[{"floor":9.0,"key":"Matryoshka"},{"floor":11.0,"key":"CaptainsWheel"},{"floor":14.0,"key":"Molten Egg 2"},{"floor":14.0,"key":"Ornamental Fan"},{"floor":24.0,"key":"Tingsha"},{"floor":26.0,"key":"Gremlin Horn"},{"floor":26.0,"key":"Bag of Marbles"},{"floor":27.0,"key":"Happy Flower"},{"floor":36.0,"key":"Du-Vu Doll"},{"floor":39.0,"key":"Ice Cream"},{"floor":42.0,"key":"CeramicFish"},{"floor":48,"key":"Bottled Lightning"}],"event_choices":[{"cards_removed":["Strike_G"],"damage_healed":0.0,"max_hp_gain":0.0,"max_hp_loss":0.0,"gold_gain":0.0,"event_name":"Golden Wing","player_choice":"Card Removal","floor":3.0,"gold_loss":0.0,"damage_taken":7.0},{"damage_healed":0.0,"max_hp_gain":0.0,"max_hp_loss":0.0,"gold_gain":0.0,"event_name":"Lab","player_choice":"Got Potions","floor":8.0,"gold_loss":0.0,"damage_taken":0.0},{"damage_healed":0.0,"max_hp_gain":0.0,"max_hp_loss":0.0,"gold_gain":0.0,"event_name":"Cursed Tome","player_choice":"Ignored","floor":22.0,"gold_loss":0.0,"damage_taken":0.0},{"damage_healed":0.0,"max_hp_gain":5.0,"max_hp_loss":0.0,"gold_gain":0.0,"event_name":"Forgotten Altar","player_choice":"Shed Blood","floor":28.0,"gold_loss":0.0,"damage_taken":23.0},{"damage_healed":0.0,"max_hp_gain":0.0,"max_hp_loss":0.0,"gold_gain":0.0,"event_name":"Mysterious Sphere","player_choice":"Fight","floor":36.0,"gold_loss":0.0,"damage_taken":0.0},{"damage_healed":0.0,"max_hp_gain":0.0,"max_hp_loss":0.0,"gold_gain":0.0,"event_name":"MindBloom","player_choice":"Fight","floor":39.0,"gold_loss":0.0,"damage_taken":0.0},{"damage_healed":66,"gold_gain":0,"player_choice":"Heal","damage_taken":0,"max_hp_gain":0,"max_hp_loss":14,"event_name":"The Moai Head","floor":47,"gold_loss":0}],"is_beta":false,"boss_relics":[{"not_picked":["Runic Dome","Runic Pyramid"],"picked":"Empty Cage"},{"not_picked":["Pandora\u0027s Box","WristBlade"],"picked":"Astrolabe"}],"items_purged_floors":[5,19,37],"is_endless":false,"potions_floor_spawned":[4,7,11,12,18,24,31,35,38,39,44,45],"killed_by":"Awakened One","ascension_level":20}}