{"host":"5t6k5h959q0wkklw","time":1612034928,"event":{"mods":["BaseMod","BetterRewards","Conspire","Downfall","Hubris","Infinite Spire","Marisa????????","Minty Spire (QoL Compilation)","Replay The Spire","StSLib","The Necromancer","The Poker Player","The Servant 0.9.4"],"gold_per_floor":[119,119,132,146,146,176,176,176,228,240,251,37,37,37,37,37,37],"floor_reached":16,"language":"ENG","playtime":1097,"items_purged":[],"score":100,"play_id":"e2de90a6-29a8-4cd2-ab5b-590cee0e9384","local_time":"20210130142848","is_ascension_mode":false,"campfire_choices":[{"floor":8,"key":"REST"},{"floor":15,"key":"REST"}],"circlet_count":0,"master_deck":["Strike_S+1","Strike_S","Strike_S","Strike_S","Defend_S","Defend_S","Defend_S","KidneyShot","Exchange","Luminosity","DoubleEdge","InstantArmor","Spin+1","SilverBlades","Potential","Comet","FastForward","Unruled"],"relics":["Uniform","Replay:Wax Seal","MealTicket","Blue Doll","Juzu Bracelet","hubris:Towel","Strawberry"],"acts_visited":["Exordium"],"potions_floor_usage":[16,16],"damage_taken":[{"damage":6,"enemies":"2 Louse","floor":1,"turns":4},{"damage":0,"enemies":"conspire:RoseBush","floor":3,"turns":4},{"damage":4,"enemies":"Cultist","floor":4,"turns":4},{"damage":30,"enemies":"Lagavulin","floor":6,"turns":5},{"damage":10,"enemies":"conspire:2 RoseBushes","floor":10,"turns":4},{"damage":11,"enemies":"Large Slime","floor":11,"turns":7},{"damage":77,"enemies":"Hexaghost","floor":16,"turns":10}],"seed_played":"8404311907247172670","potions_obtained":[{"floor":4,"key":"GamblersBrew"},{"floor":6,"key":"ColorlessPotion"},{"floor":10,"key":"LiquidMemories"}],"is_trial":false,"path_per_floor":["M","?","M","M","?","E","?","R","T","M","M","$","?","?","R","B"],"character_chosen":"THE_SERVANT","items_purchased":["FastForward","Juzu Bracelet","Unruled"],"campfire_rested":2,"item_purchase_floors":[12,12,12],"current_hp_per_floor":[65,65,65,61,61,31,31,52,52,42,31,46,46,50,73,0,0],"gold":37,"neow_bonus":"TEN_PERCENT_HP_BONUS","is_daily":false,"chose_seed":false,"campfire_upgraded":0,"win_rate":0.0,"timestamp":1612034928,"path_taken":["M","?","M","M","?","E","?","R","T","?","M","$","?","?","R","BOSS"],"items_purchased_type":["Card","Relic","Card"],"build_version":"2020-12-22","purchased_purges":0,"victory":false,"max_hp_per_floor":[71,71,71,71,71,71,71,71,71,71,71,71,71,78,78,78,78],"card_choices":[{"not_picked":["Unruled","Shuttle"],"picked":"Luminosity","floor":1},{"not_picked":["Barrier","StarChef"],"picked":"DoubleEdge","floor":3},{"not_picked":["FastForward","RealityMarble"],"picked":"InstantArmor","floor":4},{"not_picked":["ShiftingGears","FanOfKnives"],"picked":"SilverBlades","floor":6},{"not_picked":["FanOfKnives","ShatteredReality"],"picked":"Potential","floor":10},{"not_picked":["Spin","StarChef"],"picked":"Comet","floor":11}],"player_experience":123324,"relics_obtained":[{"floor":2,"key":"Replay:Wax Seal"},{"floor":6,"key":"MealTicket"},{"floor":9,"key":"Blue Doll"}],"event_choices":[{"damage_healed":0,"gold_gain":0,"player_choice":"Forge","damage_taken":0,"max_hp_gain":0,"max_hp_loss":0,"event_name":"Accursed Blacksmith","floor":7,"gold_loss":0,"cards_upgraded":["Strike_S"]},{"damage_healed":0,"gold_gain":0,"player_choice":"Success","damage_taken":3,"relics_obtained":["Strawberry"],"max_hp_gain":0,"max_hp_loss":0,"event_name":"Scrap Ooze","floor":14,"gold_loss":0}],"is_beta":false,"boss_relics":[],"items_purged_floors":[],"is_endless":false,"potions_floor_spawned":[4,6,10],"killed_by":"Hexaghost","ascension_level":0}}