{"host":"65a95dzim48ko8ke","time":1612006587,"event":{"mods":["Act Like it!","BaseMod","Block Reminder","Colored Powertips","Curses Come First","Gensokyo","Minty Spire (QoL Compilation)","Permanent Neow","Quick Restart","Rare Cards Sparkle","Replay The Spire","Spicy Shops","StSLib","Synergy Search"],"gold_per_floor":[113,132,62,135,135,135,150,177,225,346,346,346,360,360,360,462,462,480,499,63,82,42,42,42,70,82,94,106,343,367,391,403,512,524,555,580,13,29,47,47,67,99,178,178,178,189,70,20,20,20],"floor_reached":51,"language":"ENG","playtime":3786,"items_purged":["ReplayTheSpireMod:Doomed"],"score":1021,"play_id":"24a39ac0-c660-4dbe-af5a-b46dfd002c1a","local_time":"20210130203627","is_ascension_mode":true,"campfire_choices":[{"data":"After Image","floor":6,"key":"SMITH"},{"floor":12,"key":"REST"},{"data":"Draining Mist","floor":15,"key":"SMITH"},{"data":"Gensokyo:GapWoman","floor":23,"key":"SMITH"},{"data":"Backflip","floor":28,"key":"SMITH"},{"floor":32,"key":"DIG"},{"floor":40,"key":"DIG"},{"floor":49,"key":"DIG"}],"circlet_count":0,"master_deck":["Strike_G","Strike_G","Strike_G","Strike_G+1","Strike_G","Defend_G+1","Defend_G","Defend_G","Defend_G","Defend_G","Survivor","Neutralize","After Image+1","Draining Mist+1","Blade Dance","After Image+1","Prepared","ReplayTheSpireMod:Splinters","Backstab","Blade Dance","Deflect","Night Terror+1","AbeCurse","Heel Hook","Blade Dance","Gensokyo:GapWoman+1","Heel Hook+1","Sneak Up","Backflip+1","Cloak And Dagger","Envenom+1","Flying Knee","Flying Knee+1","Dodge and Roll+1","Gensokyo:Taser","Gensokyo:LifeforceConverter"],"relics":["Ring of the Snake","Matryoshka","Gensokyo:CelestialsFlawlessClothing","Bag of Marbles","ReplayTheSpireMod:Lightbulb","Happy Flower","Frozen Egg 2","Potion Belt","Pear","Abe\u0027s Treasure","Gensokyo:ConquerorOfFear","MawBank","Quantum Egg","Replay:Bottled Steam","Snack Pack","Vampiric Spirits","Shovel","Bronze Scales","Busted Crown","Ice Cream","Replay:Kaleidoscope","Girya","Replay:Bottled Snecko","InkBottle"],"acts_visited":["Exordium","Gensokyo:Gensokyo","Gensokyo:Gensokyoer"],"potions_floor_usage":[16,16,25,25,50,50,50,50],"damage_taken":[{"damage":6,"enemies":"Gensokyo:Gryphon","floor":1,"turns":4},{"damage":4,"enemies":"Gensokyo:2_Kodama","floor":2,"turns":6},{"damage":1,"enemies":"Gensokyo:3_Fairies","floor":7,"turns":5},{"damage":32,"enemies":"Gensokyo:Cirno","floor":8,"turns":8},{"damage":0,"enemies":"Gensokyo:LivingMonolith","floor":13,"turns":3},{"damage":6,"enemies":"Gensokyo:Reimu","floor":16,"turns":11},{"damage":5,"enemies":"Gensokyo:3_Dogs","floor":18,"turns":7},{"damage":0,"enemies":"Gensokyo:2_Gloops","floor":19,"turns":5},{"damage":0,"enemies":"Gensokyo:Wraith","floor":21,"turns":8},{"damage":0,"enemies":"Gensokyo:Koishi","floor":25,"turns":6},{"damage":1,"enemies":"Gensokyo:Tenshi","floor":29,"turns":4},{"damage":2,"enemies":"Gensokyo:3_Gloops","floor":30,"turns":6},{"damage":0,"enemies":"Gensokyo:Slime_Group","floor":31,"turns":4},{"damage":12,"enemies":"Gensokyo:Kaguya","floor":33,"turns":9},{"damage":14,"enemies":"Gensokyo:3_Boulders","floor":35,"turns":6},{"damage":0,"enemies":"Gensokyo:AncientGuardian","floor":36,"turns":6},{"damage":0,"enemies":"Gensokyo:4_Bats","floor":38,"turns":4},{"damage":0,"enemies":"Gensokyo:Dusk_and_Dawn","floor":39,"turns":3},{"damage":0,"enemies":"Gensokyo:SeedOfUnknown","floor":41,"turns":4},{"damage":0,"enemies":"Gensokyo:Marisa","floor":42,"turns":4},{"damage":0,"enemies":"Gensokyo:AtlasGolem","floor":46,"turns":4},{"damage":12,"enemies":"Gensokyo:Shinki","floor":50,"turns":8}],"seed_played":"-2321906619772626535","potions_obtained":[{"floor":8,"key":"BlessingOfTheForge"},{"floor":13,"key":"SkillPotion"},{"floor":19,"key":"Swift Potion"},{"floor":21,"key":"Strength Potion"},{"floor":31,"key":"SkillPotion"},{"floor":38,"key":"Languid Potion"},{"floor":41,"key":"Explosive Potion"}],"is_trial":false,"path_per_floor":["M","M","?","T","?","R","M","E","T","?","?","R","M","?","R","B",null,"M","M","COS","M","?","R","?","E","T","T","R","E","M","M","R","B",null,"M","M","$","M","M","R","M","E","T","?","?","M","COS","$","R","B",null],"character_chosen":"THE_SILENT","items_purchased":["Ice Cream","Replay:Kaleidoscope","Flying Knee","Strength Potion"],"campfire_rested":1,"item_purchase_floors":[37,37,37,48],"current_hp_per_floor":[57,53,53,53,36,36,35,3,3,3,3,24,24,19,19,13,63,58,58,58,58,58,58,58,58,58,58,58,67,80,80,80,80,80,72,80,80,80,80,80,80,80,80,80,80,80,80,80,80,76],"gold":20,"neow_bonus":"THREE_RARE_CARDS","is_daily":false,"chose_seed":false,"campfire_upgraded":4,"win_rate":0.0,"timestamp":1612006587,"path_taken":["M","?","?","?","?","R","?","E","T","?","?","R","M","?","R","BOSS","M","M","COS","M","?","R","?","E","T","?","R","E","M","M","R","BOSS","M","M","$","M","M","R","M","E","T","?","?","M","COS","?","R","BOSS"],"items_purchased_type":["Relic","Relic","Card","Potion"],"build_version":"2020-12-22","purchased_purges":1,"victory":true,"max_hp_per_floor":[70,70,70,70,70,70,70,70,70,70,70,70,70,80,80,80,80,80,80,80,80,80,80,80,80,80,80,80,80,80,80,80,80,80,80,80,80,80,80,80,80,80,80,80,80,80,80,80,80,80],"card_choices":[{"not_picked":["Replay:Bag of Tricks","Night Terror"],"picked":"After Image","floor":0},{"not_picked":["Bane","Setup"],"picked":"Draining Mist","floor":1},{"not_picked":["Dagger Throw","Distraction"],"picked":"Blade Dance","floor":2},{"not_picked":["PiercingWail","ReplayTheSpireMod:Shiv Toss"],"picked":"After Image","floor":7},{"not_picked":["Quick Slash","Catalyst"],"picked":"Prepared","floor":8},{"not_picked":["Flying Knee","PiercingWail"],"picked":"Backstab","floor":10},{"not_picked":["Slice","PiercingWail"],"picked":"Blade Dance","floor":10},{"not_picked":["Blade Dance","Night Terror"],"picked":"Deflect","floor":13},{"not_picked":["Grand Finale","Wraith Form v2+1"],"picked":"Night Terror","floor":16},{"not_picked":["Reflex","Acrobatics"],"picked":"Heel Hook","floor":18},{"not_picked":["Hidden Blade","Underhanded Strike"],"picked":"Blade Dance","floor":19},{"not_picked":["Blade Dance+1","Flying Knee+1"],"picked":"Heel Hook+1","floor":21},{"not_picked":["Poisoned Stab+1","Setup"],"picked":"Sneak Up","floor":21},{"not_picked":["Grand Finale","Quick Slash"],"picked":"Backflip","floor":25},{"not_picked":["Concentrate+1","Riddle With Holes","Acrobatics+1"],"picked":"SKIP","floor":29},{"not_picked":["Flechettes+1","Prepared"],"picked":"Cloak And Dagger","floor":30},{"not_picked":["Bane","Sucker Punch","Dagger Throw"],"picked":"SKIP","floor":31},{"not_picked":["Malaise","Glass Knife"],"picked":"Envenom+1","floor":33},{"not_picked":["Dagger Throw"],"picked":"SKIP","floor":35},{"not_picked":["Riddle With Holes+1"],"picked":"SKIP","floor":36},{"not_picked":["Dagger Spray+1"],"picked":"SKIP","floor":38},{"not_picked":["All Out Attack"],"picked":"SKIP","floor":39},{"not_picked":["Hidden Blade"],"picked":"SKIP","floor":41},{"not_picked":[],"picked":"Flying Knee+1","floor":42},{"not_picked":[],"picked":"Dodge and Roll+1","floor":46}],"player_experience":340659,"relics_obtained":[{"floor":4,"key":"Matryoshka"},{"floor":8,"key":"Bag of Marbles"},{"floor":9,"key":"ReplayTheSpireMod:Lightbulb"},{"floor":9,"key":"Happy Flower"},{"floor":10,"key":"Frozen Egg 2"},{"floor":10,"key":"Potion Belt"},{"floor":25,"key":"Quantum Egg"},{"floor":25,"key":"Gensokyo:ConquerorOfFear"},{"floor":26,"key":"Replay:Bottled Steam"},{"floor":27,"key":"Snack Pack"},{"floor":32,"key":"Bronze Scales"},{"floor":40,"key":"Girya"},{"floor":42,"key":"Replay:Bottled Snecko"},{"floor":43,"key":"InkBottle"}],"event_choices":[],"is_beta":false,"boss_relics":[{"not_picked":["Empty Cage","ReplayTheSpireMod:Onyx Gauntlets"],"picked":"Abe\u0027s Treasure"},{"not_picked":["ReplayTheSpireMod:DimensionalGlitch","Astrolabe"],"picked":"Busted Crown"}],"items_purged_floors":[37],"is_endless":false,"potions_floor_spawned":[8,13,19,21,31,38,41],"ascension_level":7}}