{"host":"bbjnqymry46jz0fa","time":1612013295,"event":{"mods":["BaseMod","DeckTracker","Minty Spire (QoL Compilation)","Quick Restart","StSLib","SuperFastMode"],"gold_per_floor":[119,133,283,283,283,311,322,322,322,332,404,420,289,319,319,319,319],"floor_reached":16,"language":"KOR","playtime":186,"items_purged":["Strike_G"],"score":250,"play_id":"b2d58ec5-4fd0-43b0-94c7-889aac1af720","local_time":"20210130222815","is_ascension_mode":true,"campfire_choices":[{"data":"Underhanded Strike","floor":15,"key":"SMITH"}],"circlet_count":0,"master_deck":["AscendersBane","Strike_G","Strike_G+1","Strike_G","Strike_G","Defend_G","Defend_G","Defend_G","Defend_G","Defend_G+1","Survivor","Neutralize","Underhanded Strike+1","Crippling Poison","Backstab+1","Acrobatics","Backflip"],"relics":["Ring of the Snake","NeowsBlessing","Molten Egg 2","TungstenRod","Snake Skull","White Beast Statue","Odd Mushroom"],"acts_visited":["Exordium"],"potions_floor_usage":[14,14,16],"damage_taken":[{"damage":0,"enemies":"2 Louse","floor":1,"turns":1},{"damage":0,"enemies":"Jaw Worm","floor":2,"turns":1},{"damage":0,"enemies":"Gremlin Nob","floor":6,"turns":1},{"damage":0,"enemies":"Small Slimes","floor":7,"turns":2},{"damage":1,"enemies":"2 Fungi Beasts","floor":10,"turns":3},{"damage":0,"enemies":"Red Slaver","floor":12,"turns":3},{"damage":11,"enemies":"The Mushroom Lair","floor":14,"turns":3},{"damage":11,"enemies":"Slime Boss","floor":16,"turns":4}],"seed_played":"-3311949203807700160","potions_obtained":[{"floor":1,"key":"CunningPotion"},{"floor":12,"key":"CunningPotion"},{"floor":14,"key":"SteroidPotion"}],"is_trial":false,"path_per_floor":["M","M","?","?","?","E","M","?","T","M","T","M","$","?","R","B"],"character_chosen":"THE_SILENT","items_purchased":["Backflip"],"campfire_rested":0,"item_purchase_floors":[13],"current_hp_per_floor":[59,59,59,41,21,21,21,15,15,14,14,14,14,3,3,0,0],"gold":319,"neow_bonus":"THREE_ENEMY_KILL","is_daily":false,"chose_seed":false,"campfire_upgraded":1,"win_rate":0.0,"timestamp":1612013295,"path_taken":["M","M","?","?","?","E","M","?","T","M","?","M","$","?","R","BOSS"],"items_purchased_type":["Card"],"build_version":"2020-12-22","purchased_purges":1,"victory":false,"max_hp_per_floor":[66,66,66,66,66,66,66,66,66,66,66,66,66,66,66,66,66],"card_choices":[{"not_picked":["Leg Sweep","Dodge and Roll"],"picked":"Underhanded Strike","floor":1},{"not_picked":["Outmaneuver","Footwork"],"picked":"Crippling Poison","floor":2},{"not_picked":["Outmaneuver","Finisher+1"],"picked":"Backstab+1","floor":6},{"not_picked":["Deflect","Sucker Punch+1","Phantasmal Killer"],"picked":"SKIP","floor":7},{"not_picked":["Sucker Punch+1","Endless Agony+1"],"picked":"Acrobatics","floor":10},{"not_picked":["Bane+1","Masterful Stab+1","Deadly Poison"],"picked":"SKIP","floor":12}],"player_experience":735967,"relics_obtained":[{"floor":6,"key":"TungstenRod"},{"floor":9,"key":"Snake Skull"},{"floor":11,"key":"White Beast Statue"},{"floor":14,"key":"Odd Mushroom"}],"event_choices":[{"damage_healed":0,"gold_gain":150,"player_choice":"AGREE","damage_taken":0,"max_hp_gain":0,"max_hp_loss":0,"event_name":"Liars Game","floor":3,"gold_loss":0,"cards_obtained":["Doubt"]},{"damage_healed":0,"gold_gain":0,"player_choice":"Success","damage_taken":18,"relics_obtained":["Molten Egg 2"],"max_hp_gain":0,"max_hp_loss":0,"event_name":"Scrap Ooze","floor":4,"gold_loss":0},{"damage_healed":0,"gold_gain":0,"player_choice":"Entered Light","damage_taken":20,"max_hp_gain":0,"max_hp_loss":0,"event_name":"Shining Light","floor":5,"gold_loss":0,"cards_upgraded":["Strike_G","Defend_G"]},{"cards_removed":["Doubt"],"damage_healed":0,"gold_gain":0,"player_choice":"Card Removal","damage_taken":7,"max_hp_gain":0,"max_hp_loss":0,"event_name":"Golden Wing","floor":8,"gold_loss":0},{"damage_healed":0,"gold_gain":0,"player_choice":"Fought Mushrooms","damage_taken":0,"max_hp_gain":0,"max_hp_loss":0,"event_name":"Mushrooms","floor":14,"gold_loss":0}],"is_beta":false,"boss_relics":[],"items_purged_floors":[13],"is_endless":false,"potions_floor_spawned":[1,12,14],"killed_by":"Slime Boss","ascension_level":20}}