{"host":"gaqyve1328ta0etl","time":1612003083,"event":{"mods":["BaseMod","Colored Map","Colored Powertips","Googly Eyes","Minty Spire (QoL Compilation)","Shop Mod","StSLib","SuperFastMode","The Hierophant","The Runesmith"],"gold_per_floor":[111,36,56,6,26,26,37,37,63,76,76,76,109,128,128,228,228,228,228,128,128,128,128,128],"floor_reached":23,"language":"ENG","playtime":526,"items_purged":["Strike_B","Strike_B"],"score":287,"play_id":"a94a2a60-c275-42eb-87d1-a3f93cd6c603","local_time":"20210130023803","is_ascension_mode":true,"campfire_choices":[{"data":"Zap","floor":6,"key":"SMITH"},{"data":"Dualcast","floor":8,"key":"SMITH"},{"floor":15,"key":"REST"}],"circlet_count":0,"master_deck":["AscendersBane","Strike_B","Defend_B","Defend_B","Defend_B","Defend_B","Zap+1","Dualcast+1","Self Repair","Scrape","Barrage","Ball Lightning","Seek","Darkness","Hologram","Buffer","Coolheaded"],"relics":["Cracked Core","NeowsBlessing","Nunchaku","Regal Pillow","TungstenRod","Ectoplasm"],"acts_visited":["Exordium","TheCity"],"potions_floor_usage":[10,23],"damage_taken":[{"damage":0,"enemies":"Jaw Worm","floor":1,"turns":1},{"damage":0,"enemies":"2 Louse","floor":3,"turns":1},{"damage":0,"enemies":"Small Slimes","floor":5,"turns":1},{"damage":7,"enemies":"Looter","floor":7,"turns":4},{"damage":0,"enemies":"Exordium Wildlife","floor":10,"turns":2},{"damage":30,"enemies":"3 Sentries","floor":13,"turns":8},{"damage":5,"enemies":"2 Fungi Beasts","floor":14,"turns":3},{"damage":27,"enemies":"The Guardian","floor":16,"turns":12},{"damage":0,"enemies":"Spheric Guardian","floor":18,"turns":3},{"damage":29,"enemies":"Chosen","floor":19,"turns":6},{"damage":52,"enemies":"Book of Stabbing","floor":23,"turns":4}],"seed_played":"4052359763776975138","potions_obtained":[{"floor":3,"key":"EssenceOfSteel"},{"floor":7,"key":"SneckoOil"},{"floor":16,"key":"SteroidPotion"},{"floor":18,"key":"PowerPotion"}],"is_trial":false,"path_per_floor":["M","$","M","?","M","R","M","R","T","M","?","?","E","M","R","B",null,"M","M","$","?","?","E"],"character_chosen":"DEFECT","items_purchased":[],"campfire_rested":1,"item_purchase_floors":[],"current_hp_per_floor":[68,68,68,68,75,75,75,75,75,75,63,68,45,47,80,60,75,80,51,51,51,51,0,0],"gold":128,"neow_bonus":"THREE_ENEMY_KILL","is_daily":false,"chose_seed":false,"campfire_upgraded":2,"win_rate":0.0,"timestamp":1612003083,"path_taken":["M","$","M","?","M","R","M","R","T","M","?","?","E","M","R","BOSS","M","M","$","?","?","E"],"items_purchased_type":[],"build_version":"2020-12-22","purchased_purges":2,"victory":false,"max_hp_per_floor":[75,75,75,75,75,75,75,75,75,75,75,80,80,80,80,80,80,80,80,80,80,80,80,80],"card_choices":[{"not_picked":["Streamline","Turbo"],"picked":"Self Repair","floor":1},{"not_picked":["Steam Power","Chill"],"picked":"Scrape","floor":3},{"not_picked":["Auto Shields","Self Repair"],"picked":"Barrage","floor":5},{"not_picked":["Sunder","Compile Driver"],"picked":"Ball Lightning","floor":7},{"not_picked":["Auto Shields","Glacier"],"picked":"Seek","floor":10},{"not_picked":["Rip and Tear","Cold Snap"],"picked":"Darkness","floor":13},{"not_picked":["Beam Cell","Go for the Eyes"],"picked":"Hologram","floor":14},{"not_picked":["Echo Form","Machine Learning"],"picked":"Buffer","floor":16},{"not_picked":["Consume","Sweeping Beam","Steam Power+1"],"picked":"SKIP","floor":18},{"not_picked":["Rip and Tear","Go for the Eyes+1"],"picked":"Coolheaded","floor":19}],"player_experience":2058765,"relics_obtained":[{"floor":9,"key":"Nunchaku"},{"floor":13,"key":"TungstenRod"}],"event_choices":[{"cards_removed":["Strike_B"],"damage_healed":0,"gold_gain":0,"player_choice":"Card Removal","damage_taken":0,"max_hp_gain":0,"max_hp_loss":0,"event_name":"The Cleric","floor":4,"gold_loss":50},{"damage_healed":0,"gold_gain":0,"player_choice":"Success","damage_taken":12,"relics_obtained":["Regal Pillow"],"max_hp_gain":0,"max_hp_loss":0,"event_name":"Scrap Ooze","floor":11,"gold_loss":0},{"damage_healed":0,"gold_gain":0,"player_choice":"Donut","damage_taken":0,"max_hp_gain":5,"max_hp_loss":0,"event_name":"Big Fish","floor":12,"gold_loss":0},{"damage_healed":0,"gold_gain":0,"player_choice":"Ignored","damage_taken":0,"max_hp_gain":0,"max_hp_loss":0,"event_name":"Ghosts","floor":21,"gold_loss":0},{"damage_healed":0,"gold_gain":0,"player_choice":"Ignored","damage_taken":0,"max_hp_gain":0,"max_hp_loss":0,"event_name":"Vampires","floor":22,"gold_loss":0}],"is_beta":false,"boss_relics":[{"not_picked":["Snecko Eye","FrozenCore"],"picked":"Ectoplasm"}],"items_purged_floors":[2,20],"is_endless":false,"potions_floor_spawned":[3,7,16,18],"killed_by":"Book of Stabbing","ascension_level":10}}