{"host":"kda2p2afd6bvz6qo","time":1612026930,"event":{"mods":["BaseMod","Colored Map","Minty Spire (QoL Compilation)","Relic Stats"],"gold_per_floor":[114,131,148,167,167,167,198,198,198,210,210,241,191,31,31,131,131,143,143,43,57,57,57,84,6,6,26,54,73,105,122,122,217,217,227,243,30,30,30,55,72,8,8,27,55,72,101,121,121,121],"floor_reached":51,"language":"ENG","playtime":3468,"items_purged":["Strike_B","Writhe"],"score":925,"play_id":"1d83670e-e400-418f-a048-237727e788ff","local_time":"20210130171530","is_ascension_mode":true,"campfire_choices":[{"data":"Ball Lightning","floor":6.0,"key":"SMITH"},{"data":"Lockon","floor":8.0,"key":"SMITH"},{"data":"Darkness","floor":11.0,"key":"SMITH"},{"data":"Go for the Eyes","floor":15.0,"key":"SMITH"},{"data":"Discovery","floor":23.0,"key":"SMITH"},{"data":"Biased Cognition","floor":32.0,"key":"SMITH"},{"data":"Panacea","floor":49,"key":"SMITH"}],"circlet_count":0,"master_deck":["Strike_B","Defend_B","Defend_B","Defend_B+1","Zap","Dualcast","Ball Lightning+1","Coolheaded+1","BootSequence","Lockon+1","Darkness+1","Go for the Eyes+1","Discovery+1","Machine Learning+1","Genetic Algorithm+1","Biased Cognition+1","Conserve Battery","Chaos","Leap+1","Glacier","Chill","Blizzard","Echo Form","Coolheaded","Skim","Panacea+1","Master of Strategy","White Noise+1","Seek"],"relics":["Cracked Core","NeowsBlessing","Mummified Hand","Darkstone Periapt","Gremlin Horn","Coffee Dripper","War Paint","The Courier","Bronze Scales","Orichalcum","Sundial","Inserter","Letter Opener","Ancient Tea Set","TungstenRod","Meat on the Bone","MealTicket"],"acts_visited":["Exordium","TheCity","TheBeyond"],"potions_floor_usage":[44,45,45,47,50],"damage_taken":[{"damage":0.0,"enemies":"Small Slimes","floor":1.0,"turns":1.0},{"damage":0.0,"enemies":"2 Louse","floor":2.0,"turns":1.0},{"damage":0.0,"enemies":"Jaw Worm","floor":3.0,"turns":1.0},{"damage":5.0,"enemies":"2 Fungi Beasts","floor":4.0,"turns":3.0},{"damage":17.0,"enemies":"Gremlin Nob","floor":7.0,"turns":4.0},{"damage":0.0,"enemies":"Large Slime","floor":10.0,"turns":3.0},{"damage":15.0,"enemies":"3 Sentries","floor":12.0,"turns":5.0},{"damage":10.0,"enemies":"Hexaghost","floor":16.0,"turns":7.0},{"damage":0.0,"enemies":"2 Thieves","floor":18.0,"turns":3.0},{"damage":10.0,"enemies":"Spheric Guardian","floor":21.0,"turns":3.0},{"damage":12.0,"enemies":"Gremlin Leader","floor":24.0,"turns":5.0},{"damage":0.0,"enemies":"3 Cultists","floor":27.0,"turns":4.0},{"damage":12.0,"enemies":"Slavers","floor":28.0,"turns":5.0},{"damage":3.0,"enemies":"Centurion and Healer","floor":29.0,"turns":3.0},{"damage":0.0,"enemies":"Book of Stabbing","floor":30.0,"turns":5.0},{"damage":0.0,"enemies":"Sentry and Sphere","floor":31.0,"turns":4.0},{"damage":25.0,"enemies":"Automaton","floor":33.0,"turns":13.0},{"damage":0.0,"enemies":"Orb Walker","floor":35.0,"turns":3.0},{"damage":0.0,"enemies":"3 Darklings","floor":36.0,"turns":6.0},{"damage":0,"enemies":"Giant Head","floor":40,"turns":9},{"damage":0,"enemies":"Transient","floor":41,"turns":5},{"damage":7,"enemies":"4 Shapes","floor":44,"turns":3},{"damage":0,"enemies":"Reptomancer","floor":45,"turns":4},{"damage":18,"enemies":"Jaw Worm Horde","floor":46,"turns":3},{"damage":9,"enemies":"Nemesis","floor":47,"turns":5},{"damage":0,"enemies":"3 Darklings","floor":48,"turns":4},{"damage":2,"enemies":"Time Eater","floor":50,"turns":7}],"seed_played":"7414681055493046560","potions_obtained":[{"floor":2.0,"key":"Swift Potion"},{"floor":10.0,"key":"Dexterity Potion"},{"floor":21.0,"key":"EssenceOfSteel"},{"floor":27.0,"key":"Block Potion"},{"floor":28.0,"key":"AttackPotion"},{"floor":30.0,"key":"DistilledChaos"},{"floor":31.0,"key":"Energy Potion"},{"floor":44,"key":"LiquidMemories"},{"floor":45,"key":"Ancient Potion"},{"floor":46,"key":"EssenceOfSteel"}],"is_trial":false,"path_per_floor":["M","M","M","M","?","R","E","R","T","M","R","E","?","$","R","B",null,"M","?","$","M","?","R","E","$","T","M","E","M","E","M","R","B",null,"M","M","$","?","?","E","M","?","T","M","E","M","E","M","R","B",null],"character_chosen":"DEFECT","items_purchased":["Discovery","Conserve Battery","Chaos","Panacea","Master of Strategy"],"campfire_rested":0,"item_purchase_floors":[14,25,25,37,37],"current_hp_per_floor":[75,75,75,70,63,63,46,46,46,46,46,31,31,31,31,21,75,75,81,81,71,71,71,59,59,59,59,47,44,44,44,44,19,81,81,81,81,81,77,77,77,77,77,70,70,52,43,43,43,41],"gold":121,"neow_bonus":"THREE_ENEMY_KILL","is_daily":false,"chose_seed":false,"campfire_upgraded":7,"win_rate":0.0,"timestamp":1612026930,"path_taken":["M","M","M","M","?","R","E","R","T","M","R","E","?","?","R","BOSS","M","?","$","M","?","R","E","$","T","M","E","?","E","?","R","BOSS","M","M","$","?","?","E","M","?","T","M","E","M","E","M","R","BOSS"],"items_purchased_type":["Card","Card","Card","Card","Card"],"build_version":"2020-12-22","purchased_purges":2,"victory":true,"max_hp_per_floor":[75,75,75,75,75,75,75,75,75,75,75,75,75,75,75,75,75,75,81,81,81,81,81,81,81,81,81,81,81,81,81,81,81,81,81,81,81,81,77,77,77,77,77,77,77,77,77,77,77,77],"relic_stats":{"Darkstone Periapt":6,"Inserter":[24],"Gremlin Horn":[24,24],"counters":[27,119],"Letter Opener":[306],"War Paint":["Coolheaded","Defend_B"],"Orichalcum":[6],"Mummified Hand":[75],"Sundial":[10],"Bronze Scales":[302],"MealTicket":0,"obtain_stats":[{"Darkstone Periapt":9,"Inserter":34,"NeowsBlessing":0,"Gremlin Horn":12,"The Courier":24,"Letter Opener":40,"War Paint":19,"Orichalcum":28,"Ancient Tea Set":42,"Mummified Hand":7,"Sundial":30,"Bronze Scales":26,"MealTicket":47,"Coffee Dripper":17,"Cracked Core":0,"TungstenRod":43,"Meat on the Bone":45},{"Darkstone Periapt":5,"Inserter":17,"NeowsBlessing":0,"Gremlin Horn":7,"The Courier":11,"Letter Opener":20,"War Paint":9,"Orichalcum":13,"Ancient Tea Set":21,"Mummified Hand":5,"Sundial":15,"Bronze Scales":11,"MealTicket":25,"Coffee Dripper":8,"Cracked Core":0,"TungstenRod":21,"Meat on the Bone":23},{"Darkstone Periapt":10,"Inserter":70,"NeowsBlessing":0,"Gremlin Horn":18,"The Courier":36,"Letter Opener":88,"War Paint":28,"Orichalcum":45,"Ancient Tea Set":93,"Mummified Hand":10,"Sundial":53,"Bronze Scales":36,"MealTicket":108,"Coffee Dripper":25,"Cracked Core":0,"TungstenRod":93,"Meat on the Bone":100}],"TungstenRod":5,"Meat on the Bone":0},"card_choices":[{"not_picked":["Go for the Eyes","Static Discharge"],"picked":"Ball Lightning","floor":1.0},{"not_picked":["Reprogram","Compile Driver"],"picked":"Coolheaded","floor":2.0},{"not_picked":["Rebound","Hologram","Steam"],"picked":"SKIP","floor":3.0},{"not_picked":["Leap","Redo"],"picked":"BootSequence","floor":4.0},{"not_picked":["Go for the Eyes","Beam Cell"],"picked":"Lockon","floor":7.0},{"not_picked":["Compile Driver","Beam Cell"],"picked":"Darkness","floor":10.0},{"not_picked":["Streamline","Beam Cell"],"picked":"Go for the Eyes","floor":12.0},{"not_picked":["Thunder Strike","Rainbow"],"picked":"Machine Learning","floor":16.0},{"not_picked":["Coolheaded+1","Ball Lightning+1"],"picked":"Genetic Algorithm+1","floor":18.0},{"not_picked":["Steam+1","Beam Cell","Auto Shields"],"picked":"SKIP","floor":21.0},{"not_picked":["Storm","Stack"],"picked":"Biased Cognition","floor":24.0},{"not_picked":["Heatsinks","Ball Lightning"],"picked":"Leap+1","floor":27.0},{"not_picked":["BootSequence+1","Skim"],"picked":"Glacier","floor":28.0},{"not_picked":["Conserve Battery","Hello World"],"picked":"Chill","floor":29.0},{"not_picked":["Rip and Tear+1","Streamline","Beam Cell+1"],"picked":"SKIP","floor":30.0},{"not_picked":["Barrage","Ball Lightning"],"picked":"Blizzard","floor":31.0},{"not_picked":["Reboot","Fission"],"picked":"Echo Form","floor":33.0},{"not_picked":["Blizzard","Static Discharge+1"],"picked":"Coolheaded","floor":35.0},{"not_picked":["Leap+1","Go for the Eyes+1"],"picked":"Skim","floor":36.0},{"not_picked":["Redo+1","Scrape","Rebound"],"picked":"SKIP","floor":40},{"not_picked":["Melter","Compile Driver"],"picked":"White Noise+1","floor":41},{"not_picked":["Conserve Battery","Leap","Steam"],"picked":"SKIP","floor":44},{"not_picked":["Gash","Self Repair+1"],"picked":"Seek","floor":45},{"not_picked":["Steam","Steam Power","Conserve Battery+1"],"picked":"SKIP","floor":46},{"not_picked":["Barrage","Sweeping Beam+1","Conserve Battery"],"picked":"SKIP","floor":47},{"not_picked":["Genetic Algorithm","Steam","Force Field+1"],"picked":"SKIP","floor":48}],"player_experience":174318,"relics_obtained":[{"floor":7.0,"key":"Mummified Hand"},{"floor":9.0,"key":"Darkstone Periapt"},{"floor":12.0,"key":"Gremlin Horn"},{"floor":24.0,"key":"The Courier"},{"floor":26.0,"key":"Bronze Scales"},{"floor":28.0,"key":"Orichalcum"},{"floor":30.0,"key":"Sundial"},{"floor":40,"key":"Letter Opener"},{"floor":43,"key":"TungstenRod"},{"floor":45,"key":"Meat on the Bone"},{"floor":47,"key":"MealTicket"}],"event_choices":[{"cards_removed":["Strike_B"],"damage_healed":0.0,"max_hp_gain":0.0,"max_hp_loss":0.0,"gold_gain":0.0,"event_name":"Golden Wing","player_choice":"Card Removal","floor":5.0,"gold_loss":0.0,"damage_taken":7.0},{"cards_removed":["Strike_B"],"damage_healed":0.0,"max_hp_gain":0.0,"max_hp_loss":0.0,"gold_gain":0.0,"event_name":"The Cleric","player_choice":"Card Removal","floor":13.0,"gold_loss":50.0,"damage_taken":0.0},{"damage_healed":0.0,"max_hp_gain":0.0,"max_hp_loss":0.0,"gold_gain":0.0,"event_name":"The Mausoleum","player_choice":"Opened","floor":19.0,"gold_loss":0.0,"damage_taken":0.0,"relics_obtained":["War Paint"],"cards_obtained":["Writhe"]},{"damage_healed":0.0,"max_hp_gain":0.0,"max_hp_loss":0.0,"gold_gain":0.0,"event_name":"Upgrade Shrine","player_choice":"Upgraded","floor":22.0,"gold_loss":0.0,"damage_taken":0.0,"cards_upgraded":["Machine Learning"]},{"cards_removed":["Defend_B"],"damage_healed":0.0,"max_hp_gain":0.0,"max_hp_loss":0.0,"gold_gain":0.0,"event_name":"Falling","player_choice":"Removed Skill","floor":38.0,"gold_loss":0.0,"damage_taken":0.0},{"damage_healed":0.0,"max_hp_gain":0.0,"max_hp_loss":4.0,"gold_gain":0.0,"event_name":"Winding Halls","player_choice":"Max HP","floor":39.0,"gold_loss":0.0,"damage_taken":0.0},{"damage_healed":0,"gold_gain":0,"player_choice":"Paid Gold","damage_taken":0,"relics_obtained":["Ancient Tea Set"],"max_hp_gain":0,"max_hp_loss":0,"event_name":"WeMeetAgain","floor":42,"gold_loss":64}],"is_beta":false,"boss_relics":[{"not_picked":["Runic Pyramid","Snecko Eye"],"picked":"Coffee Dripper"},{"not_picked":["SlaversCollar","Runic Dome"],"picked":"Inserter"}],"items_purged_floors":[14,20],"is_endless":false,"potions_floor_spawned":[2,10,21,27,28,30,31,36,40,44,45,46],"ascension_level":1}}