{"host":"kvo7eymyd21g9abd","time":1612031431,"event":{"mods":["AchievementEnabler","BaseMod","Bestiary","Colored Map","Minty Spire (QoL Compilation)","StSLib"],"gold_per_floor":[109,109,184,203,104,129,129,147,147,177,205,256,256,256,256,356,356,366,380,335,363,373,373,404,404,404,404,415,449,364,381,381,476,476,494,507,523,1522,915,915,950,522,522,522,744,207,236,236,236,236,236,236,16,50,50],"floor_reached":56,"language":"ENG","playtime":1530,"items_purged":["Regret"],"score":1422,"play_id":"4072022c-cdff-4914-8346-804d0f560d1b","local_time":"20210130133031","is_ascension_mode":false,"campfire_choices":[{"floor":7,"key":"RECALL"},{"data":"Inflame","floor":13,"key":"SMITH"},{"data":"Shockwave","floor":15,"key":"SMITH"},{"data":"Sword Boomerang","floor":23,"key":"SMITH"},{"data":"Sword Boomerang","floor":25,"key":"SMITH"},{"data":"Spot Weakness","floor":32,"key":"SMITH"},{"data":"Limit Break","floor":40,"key":"SMITH"},{"data":"Cleave","floor":44,"key":"SMITH"},{"data":"Inflame","floor":49,"key":"SMITH"},{"data":"Secret Weapon","floor":52,"key":"SMITH"}],"circlet_count":0,"master_deck":["Strike_R","Strike_R","Strike_R","Strike_R","Strike_R","Defend_R","Defend_R","Defend_R","Defend_R","Bash","Inflame+1","Sword Boomerang+1","Cleave+1","Sword Boomerang+1","Heavy Blade+1","Shockwave+1","Feed+1","Body Slam+1","Shrug It Off","Sword Boomerang+1","Spot Weakness+1","Spot Weakness+1","Bludgeon+1","Flex+1","Limit Break+1","Thunderclap+1","Spot Weakness","Shrug It Off","Body Slam+1","Bandage Up","Dropkick+1","Secret Weapon+1","Metallicize+1","Inflame+1","Reaper+1","Seeing Red","Intimidate+1","Master of Strategy+1","Finesse+1","Iron Wave+1","Intimidate+1"],"relics":["Burning Blood","NeowsBlessing","Paper Frog","Meat on the Bone","Eternal Feather","Molten Egg 2","Odd Mushroom","Bottled Tornado","Busted Crown","Red Mask","Bottled Lightning","MutagenicStrength","Regal Pillow","Omamori","SlaversCollar","Membership Card","Oddly Smooth Stone","Ginger","Letter Opener","Brimstone","Bag of Marbles","Bottled Flame","Kunai","StoneCalendar","TheAbacus","Toxic Egg 2","Frozen Egg 2","Lantern","Lizard Tail","Unceasing Top"],"acts_visited":["Exordium","TheCity","TheBeyond","TheEnding"],"potions_floor_usage":[24,55,55,55],"damage_taken":[{"damage":0,"enemies":"2 Louse","floor":1,"turns":1},{"damage":0,"enemies":"Jaw Worm","floor":4,"turns":1},{"damage":0,"enemies":"Gremlin Nob","floor":6,"turns":1},{"damage":0,"enemies":"Cultist","floor":8,"turns":2},{"damage":36,"enemies":"Lagavulin","floor":10,"turns":5},{"damage":22,"enemies":"The Mushroom Lair","floor":11,"turns":4},{"damage":19,"enemies":"Slime Boss","floor":16,"turns":6},{"damage":15,"enemies":"Shell Parasite","floor":18,"turns":3},{"damage":10,"enemies":"Spheric Guardian","floor":19,"turns":3},{"damage":18,"enemies":"Masked Bandits","floor":21,"turns":4},{"damage":0,"enemies":"3 Cultists","floor":22,"turns":3},{"damage":18,"enemies":"Slavers","floor":24,"turns":3},{"damage":9,"enemies":"Snake Plant","floor":28,"turns":3},{"damage":12,"enemies":"Book of Stabbing","floor":29,"turns":3},{"damage":10,"enemies":"Sentry and Sphere","floor":31,"turns":3},{"damage":29,"enemies":"Automaton","floor":33,"turns":6},{"damage":11,"enemies":"Orb Walker","floor":35,"turns":2},{"damage":23,"enemies":"3 Darklings","floor":36,"turns":3},{"damage":0,"enemies":"Transient","floor":37,"turns":5},{"damage":16,"enemies":"Reptomancer","floor":41,"turns":4},{"damage":31,"enemies":"Nemesis","floor":47,"turns":3},{"damage":42,"enemies":"Donu and Deca","floor":50,"turns":6},{"damage":12,"enemies":"Shield and Spear","floor":54,"turns":3},{"damage":85,"enemies":"The Heart","floor":55,"turns":5}],"seed_played":"8577756067607022716","potions_obtained":[{"floor":1,"key":"BloodPotion"},{"floor":16,"key":"ColorlessPotion"},{"floor":19,"key":"Energy Potion"},{"floor":28,"key":"Strength Potion"},{"floor":31,"key":"Regen Potion"},{"floor":47,"key":"Block Potion"}],"is_trial":false,"path_per_floor":["M","?","?","M","$","E","R","M","T","E","?","?","R","T","R","B",null,"M","M","$","?","M","R","E","R","T","?","M","E","?","M","R","B",null,"M","M","M","?","$","R","E","$","T","R","?","$","E","?","R","B",null,"R","$","E","B",null],"character_chosen":"IRONCLAD","items_purchased":["Cleave","Shrug It Off","Membership Card","Oddly Smooth Stone","Ginger","Shrug It Off","Body Slam+1","Bandage Up","Flex","Dropkick+1","Secret Weapon","Inflame","Reaper+1","Brimstone","Bag of Marbles","Bottled Flame","Seeing Red","StoneCalendar","TheAbacus","Toxic Egg 2","Intimidate+1","Master of Strategy+1","Finesse+1","Iron Wave+1","Lizard Tail","Intimidate+1","DuplicationPotion"],"campfire_rested":0,"item_purchase_floors":[5,20,39,39,39,39,39,39,39,39,39,42,42,42,42,42,42,46,46,46,46,46,46,46,53,53,53],"current_hp_per_floor":[80,80,69,75,75,80,80,80,80,50,46,46,55,55,64,51,80,75,71,71,63,69,81,73,85,85,85,82,80,80,76,88,69,100,95,78,84,84,84,100,94,94,94,100,100,100,79,79,103,75,108,108,108,106,90],"gold":50,"neow_bonus":"THREE_ENEMY_KILL","is_daily":false,"chose_seed":false,"campfire_upgraded":9,"win_rate":0.0,"timestamp":1612031431,"path_taken":["M","?","?","?","?","E","R","M","T","E","?","?","R","?","R","BOSS","M","M","$","?","M","R","E","R","T","?","M","E","?","M","R","BOSS","M","M","M","?","$","R","E","$","T","R","?","$","E","?","R","BOSS","R","$","E","BOSS"],"items_purchased_type":["Card","Card","Relic","Relic","Relic","Card","Card","Card","Card","Card","Card","Card","Card","Relic","Relic","Relic","Card","Relic","Relic","Relic","Card","Card","Card","Card","Relic","Card","Potion"],"build_version":"2020-12-22","purchased_purges":1,"victory":true,"max_hp_per_floor":[80,80,80,80,80,80,80,80,80,80,80,80,80,80,80,80,80,84,84,84,88,88,88,92,92,92,92,92,96,96,96,96,100,100,100,100,100,100,100,100,100,100,100,100,100,100,104,104,104,108,108,108,108,112,112],"card_choices":[{"not_picked":["Sword Boomerang","Wild Strike"],"picked":"Inflame","floor":1},{"not_picked":["Armaments","Seeing Red"],"picked":"Sword Boomerang","floor":4},{"not_picked":["Searing Blow","Warcry"],"picked":"Sword Boomerang","floor":6},{"not_picked":["Iron Wave","Warcry","Armaments"],"picked":"SKIP","floor":8},{"not_picked":["Rampage+1","Hemokinesis+1"],"picked":"Heavy Blade+1","floor":10},{"not_picked":["Clash+1","Pommel Strike+1"],"picked":"Shockwave","floor":11},{"not_picked":["Corruption","Demon Form"],"picked":"Feed+1","floor":16},{"not_picked":["Dual Wield"],"picked":"SKIP","floor":18},{"not_picked":[],"picked":"Body Slam+1","floor":19},{"not_picked":[],"picked":"Sword Boomerang+1","floor":21},{"not_picked":["Searing Blow+1"],"picked":"SKIP","floor":22},{"not_picked":["Spot Weakness"],"picked":"SKIP","floor":24},{"not_picked":[],"picked":"Spot Weakness","floor":24},{"not_picked":[],"picked":"Spot Weakness+1","floor":28},{"not_picked":[],"picked":"Bludgeon+1","floor":29},{"not_picked":[],"picked":"Flex+1","floor":31},{"not_picked":[],"picked":"Limit Break","floor":33},{"not_picked":["Rupture"],"picked":"SKIP","floor":35},{"not_picked":[],"picked":"Thunderclap+1","floor":36},{"not_picked":[],"picked":"Spot Weakness","floor":37},{"not_picked":[],"picked":"Metallicize+1","floor":41},{"not_picked":["True Grit+1"],"picked":"SKIP","floor":47},{"not_picked":["Hemokinesis+1"],"picked":"SKIP","floor":54}],"player_experience":437975,"relics_obtained":[{"floor":6,"key":"Meat on the Bone"},{"floor":9,"key":"Eternal Feather"},{"floor":10,"key":"Molten Egg 2"},{"floor":11,"key":"Odd Mushroom"},{"floor":14,"key":"Bottled Tornado"},{"floor":21,"key":"Red Mask"},{"floor":24,"key":"Bottled Lightning"},{"floor":29,"key":"Regal Pillow"},{"floor":41,"key":"Letter Opener"},{"floor":43,"key":"Kunai"},{"floor":47,"key":"Frozen Egg 2"},{"floor":54,"key":"Unceasing Top"}],"event_choices":[{"damage_healed":0,"gold_gain":0,"player_choice":"Box","damage_taken":0,"relics_obtained":["Paper Frog"],"max_hp_gain":0,"max_hp_loss":0,"event_name":"Big Fish","floor":2,"gold_loss":0,"cards_obtained":["Regret"]},{"damage_healed":0,"gold_gain":75,"player_choice":"Gather Gold","damage_taken":11,"max_hp_gain":0,"max_hp_loss":0,"event_name":"World of Goop","floor":3,"gold_loss":0},{"damage_healed":0,"gold_gain":0,"player_choice":"Fought Mushrooms","damage_taken":0,"max_hp_gain":0,"max_hp_loss":0,"event_name":"Mushrooms","floor":11,"gold_loss":0},{"damage_healed":0,"gold_gain":51,"player_choice":"Gained Gold","damage_taken":0,"max_hp_gain":0,"max_hp_loss":0,"event_name":"Golden Wing","floor":12,"gold_loss":0},{"damage_healed":0,"gold_gain":0,"player_choice":"Fought Bandits","damage_taken":0,"max_hp_gain":0,"max_hp_loss":0,"event_name":"Masked Bandits","floor":21,"gold_loss":0},{"damage_healed":0,"gold_gain":0,"player_choice":"Inject Mutagens","damage_taken":0,"relics_obtained":["MutagenicStrength"],"max_hp_gain":0,"max_hp_loss":0,"event_name":"Drug Dealer","floor":27,"gold_loss":0},{"damage_healed":0,"gold_gain":0,"player_choice":"Obtained Relic","damage_taken":0,"relics_obtained":["Omamori"],"max_hp_gain":0,"max_hp_loss":0,"event_name":"Addict","floor":30,"gold_loss":85},{"damage_healed":0,"gold_gain":999,"player_choice":"Gold","damage_taken":0,"max_hp_gain":0,"max_hp_loss":0,"event_name":"MindBloom","floor":38,"gold_loss":0,"cards_obtained":["Normality","Normality"]},{"damage_healed":0,"gold_gain":222,"player_choice":"Wore Mask","damage_taken":0,"max_hp_gain":0,"max_hp_loss":0,"event_name":"Tomb of Lord Red Mask","floor":45,"gold_loss":0},{"cards_removed":["Flex"],"damage_healed":0,"gold_gain":0,"player_choice":"Gave Card","damage_taken":0,"relics_obtained":["Lantern"],"max_hp_gain":0,"max_hp_loss":0,"event_name":"WeMeetAgain","floor":48,"gold_loss":0}],"is_beta":false,"boss_relics":[{"not_picked":["Philosopher\u0027s Stone","Runic Dome"],"picked":"Busted Crown"},{"not_picked":["Snecko Eye","SacredBark"],"picked":"SlaversCollar"}],"items_purged_floors":[5],"is_endless":false,"potions_floor_spawned":[1,16,19,28,29,31,37,47],"ascension_level":0}}