{"host":"70jy76jvzy076wi7","time":1612020662,"event":{"mods":["Act Like it!","BaseMod","Better Third Choice","BetterRewards","Energized Spire","Gensokyo","GungeonMod","Hallownest","Infinite Spire","Library of Ruina","Library of Ruina Extra","Lobotomy","LobotomyExtend","Minty Spire (QoL Compilation)","Pale of the Ancients","Permanent Neow","Replay The Spire","Spicy Shops","StSLib"],"gold_per_floor":[112,112,135,160,160,160,191,191,191,224,224,240,97,97,97,221,221,242,242,255,268,292,292,332,332,401,439,472,497,538,214,214,338,338,356,424,424,424],"floor_reached":37,"language":"ZHS","playtime":3399,"items_purged":["Funeral","Sickly"],"score":583,"play_id":"2f9ce195-cf3b-4057-9ed1-107d5af6a5ef","local_time":"20210130233102","is_ascension_mode":true,"campfire_choices":[{"data":"FocusedStrikes","floor":6,"key":"SMITH"},{"floor":8,"key":"REST"},{"data":"Suppress","floor":11,"key":"SMITH"},{"data":"ForTheFamily","floor":23,"key":"SMITH"},{"data":"UnforgettableMelody","floor":25,"key":"SMITH"},{"data":"Tailoring","floor":32,"key":"SMITH"}],"circlet_count":0,"master_deck":["Mercenary","LongBird","Dodge","LightDefense","LightAttack","LightAttack","LightDefense","LightDefense","LightDefense","ChargeAndCover","FocusedStrikes+1","SnakesPrey","VoidDream","FendThisOffIfYouCan+1","InnerArdor","Replay:Fractal Strike","Tailoring+1","Suppress+1","ForTheFamily+1","Yin","DaringDecision","UnforgettableMelody+1","BladeWhirl","InkOver+1","BattleCommand+1","SnakesPrey","RedShoes","Cruelty","RatsGuideToSurvival","GoinFirst","Castigation","SnakesPrey"],"relics":["PageOfLibrarian","CogitoBucket","RabbitCall","LetterFromLob","Golden Idol","Singing Bowl","infinitespire:EmpoweringShard","SolemnVow_r","Meat on the Bone","ResearcherNote","Runic Pyramid","Yang_Lob","Dream Catcher","Justitia_r","SkinProphecy","WantedRequest","Mummified Hand","PageOfWrath","Red Mask","PageOfTheQueenOfHatred","PageOfTheKnightOfDespair","Happy Flower","Sling","energizedSpire:EnergizedDie","CrimsonScar_r","AdjustmentMirror","AtMidnight","PageOfGreed"],"acts_visited":["Exordium","TheCity","TheBeyond"],"potions_floor_usage":[7],"damage_taken":[{"damage":0,"enemies":"2 Louse","floor":1,"turns":2},{"damage":3,"enemies":"Small Slimes","floor":3,"turns":3},{"damage":1,"enemies":"Jaw Worm","floor":4,"turns":5},{"damage":8,"enemies":"Lagavulin","floor":7,"turns":6},{"damage":18,"enemies":"Replay:BlueRogue","floor":10,"turns":8},{"damage":9,"enemies":"Large Slime","floor":12,"turns":3},{"damage":20,"enemies":"The Guardian","floor":16,"turns":6},{"damage":0,"enemies":"Chosen","floor":18,"turns":2},{"damage":10,"enemies":"2 Thieves","floor":20,"turns":2},{"damage":5,"enemies":"Cultist and Chosen","floor":21,"turns":7},{"damage":22,"enemies":"Snecko","floor":22,"turns":4},{"damage":18,"enemies":"Replay:Snechameleon","floor":24,"turns":6},{"damage":15,"enemies":"Masked Bandits","floor":27,"turns":2},{"damage":3,"enemies":"Slavers","floor":28,"turns":2},{"damage":1,"enemies":"Chosen and Byrds","floor":29,"turns":2},{"damage":1,"enemies":"Replay:Snechameleon","floor":30,"turns":2},{"damage":18,"enemies":"KingOfGreed","floor":33,"turns":5},{"damage":11,"enemies":"3 Shapes","floor":35,"turns":6},{"damage":51,"enemies":"Orb Walker","floor":37,"turns":3}],"seed_played":"-8638544965914124395","potions_obtained":[{"floor":3,"key":"AttackPotion"},{"floor":4,"key":"Ancient Potion"},{"floor":16,"key":"Energy Potion"},{"floor":18,"key":"AttackPotion"},{"floor":33,"key":"Dexterity Potion"},{"floor":36,"key":"infinitespire:BlackPotion"}],"is_trial":false,"path_per_floor":["M","?","M","M","?","R","E","R","T","E","R","M","$","?","R","B",null,"M","?","M","M","M","R","E","R","T","?","E","M","E","$","R","B",null,"M","?","M"],"character_chosen":"Librarian","items_purchased":["ForTheFamily","Happy Flower","Sling"],"campfire_rested":1,"item_purchase_floors":[13,31,31],"current_hp_per_floor":[60,44,41,40,25,25,20,38,38,22,22,28,28,36,102,47,221,67,67,57,62,45,45,35,35,35,34,45,60,57,57,57,47,104,105,80,29,29],"gold":424,"neow_bonus":"","is_daily":false,"chose_seed":false,"campfire_upgraded":5,"win_rate":0.0,"timestamp":1612020662,"path_taken":["M","?","M","M","?","R","E","R","T","E","R","M","$","?","R","BOSS","M","?","M","M","M","R","E","R","T","?","E","M","E","?","R","BOSS","M","?","M"],"items_purchased_type":["Card","Relic","Relic"],"build_version":"2020-12-22","purchased_purges":2,"victory":false,"max_hp_per_floor":[65,65,62,62,62,62,62,62,62,219,219,221,221,221,221,221,221,221,221,221,221,88,88,90,90,90,92,94,98,102,102,102,104,104,108,110,114,114],"card_choices":[{"not_picked":["Bloodbath","OSAHOGD","BigBadWolf"],"picked":"Singing Bowl","floor":1},{"not_picked":["Murderer","GreedKing"],"picked":"Mercenary","floor":1},{"not_picked":["BackAttack","Faith","Parry","Standoff","BurningFlash","FleetFootsteps","KeepItFresh","IllEndYou"],"picked":"SnakesPrey","floor":1},{"not_picked":["Bloodbath","SingingMachine"],"picked":"VoidDream","floor":3},{"not_picked":["Unlock1","EnergyStrike","SuppressingShot","EndlessBattle","AsThePrescriptOrders","ShrineToMusic","FrontalAssault","Leap_lor"],"picked":"FendThisOffIfYouCan","floor":3},{"not_picked":["FairyFestival","DreamingCurrent","Scorched"],"picked":"Singing Bowl","floor":4},{"not_picked":["GreedKing","Scorched"],"picked":"Funeral","floor":4},{"not_picked":["GrazeTheGrass","GuidanceOfTheGears","FleetEdge","DestructiveImpact","DriedUp","TraceOfFumes","EnergyShield","Outburst"],"picked":"InnerArdor","floor":4},{"not_picked":["infinitespire:FinalStrike","infinitespire:Oblivion"],"picked":"Replay:Fractal Strike","floor":5},{"not_picked":["OSAHOGD","Bloodbath","QueenBee"],"picked":"Singing Bowl","floor":7},{"not_picked":["FaintMemories","WillOfThePrescript","YourShield","Retaliate","TheArtOfRapidSteps","PreemptiveStrike","PinpointShot","FrontalAssault"],"picked":"Tailoring","floor":7},{"not_picked":["UniverseFragment","WallGazer","OldLady"],"picked":"Singing Bowl","floor":10},{"not_picked":["AutonomousRush","Wallop_lor","DeepDrag","Faith","BindingChains","EnergyConversion","DevastatingThrash","ScatteringSlash"],"picked":"Suppress","floor":10},{"not_picked":["BlueStar","DreamingCurrent","Scorched"],"picked":"Singing Bowl","floor":12},{"not_picked":["BindingChains","MultiBlock","OpportunitySpotted","PreemptiveStrike","BlowItUp","ToWhereThePrescriptPoints","UpbeatPerformance","Multislash","StructuralAnalysis"],"picked":"Singing Bowl","floor":12},{"not_picked":["NothingThere","LaLuna"],"picked":"Yin","floor":16},{"not_picked":["BlazingStrike","EmotionalTurbulence"],"picked":"DaringDecision","floor":16},{"not_picked":["Rewind","EnergyCycle+1","FleetEdge","DeepDrag","Thrust+1","DarkCloud","GatherIntel","Pound"],"picked":"UnforgettableMelody","floor":18},{"not_picked":["MHz","Scarecrow","BeautyBeast"],"picked":"Singing Bowl","floor":20},{"not_picked":["ShyLook","SilentOrchestra"],"picked":"LongBird","floor":20},{"not_picked":["HighKick","RushDown+1","NightInTheBackstreets+1","StructuralAnalysis","Concentration+1","Feast+1","HighSpeedStabbing","DimensionalRift+1"],"picked":"BladeWhirl","floor":20},{"not_picked":["Murderer","CrumblingArmor","FieryBird"],"picked":"Singing Bowl","floor":21},{"not_picked":["SharpSwipe","GuidanceOfTheGears","Eject","SearingSword","WildCard","DestructiveImpact+1","Pound+1","FierceCharge"],"picked":"InkOver+1","floor":21},{"not_picked":["SingingMachine","Scorched"],"picked":"QueenOfHatred","floor":22},{"not_picked":["BackAttack+1","BackstreetsDash","SpearedSweep","CumulusWall+1","GuidanceOfTheGears+1","SharpenedBlade","Endure","InhaleSmoke"],"picked":"BattleCommand+1","floor":22},{"not_picked":["NakedNest","Bloodbath","SnowQueen"],"picked":"Singing Bowl","floor":24},{"not_picked":["EnergyStrike","Quickness+1","GaleKick","DefenseOrder","FlashOfSunup","IronWall","Faith","SpearedSweep+1"],"picked":"SnakesPrey","floor":24},{"not_picked":["BigBadWolf","Freischutz"],"picked":"RedShoes","floor":27},{"not_picked":["KeepItFresh","Thrust","Brawl+1","FlashOfSunup","BackAttack","DarkCloud","BlowItUp","FleetEdge+1"],"picked":"Cruelty","floor":27},{"not_picked":["FieryBird","BigBadWolf","LaLuna"],"picked":"Singing Bowl","floor":28},{"not_picked":["ViolentFlame","TieShanKao","BackAttack","StructuralAnalysis","SerpentSwordTechnique","ReadyUp","FierceCharge","UpbeatPerformance+1"],"picked":"RatsGuideToSurvival","floor":28},{"not_picked":["UniverseFragment","BlackSwan","DreamingCurrent"],"picked":"Singing Bowl","floor":29},{"not_picked":["SunsetBlade","AsThePrescriptOrders","GaleKick","BattleCommand","MultiBlock","GreatSerpentsImpact","SinglePointStab","MultiHit","ClassAndRespect"],"picked":"Singing Bowl","floor":29},{"not_picked":["Freischutz","CENSORED","Murderer"],"picked":"Singing Bowl","floor":30},{"not_picked":["DeepDrag","Eliminate+1","UndertakePrescript+1","StructuralAnalysis","Thirst","EnergyCycle","PreemptiveStrike+1","ClassAndRespect+1","RepressedFlesh"],"picked":"Singing Bowl","floor":30},{"not_picked":["MHz","Woodsman","SpiderBud"],"picked":"Singing Bowl","floor":33},{"not_picked":["RipSpace","SavageMode"],"picked":"GoinFirst","floor":33},{"not_picked":["FieryBird","BlackArmy","Scarecrow"],"picked":"Singing Bowl","floor":35},{"not_picked":["MHz","Woodsman"],"picked":"DespairKnight","floor":35},{"not_picked":["Parry+1","Retaliate+1","PreemptiveStrike","StructuralAnalysis+1","MultiBlock","ClassAndRespect+1","Multislash+1","Bvapour+1"],"picked":"Castigation","floor":35},{"not_picked":["ScatteringSlash+1","ReadyUp+1","QuickAttack","Standoff","Overcharge","Wallop_lor+1","UnforgettableMelody","MultiHit"],"picked":"SnakesPrey","floor":36},{"not_picked":["BackAttack+1","HighKick","HiddenBlade","ClassAndRespect","InnerArdor+1","Standoff","ForcefulGesture+1","Riposte","Marionette"],"picked":"Singing Bowl","floor":36}],"player_experience":1737856,"relics_obtained":[{"floor":1,"key":"LetterFromLob"},{"floor":7,"key":"Singing Bowl"},{"floor":9,"key":"infinitespire:EmpoweringShard"},{"floor":10,"key":"Meat on the Bone"},{"floor":24,"key":"Mummified Hand"},{"floor":26,"key":"PageOfWrath"},{"floor":27,"key":"Red Mask"},{"floor":28,"key":"PageOfTheQueenOfHatred"},{"floor":30,"key":"PageOfTheKnightOfDespair"},{"floor":35,"key":"AtMidnight"},{"floor":36,"key":"PageOfGreed"}],"event_choices":[{"damage_healed":0,"gold_gain":0,"player_choice":"Take Damage","damage_taken":16,"relics_obtained":["Golden Idol"],"max_hp_gain":0,"max_hp_loss":0,"event_name":"Golden Idol","floor":2,"gold_loss":0},{"damage_healed":0,"gold_gain":0,"player_choice":"Fought Bandits","damage_taken":0,"max_hp_gain":0,"max_hp_loss":0,"event_name":"Masked Bandits","floor":27,"gold_loss":0}],"is_beta":false,"boss_relics":[{"not_picked":["energizedSpire:StickyHand","Kintsugi"],"picked":"Runic Pyramid"},{"not_picked":["Empty Cage","ReplayTheSpireMod:SealedPack"],"picked":"energizedSpire:EnergizedDie"}],"items_purged_floors":[13,31],"is_endless":false,"potions_floor_spawned":[3,4,16,18,24,27,33],"killed_by":"Orb Walker","ascension_level":1}}