{"host":"q6r63elxu27obe7v","time":1612020776,"event":{"mods":["BaseMod","DeckTracker","Keyboard Shortcuts","Minty Spire (QoL Compilation)","Permanent Neow","Quick Restart","StSLib","SuperFastMode","Swap Starting Deck Mod"],"gold_per_floor":[115,132,146,221,396,426,426,457,484,484,484,516,516,530,530,635,635,653,668,678,744,794,825,825,875,875,958,1008,1069,240,257,257,357,357,372,422,472,622,686,718,768,768,768,768,67,129,156,168,168,168,168,168,13,38,38,38],"floor_reached":55,"language":"KOR","playtime":2489,"items_purged":["Strike_G","Defend_G"],"score":888,"play_id":"ba0c41c0-40b2-4f15-97a4-01ae04b959ef","local_time":"20210131003256","is_ascension_mode":false,"campfire_choices":[{"floor":7,"key":"RECALL"},{"floor":10,"key":"REST"},{"floor":13,"key":"REST"},{"data":"Infinite Blades","floor":15,"key":"SMITH"},{"floor":24,"key":"REST"},{"floor":32,"key":"REST"},{"floor":42,"key":"REST"},{"floor":44,"key":"REST"},{"floor":49,"key":"REST"},{"floor":52,"key":"REST"}],"circlet_count":0,"master_deck":["Strike_G","Strike_G","Strike_G","Defend_G","Defend_G","Defend_G","Survivor","Neutralize","CurseOfTheBell","Infinite Blades+1","Accuracy","Doubt","Blade Dance","Blade Dance","Venomology","Finisher","Blade Dance","Slice","After Image","Dodge and Roll","Panacea+1","Prepared","Prepared+1","Underhanded Strike+1","Die Die Die","Eviscerate+1","Slice+1","Calculated Gamble","Backstab+1","Backstab"],"relics":["Calling Bell","Bronze Scales","InkBottle","Torii","Centennial Puzzle","Omamori","SsserpentHead","Question Card","SacredBark","Tingsha","White Beast Statue","Mummified Hand","Red Mask","PreservedInsect","Prayer Wheel","Strange Spoon","Fusion Hammer","Eternal Feather","Regal Pillow","Bottled Flame","TwistedFunnel","Shuriken","Snake Skull","Ornamental Fan","Cauldron","War Paint"],"acts_visited":["Exordium","TheCity","TheBeyond","TheEnding"],"potions_floor_usage":[6,12,16,18,19,20,21,21,23,23,27,29,31,31,31,33,33,33,33,40,40,40,46,47,47,48,50,50,50,54,55,55,55],"damage_taken":[{"damage":0,"enemies":"Jaw Worm","floor":1,"turns":6},{"damage":1,"enemies":"Small Slimes","floor":2,"turns":4},{"damage":0,"enemies":"Cultist","floor":3,"turns":4},{"damage":20,"enemies":"Gremlin Nob","floor":6,"turns":5},{"damage":22,"enemies":"3 Sentries","floor":8,"turns":11},{"damage":13,"enemies":"Gremlin Nob","floor":12,"turns":5},{"damage":2,"enemies":"Exordium Thugs","floor":14,"turns":4},{"damage":35,"enemies":"The Guardian","floor":16,"turns":12},{"damage":17,"enemies":"Spheric Guardian","floor":18,"turns":4},{"damage":7,"enemies":"Chosen","floor":19,"turns":5},{"damage":24,"enemies":"Snake Plant","floor":20,"turns":5},{"damage":9,"enemies":"3 Cultists","floor":21,"turns":5},{"damage":0,"enemies":"Book of Stabbing","floor":23,"turns":3},{"damage":10,"enemies":"Masked Bandits","floor":27,"turns":3},{"damage":1,"enemies":"Chosen and Byrds","floor":29,"turns":3},{"damage":0,"enemies":"Centurion and Healer","floor":31,"turns":4},{"damage":7,"enemies":"Champ","floor":33,"turns":10},{"damage":3,"enemies":"3 Shapes","floor":35,"turns":3},{"damage":6,"enemies":"Orb Walker","floor":39,"turns":3},{"damage":0,"enemies":"Reptomancer","floor":40,"turns":2},{"damage":17,"enemies":"4 Shapes","floor":46,"turns":5},{"damage":9,"enemies":"Giant Head","floor":47,"turns":4},{"damage":9,"enemies":"Sphere and 2 Shapes","floor":48,"turns":3},{"damage":59,"enemies":"Awakened One","floor":50,"turns":7},{"damage":16,"enemies":"Shield and Spear","floor":54,"turns":3},{"damage":78,"enemies":"The Heart","floor":55,"turns":3}],"seed_played":"-8176690491771376887","potions_obtained":[{"floor":1,"key":"SneckoOil"},{"floor":8,"key":"AttackPotion"},{"floor":12,"key":"SkillPotion"},{"floor":16,"key":"DuplicationPotion"},{"floor":18,"key":"Fruit Juice"},{"floor":21,"key":"Swift Potion"},{"floor":27,"key":"LiquidMemories"},{"floor":29,"key":"Block Potion"},{"floor":31,"key":"LiquidMemories"},{"floor":33,"key":"AttackPotion"},{"floor":35,"key":"Weak Potion"},{"floor":40,"key":"Weak Potion"},{"floor":46,"key":"Energy Potion"},{"floor":47,"key":"LiquidBronze"},{"floor":48,"key":"CunningPotion"},{"floor":53,"key":"SpeedPotion"},{"floor":53,"key":"LiquidMemories"},{"floor":54,"key":"FearPotion"}],"is_trial":false,"path_per_floor":["M","M","M","?","?","E","R","E","T","R","?","E","R","M","R","B",null,"M","M","M","M","?","E","R","?","T","?","?","M","$","M","R","B",null,"M","?","T","?","M","E","?","R","T","R","$","M","E","M","R","B",null,"R","$","E","B"],"character_chosen":"THE_SILENT","items_purchased":["Panacea","PreservedInsect","Prayer Wheel","Strange Spoon","Prepared","TwistedFunnel","Shuriken","Snake Skull","Energy Potion","Cauldron"],"campfire_rested":8,"item_purchase_floors":[30,30,30,30,30,45,45,45,45,53],"current_hp_per_floor":[70,69,69,58,58,38,38,16,16,37,37,24,45,43,43,8,70,53,56,32,23,23,23,47,32,32,22,22,21,21,21,46,39,85,82,82,82,82,76,76,76,85,85,85,85,68,59,69,85,26,85,85,85,69,0,0],"gold":38,"neow_bonus":"BOSS_RELIC","is_daily":false,"chose_seed":false,"campfire_upgraded":1,"win_rate":0.0,"timestamp":1612020776,"path_taken":["M","M","M","?","?","E","R","E","T","R","?","E","R","M","R","BOSS","M","M","M","?","?","E","R","?","T","?","?","?","$","M","R","BOSS","M","?","?","?","?","E","?","R","T","R","$","?","E","M","R","BOSS","R","$","E","BOSS"],"items_purchased_type":["Card","Relic","Relic","Relic","Card","Relic","Relic","Relic","Potion","Relic"],"build_version":"2020-12-22","purchased_purges":2,"victory":false,"max_hp_per_floor":[70,70,70,70,70,70,70,70,70,70,70,70,70,70,70,70,70,70,80,80,80,80,80,80,85,85,85,85,85,85,85,85,85,85,85,85,85,85,85,85,85,85,85,85,85,85,85,85,85,85,85,85,85,85,85,85],"card_choices":[{"not_picked":["Acrobatics","Underhanded Strike","Bane"],"picked":"SKIP","floor":1},{"not_picked":["Eviscerate","Dash"],"picked":"Infinite Blades","floor":2},{"not_picked":["Blur","Predator"],"picked":"Accuracy","floor":3},{"not_picked":["Catalyst","Flechettes","Outmaneuver"],"picked":"SKIP","floor":6},{"not_picked":["Sucker Punch","Escape Plan"],"picked":"Blade Dance","floor":8},{"not_picked":["Deflect","Burst"],"picked":"Blade Dance","floor":12},{"not_picked":["Dodge and Roll","Dagger Spray","Reflex","Endless Agony"],"picked":"SKIP","floor":14},{"not_picked":["After Image","Adrenaline","Doppelganger"],"picked":"Venomology","floor":16},{"not_picked":["Dodge and Roll","Underhanded Strike","Outmaneuver"],"picked":"Finisher","floor":18},{"not_picked":["Leg Sweep","Quick Slash","Escape Plan","Dagger Spray+1"],"picked":"SKIP","floor":19},{"not_picked":["Predator","Reflex","Dodge and Roll"],"picked":"Blade Dance","floor":20},{"not_picked":["All Out Attack","Backflip","Sucker Punch+1","Choke"],"picked":"SKIP","floor":21},{"not_picked":["Endless Agony","Acrobatics","Bane+1"],"picked":"Slice","floor":23},{"not_picked":["Caltrops","Acrobatics","Dodge and Roll+1"],"picked":"After Image","floor":27},{"not_picked":["Dagger Throw","Deadly Poison","Sucker Punch"],"picked":"Dodge and Roll","floor":29},{"not_picked":["PiercingWail","Deadly Poison+1","Crippling Poison"],"picked":"Prepared","floor":31},{"not_picked":["Blur+1","Outmaneuver","Deflect"],"picked":"Underhanded Strike+1","floor":31},{"not_picked":["Glass Knife","Wraith Form v2","Envenom"],"picked":"Die Die Die","floor":33},{"not_picked":["Underhanded Strike","Footwork","Escape Plan"],"picked":"Eviscerate+1","floor":35},{"not_picked":["Distraction","Bane","Sucker Punch","Escape Plan"],"picked":"SKIP","floor":35},{"not_picked":["Acrobatics","Accuracy","Poisoned Stab","Footwork"],"picked":"SKIP","floor":39},{"not_picked":["Deflect+1","Dagger Throw+1","Acrobatics","Quick Slash+1"],"picked":"SKIP","floor":39},{"not_picked":["Unload","Dodge and Roll+1","Dagger Throw+1","Doppelganger"],"picked":"SKIP","floor":40},{"not_picked":["Caltrops","Blur+1","Cloak And Dagger"],"picked":"Slice+1","floor":46},{"not_picked":["All Out Attack+1","Outmaneuver","PiercingWail+1"],"picked":"Calculated Gamble","floor":46},{"not_picked":["Accuracy","Noxious Fumes+1","Crippling Poison"],"picked":"Backstab+1","floor":47},{"not_picked":["Quick Slash+1","PiercingWail+1","Outmaneuver+1","Flying Knee+1"],"picked":"SKIP","floor":48},{"not_picked":["PiercingWail","Escape Plan+1","Acrobatics+1","Underhanded Strike"],"picked":"SKIP","floor":48},{"not_picked":["Bane+1","Leg Sweep","Burst"],"picked":"Backstab","floor":54}],"player_experience":52778,"relics_obtained":[{"floor":0,"key":"Bronze Scales"},{"floor":0,"key":"InkBottle"},{"floor":0,"key":"Torii"},{"floor":6,"key":"Centennial Puzzle"},{"floor":8,"key":"Omamori"},{"floor":12,"key":"Question Card"},{"floor":23,"key":"White Beast Statue"},{"floor":26,"key":"Mummified Hand"},{"floor":27,"key":"Red Mask"},{"floor":37,"key":"Eternal Feather"},{"floor":40,"key":"Regal Pillow"},{"floor":43,"key":"Bottled Flame"},{"floor":47,"key":"Ornamental Fan"},{"floor":54,"key":"War Paint"}],"event_choices":[{"damage_healed":0,"gold_gain":75,"player_choice":"Gather Gold","damage_taken":11,"max_hp_gain":0,"max_hp_loss":0,"event_name":"World of Goop","floor":4,"gold_loss":0},{"damage_healed":0,"gold_gain":175,"player_choice":"AGREE","damage_taken":0,"max_hp_gain":0,"max_hp_loss":0,"event_name":"Liars Game","floor":5,"gold_loss":0,"cards_obtained":["Doubt"]},{"damage_healed":0,"gold_gain":0,"player_choice":"Trade","damage_taken":0,"relics_obtained":["SsserpentHead"],"max_hp_gain":0,"max_hp_loss":0,"event_name":"FaceTrader","floor":11,"gold_loss":0},{"damage_healed":0,"gold_gain":0,"player_choice":"Opened","damage_taken":0,"relics_obtained":["Tingsha"],"max_hp_gain":0,"max_hp_loss":0,"event_name":"The Mausoleum","floor":22,"gold_loss":0},{"damage_healed":0,"gold_gain":0,"player_choice":"Shed Blood","damage_taken":20,"max_hp_gain":5,"max_hp_loss":0,"event_name":"Forgotten Altar","floor":25,"gold_loss":0},{"damage_healed":0,"gold_gain":0,"player_choice":"Fought Bandits","damage_taken":0,"max_hp_gain":0,"max_hp_loss":0,"event_name":"Masked Bandits","floor":27,"gold_loss":0},{"cards_removed":["Defend_G"],"damage_healed":0,"gold_gain":0,"player_choice":"Elegance","damage_taken":0,"max_hp_gain":0,"max_hp_loss":0,"event_name":"Back to Basics","floor":28,"gold_loss":0},{"cards_removed":["Strike_G"],"damage_healed":0,"gold_gain":0,"player_choice":"Removed Attack","damage_taken":0,"max_hp_gain":0,"max_hp_loss":0,"event_name":"Falling","floor":36,"gold_loss":0},{"damage_healed":0,"gold_gain":100,"player_choice":"Pray","damage_taken":0,"max_hp_gain":0,"max_hp_loss":0,"event_name":"Golden Shrine","floor":38,"gold_loss":0},{"damage_healed":0,"gold_gain":0,"player_choice":"Ignored","damage_taken":0,"max_hp_gain":0,"max_hp_loss":0,"event_name":"NoteForYourself","floor":41,"gold_loss":0}],"is_beta":false,"boss_relics":[{"not_picked":["Velvet Choker","Busted Crown"],"picked":"SacredBark"},{"not_picked":["Black Star","Astrolabe"],"picked":"Fusion Hammer"}],"items_purged_floors":[30,45],"is_endless":false,"potions_floor_spawned":[1,8,12,16,18,21,27,29,31,33,35,39,40,46,47,48,54],"killed_by":"The Heart","ascension_level":0}}