{"host":"takgv9cv6xf64vhq","time":1612042730,"event":{"mods":["BaseMod","Colored Powertips","Conspire","Decade(王小明)","Downfall","Energized Spire","Hermit","Hubris","LagranYue(拉格朗・月)","Marisa（F雨　魔理沙）","Minty Spire (QoL Compilation)","Replay The Spire","StSLib","The Cursed","The Hierophant","The Jungle","The Servant 0.9.4","TheHeartMod"],"gold_per_floor":[113,113,130,130,60,95,95,112,187,207,207,227,227,238,238,342,342,359,359,359,373,383,416,435,167,236,386,404,422,422,447,447,551,501,516,53,63,63,80,80,109,157,157,157,188,202,202,216,216,216,216,216,26,59,59],"floor_reached":56,"language":"ZHS","playtime":5582,"items_purged":["Strike_G"],"score":1674,"play_id":"366bdc93-1b29-470e-9960-abb3bd051761","local_time":"20210131053850","is_ascension_mode":true,"campfire_choices":[{"data":"hubris:Counter","floor":7.0,"key":"SMITH"},{"data":"Neutralize","floor":11.0,"key":"SMITH"},{"data":"Survivor","floor":13.0,"key":"SMITH"},{"data":"hubris:DuctTapeCard","floor":30.0,"key":"SMITH"},{"data":"Adrenaline","floor":32.0,"key":"SMITH"},{"floor":40.0,"key":"RECALL"},{"data":"Thinking Ahead","floor":44.0,"key":"SMITH"},{"data":"Deflect","floor":49.0,"key":"SMITH"},{"data":"Defend_G","floor":52.0,"key":"SMITH"}],"circlet_count":0,"master_deck":["Strike_G","Strike_G","Defend_G","Defend_G","Defend_G","Defend_G+1","Defend_G","Survivor+1","Neutralize+1","Infinite Blades+1","Pot Of Greed","Pot Of Greed","hubris:Counter+1","Corpse Explosion","Footwork+1","Terror+1","Adrenaline+1","Slice+1","Bullet Time","ReplayTheSpireMod:Scrap Shanks+1","Acrobatics","Pot Of Greed","hubris:Sniper","Thinking Ahead+1","ReplayTheSpireMod:Tripwire","PiercingWail+1","Hidden Blade+1","Adrenaline+1","Strike_G","ReplayTheSpireMod:Scrap Shanks+1","Backflip+1","Deflect+1","Dagger Throw","Pot Of Greed","ReplayTheSpireMod:Speed Training","Setup+1","Choke+1","ReplayTheSpireMod:Shiv Toss+1","Tools of the Trade+1","Dagger Throw+1","ReplayTheSpireMod:IOU","ReplayTheSpireMod:IOU","hubris:DuctTapeCard"],"relics":["Philosopher\u0027s Stone","Frozen Egg 2","Grinning Jar","ReplayTheSpireMod:Ninjato","conspire:SlowCooker","hubris:Towel","hubris:Icosahedron","PreservedInsect","BargainBundle","hubris:DuctTape","Replay:Wax Seal","energizedSpire:HugeHouse","ReplayFunnel","Guardian:BottledAnomaly","Replay:Rubber Ducky","CatCart","Vajra","Shuriken","hubris:SlimyHat","hubris:CuriousFeather"],"acts_visited":["Exordium","Exordium","TheBeyond","TheEnding"],"potions_floor_usage":[54,55],"damage_taken":[{"damage":9.0,"enemies":"conspire:RoseBush","floor":1.0,"turns":3.0},{"damage":0.0,"enemies":"Cultist","floor":3.0,"turns":4.0},{"damage":33.0,"enemies":"Lagavulin","floor":6.0,"turns":8.0},{"damage":6.0,"enemies":"2 Louse","floor":8.0,"turns":3.0},{"damage":4.0,"enemies":"Exordium Wildlife","floor":10.0,"turns":4.0},{"damage":4.0,"enemies":"Exordium Thugs","floor":12.0,"turns":4.0},{"damage":0.0,"enemies":"Red Slaver","floor":14.0,"turns":4.0},{"damage":20.0,"enemies":"The Guardian","floor":16.0,"turns":9.0},{"damage":16.0,"enemies":"theJungle:5_Spyders","floor":18.0,"turns":5.0},{"damage":8.0,"enemies":"theJungle:MUSHROOMGANG","floor":21.0,"turns":3.0},{"damage":0.0,"enemies":"theJungle:SlimyTreeVines","floor":22.0,"turns":3.0},{"damage":2.0,"enemies":"theJungle:Cassacara","floor":23.0,"turns":3.0},{"damage":0.0,"enemies":"theJungle:2_Snecko_Cultists","floor":24.0,"turns":2.0},{"damage":0.0,"enemies":"theJungle:Lyon","floor":28.0,"turns":2.0},{"damage":30.0,"enemies":"theJungle:2_Flameangoes","floor":29.0,"turns":3.0},{"damage":0.0,"enemies":"theJungle:MamaSnecko","floor":31.0,"turns":3.0},{"damage":0.0,"enemies":"theJungle:TotemBoss","floor":33.0,"turns":4.0},{"damage":4.0,"enemies":"Orb Walker","floor":35.0,"turns":2.0},{"damage":0.0,"enemies":"3 Darklings","floor":37.0,"turns":3.0},{"damage":0.0,"enemies":"Spire Growth","floor":39.0,"turns":3.0},{"damage":0.0,"enemies":"Nemesis","floor":41.0,"turns":3.0},{"damage":0.0,"enemies":"Orin","floor":42.0,"turns":4.0},{"damage":1.0,"enemies":"Giant Head","floor":45.0,"turns":3.0},{"damage":0.0,"enemies":"Sphere and 2 Shapes","floor":46.0,"turns":3.0},{"damage":0.0,"enemies":"3 Darklings","floor":48.0,"turns":3.0},{"damage":0.0,"enemies":"hubris:GrandSnecko","floor":50.0,"turns":4.0},{"damage":15,"enemies":"Shield and Spear","floor":54,"turns":2},{"damage":20,"enemies":"The Heart","floor":55,"turns":5}],"seed_played":"-2236073619572845217","potions_obtained":[{"floor":1.0,"key":"Swift Potion"},{"floor":10.0,"key":"Adrenaline Potion"},{"floor":16.0,"key":"Swift Potion"},{"floor":21.0,"key":"GamblersBrew"},{"floor":22.0,"key":"Fire Potion"},{"floor":24.0,"key":"Poison Potion"},{"floor":29.0,"key":"Elixir"},{"floor":33.0,"key":"Poison Potion"},{"floor":37.0,"key":"Fire Potion"},{"floor":39.0,"key":"Swift Potion"},{"floor":41.0,"key":"FearPotion"},{"floor":45.0,"key":"Guardian:BlockOnCardUsePotion"}],"is_trial":false,"path_per_floor":["M","?","M","?","$","E","R","M","T","M","R","M","R","M","R","B",null,"M","?","?","M","M","E","M","$","T","?","M","M","R","E","R","B",null,"M","$","M","?","M","R","E","?","T","R","E","M","?","M","R","B",null,"R","$","E","B",null],"character_chosen":"THE_SILENT","items_purchased":["Infinite Blades+1","BargainBundle","ReplayTheSpireMod:Scrap Shanks+1","Acrobatics","hubris:Sniper","Thinking Ahead","Deflect","Dagger Throw","ReplayTheSpireMod:Speed Training","ReplayFunnel","Guardian:BottledAnomaly","Shuriken","hubris:SlimyHat"],"campfire_rested":0,"item_purchase_floors":[5,25,25,25,25,25,36,36,36,36,36,53,53],"current_hp_per_floor":[61,61,61,58,58,25,25,19,19,15,15,11,11,11,32,12,70,54,54,54,46,49,47,47,47,47,47,47,17,17,17,17,17,65,61,61,61,61,61,61,61,61,61,61,60,60,60,60,60,60,65,65,65,50,30],"gold":59,"neow_bonus":"BOSS_RELIC","is_daily":false,"chose_seed":false,"campfire_upgraded":8,"win_rate":0.0,"timestamp":1612042730,"path_taken":["M","?","?","?","?","E","R","M","T","?","R","M","R","M","R","BOSS","M","?","?","M","M","E","M","$","T","?","M","?","R","E","R","BOSS","M","?","M","?","?","R","E","?","T","R","E","M","?","M","R","BOSS","R","$","E","BOSS"],"items_purchased_type":["Card","Relic","Card","Card","Card","Card","Card","Card","Card","Relic","Relic","Relic","Relic"],"build_version":"2020-12-22","purchased_purges":1,"victory":true,"max_hp_per_floor":[70,70,70,70,70,70,70,70,70,70,70,70,70,70,70,70,70,70,70,70,70,70,70,70,70,70,70,70,70,70,70,70,70,65,65,65,65,65,65,65,65,65,65,65,65,65,65,65,65,65,65,65,65,65,65],"card_choices":[{"not_picked":["Crippling Poison","Cloak And Dagger"],"picked":"conspire:DoublingDagger","floor":1.0},{"not_picked":["hubris:SlightOfHand","Outmaneuver"],"picked":"Blade Dance","floor":3.0},{"not_picked":["Concentrate","Reflex"],"picked":"hubris:Counter","floor":6.0},{"not_picked":["Poisoned Stab","Flying Knee","Underhanded Strike"],"picked":"SKIP","floor":8.0},{"not_picked":["Infinite Blades+1","Choke"],"picked":"Corpse Explosion","floor":10.0},{"not_picked":["Cloak And Dagger","Outmaneuver"],"picked":"Footwork+1","floor":12.0},{"not_picked":["Poisoned Stab","Sucker Punch"],"picked":"Terror","floor":14.0},{"not_picked":["Wraith Form v2+1","Storm of Steel"],"picked":"Adrenaline","floor":16.0},{"not_picked":["Deflect","Flechettes"],"picked":"Slice+1","floor":18.0},{"not_picked":["Outmaneuver","Eviscerate"],"picked":"Finisher+1","floor":21.0},{"not_picked":["Predator","Acrobatics","Dagger Throw"],"picked":"SKIP","floor":22.0},{"not_picked":["Underhanded Strike","Flying Knee+1","Dagger Spray"],"picked":"SKIP","floor":23.0},{"not_picked":["Dodge and Roll","Outmaneuver"],"picked":"Bullet Time","floor":24.0},{"not_picked":["conspire:DoublingDagger","Acrobatics+1"],"picked":"ReplayTheSpireMod:Tripwire","floor":28.0},{"not_picked":["Dodge and Roll","Flying Knee+1"],"picked":"PiercingWail+1","floor":29.0},{"not_picked":["Burst","Catalyst"],"picked":"Hidden Blade+1","floor":31.0},{"not_picked":["Burst","ReplayTheSpireMod:Necrosis"],"picked":"Adrenaline","floor":33.0},{"not_picked":["Dagger Spray+1","Bane+1"],"picked":"Backflip+1","floor":35.0},{"not_picked":["Catalyst","Sneak Up"],"picked":"Setup+1","floor":37.0},{"not_picked":["Deflect","Dagger Spray"],"picked":"Choke+1","floor":39.0},{"not_picked":["Poisoned Stab","Dodge and Roll","Sucker Punch+1"],"picked":"SKIP","floor":41.0},{"not_picked":["Footwork+1","PiercingWail"],"picked":"ReplayTheSpireMod:Shiv Toss+1","floor":45.0},{"not_picked":["Dagger Throw","Expertise"],"picked":"Tools of the Trade+1","floor":46.0},{"not_picked":["PiercingWail+1","All Out Attack"],"picked":"Dagger Throw+1","floor":48.0},{"not_picked":["Poisoned Stab+1","Heel Hook","Dagger Spray+1"],"picked":"SKIP","floor":54}],"player_experience":244715,"relics_obtained":[{"floor":6.0,"key":"Grinning Jar"},{"floor":9.0,"key":"ReplayTheSpireMod:Ninjato"},{"floor":23.0,"key":"PreservedInsect"},{"floor":26.0,"key":"hubris:DuctTape"},{"floor":31.0,"key":"Replay:Wax Seal"},{"floor":41.0,"key":"Replay:Rubber Ducky"},{"floor":42.0,"key":"CatCart"},{"floor":45.0,"key":"Vajra"},{"floor":54,"key":"hubris:CuriousFeather"}],"event_choices":[{"cards_removed":["Strike_G"],"damage_healed":0.0,"max_hp_gain":0.0,"max_hp_loss":0.0,"gold_gain":0.0,"event_name":"Bonfire Elementals","player_choice":"Offered Basic","floor":2.0,"gold_loss":0.0,"damage_taken":0.0},{"damage_healed":0.0,"max_hp_gain":0.0,"max_hp_loss":0.0,"gold_gain":0.0,"event_name":"Scrap Ooze","player_choice":"Success","floor":4.0,"gold_loss":0.0,"damage_taken":3.0,"relics_obtained":["Frozen Egg 2"]},{"damage_healed":0.0,"max_hp_gain":0.0,"max_hp_loss":0.0,"gold_gain":0.0,"event_name":"Upgrade Shrine","player_choice":"Upgraded","floor":38.0,"gold_loss":0.0,"damage_taken":0.0,"cards_upgraded":["Adrenaline"]},{"damage_healed":0.0,"max_hp_gain":0.0,"max_hp_loss":0.0,"gold_gain":0.0,"event_name":"OrinTheCat","player_choice":"Fight","floor":42.0,"gold_loss":0.0,"damage_taken":0.0},{"cards_removed":["Strike_G"],"damage_healed":0.0,"max_hp_gain":0.0,"max_hp_loss":0.0,"gold_gain":0.0,"event_name":"Purifier","player_choice":"Purged","floor":47.0,"gold_loss":0.0,"damage_taken":0.0}],"is_beta":false,"boss_relics":[{"not_picked":["hubris:Stopwatch","ChewingGum"],"picked":"conspire:SlowCooker"},{"not_picked":["Honey Jar","Black Star"],"picked":"energizedSpire:HugeHouse"}],"items_purged_floors":[25],"is_endless":false,"potions_floor_spawned":[1,10,16,21,22,24,29,33,37,39,41,45],"ascension_level":4}}