{"host":"kiehjq3lc4w5t4uc","time":1612022782,"event":{"mods":["AchievementEnabler","BaseMod","BetterRewards","Colored Map","Colored Powertips","DeckTracker","Good Game Mod","Minty Spire (QoL Compilation)","Quick Restart","Rare Cards Sparkle","Relic Stats","Shop Mod","StSLib","SuperFastMode"],"gold_per_floor":[114,114,114,134,7,7,41,62,62,80,80,80,121,144,144,268,268,288,302,317,332,227,266,289,289,289,330,342,354,379,410,422,563,575,606,226,239,76,91,130,130,130,130,130,33,33,33,49,49,49],"floor_reached":51,"language":"KOR","playtime":4059,"items_purged":["Strike_P","PathToVictory"],"score":788,"play_id":"6196d182-b704-494d-b589-5d73d99993d1","local_time":"20210131010622","is_ascension_mode":true,"campfire_choices":[{"data":"Apotheosis","floor":6.0,"key":"SMITH"},{"data":"MasterReality","floor":12.0,"key":"SMITH"},{"floor":15.0,"key":"REST"},{"data":"Establishment","floor":25.0,"key":"SMITH"},{"floor":32,"key":"REST"},{"data":"Secret Technique","floor":41,"key":"SMITH"},{"data":"DevaForm","floor":44,"key":"SMITH"},{"data":"Madness","floor":46,"key":"SMITH"},{"floor":49,"key":"REST"}],"circlet_count":0,"master_deck":["Eruption","Vigilance","Master of Strategy+1","Ragnarok","Crescendo","Apotheosis+1","Perseverance","FlurryOfBlows","MasterReality+1","Adaptation","Halt","Vault","Indignation","Consecrate","Pray","InnerPeace","Establishment+1","LikeWater","DevaForm+1","EmptyBody","Scrawl","CurseOfTheBell","Secret Technique+1","Consecrate","Madness+1","Madness","Purity","Deep Breath"],"relics":["PureWater","Dead Branch","Cauldron","Golden Idol","Pantograph","White Beast Statue","Bag of Preparation","Pandora\u0027s Box","Vajra","Matryoshka","MawBank","Calling Bell","Bag of Marbles","Blue Candle","Pocketwatch","Torii","Ornamental Fan","Centennial Puzzle","Nunchaku"],"acts_visited":["Exordium","TheCity","TheBeyond"],"potions_floor_usage":[30,40,50,50],"damage_taken":[{"damage":0.0,"enemies":"Jaw Worm","floor":1.0,"turns":2.0},{"damage":2.0,"enemies":"Small Slimes","floor":4.0,"turns":5.0},{"damage":0.0,"enemies":"Lagavulin","floor":7.0,"turns":3.0},{"damage":0.0,"enemies":"Cultist","floor":8.0,"turns":2.0},{"damage":4.0,"enemies":"3 Louse","floor":10.0,"turns":3.0},{"damage":6.0,"enemies":"3 Sentries","floor":13.0,"turns":5.0},{"damage":2.0,"enemies":"Looter","floor":14.0,"turns":2.0},{"damage":23.0,"enemies":"Hexaghost","floor":16.0,"turns":6.0},{"damage":20.0,"enemies":"2 Thieves","floor":18.0,"turns":3.0},{"damage":0.0,"enemies":"3 Byrds","floor":19.0,"turns":3.0},{"damage":0.0,"enemies":"Snake Plant","floor":20.0,"turns":3.0},{"damage":0.0,"enemies":"Sentry and Sphere","floor":21.0,"turns":2.0},{"damage":0.0,"enemies":"Gremlin Leader","floor":23.0,"turns":4.0},{"damage":12.0,"enemies":"3 Cultists","floor":24.0,"turns":3.0},{"damage":26,"enemies":"Book of Stabbing","floor":27,"turns":4},{"damage":0,"enemies":"Snake Plant","floor":30,"turns":3},{"damage":8,"enemies":"Snecko","floor":31,"turns":5},{"damage":14,"enemies":"Automaton","floor":33,"turns":6},{"damage":19,"enemies":"3 Darklings","floor":35,"turns":4},{"damage":12,"enemies":"Orb Walker","floor":37,"turns":2},{"damage":1,"enemies":"Jaw Worm Horde","floor":39,"turns":3},{"damage":14,"enemies":"Giant Head","floor":40,"turns":6},{"damage":1,"enemies":"Transient","floor":48,"turns":5},{"damage":61,"enemies":"Time Eater","floor":50,"turns":5}],"seed_played":"1037467279154549212","potions_obtained":[{"floor":0.0,"key":"Fruit Juice"},{"floor":0.0,"key":"Ambrosia"},{"floor":0.0,"key":"StancePotion"},{"floor":0.0,"key":"SkillPotion"},{"floor":7.0,"key":"Ambrosia"},{"floor":10.0,"key":"Fruit Juice"},{"floor":13.0,"key":"BlessingOfTheForge"},{"floor":14.0,"key":"Block Potion"},{"floor":16.0,"key":"Fire Potion"},{"floor":20.0,"key":"BottledMiracle"},{"floor":23.0,"key":"Swift Potion"},{"floor":33,"key":"Ambrosia"},{"floor":40,"key":"LiquidMemories"}],"is_trial":false,"path_per_floor":["M","?","?","M","$","R","E","M","T","M","?","R","E","M","R","B",null,"M","M","M","M","$","E","M","R","T","E","$","?","M","M","R","B",null,"M","$","M","$","M","E","R","?","T","R","$","R","?","M","R","B",null],"character_chosen":"WATCHER","items_purchased":["Ragnarok","Cauldron","Apotheosis","Fruit Juice","Torii","Secret Technique","Purity"],"campfire_rested":3,"item_purchase_floors":[0,0,5,22,36,38,45],"current_hp_per_floor":[77,58,43,41,41,41,41,41,41,42,47,47,41,39,65,64,87,67,67,67,67,72,72,60,60,60,34,34,31,31,23,50,61,92,73,73,61,61,60,46,46,34,34,34,34,34,34,33,60,24],"gold":49,"neow_bonus":"","is_daily":false,"chose_seed":false,"campfire_upgraded":6,"win_rate":0.0,"timestamp":1612022782,"path_taken":["M","?","?","M","?","R","E","M","T","?","?","R","E","M","R","BOSS","M","M","M","M","$","E","M","R","T","E","$","?","?","M","R","BOSS","M","$","M","$","M","E","R","?","T","R","$","R","?","M","R","BOSS"],"items_purchased_type":["Card","Relic","Card","Potion","Relic","Card","Card"],"build_version":"2020-12-22","purchased_purges":2,"victory":true,"max_hp_per_floor":[77,77,77,77,77,77,77,77,77,82,87,87,87,87,87,87,87,87,87,87,87,92,92,92,92,92,92,92,92,92,92,92,92,92,92,92,92,92,92,92,92,92,92,92,92,92,92,92,92,92],"relic_stats":{"Torii":43,"counters":[112,422],"Golden Idol":169,"Dead Branch":[127],"Blue Candle":[6],"Bag of Preparation":[36],"MawBank":108,"Centennial Puzzle":[36],"Nunchaku":[1],"Ornamental Fan":[16],"Pantograph":72,"Pandora\u0027s Box":["Indignation","Consecrate","Pray","InnerPeace","Establishment","LikeWater","PathToVictory"],"obtain_stats":[{"Ice Cream":0,"Calipers":0,"Gremlin Horn":36,"Vajra":24,"Whetstone":8,"Boot":5,"Sozu":17,"Blood Vial":42,"Lizard Tail":45,"Centennial Puzzle":46,"FaceOfCleric":3,"Sundial":3,"DollysMirror":47,"Strawberry":55,"Prayer Wheel":4,"MealTicket":13,"Fusion Hammer":34,"HandDrill":0,"Kunai":7,"Toxic Egg 2":9,"Runic Cube":34,"Girya":45,"Pear":13,"Happy Flower":47,"Blue Candle":9,"Dead Branch":0,"Oddly Smooth Stone":30,"Eternal Feather":41,"Pen Nib":7,"Letter Opener":10,"War Paint":29,"Question Card":45,"Du-Vu Doll":22,"SlaversCollar":17,"Bottled Flame":27,"Shuriken":54,"Bird Faced Urn":44,"Bronze Scales":55,"MutagenicStrength":31,"Molten Egg 2":25,"Pandora\u0027s Box":17,"Black Star":0,"StrikeDummy":20,"Unceasing Top":0,"Meat on the Bone":30,"Pocketwatch":34,"Darkstone Periapt":44,"Lantern":35,"Regal Pillow":26,"Torii":41,"Singing Bowl":0,"StoneCalendar":54,"Bag of Preparation":25,"Juzu Bracelet":26,"Smiling Mask":23,"Burning Blood":0,"ClockworkSouvenir":10,"Nunchaku":47,"Matryoshka":31,"Mummified Hand":39,"Pantograph":13,"Gambling Chip":0,"Tiny Chest":1,"Chemical X":0,"Red Skull":23,"InkBottle":43,"Paper Frog":10,"Lee\u0027s Waffle":22,"Golden Idol":0,"The Courier":0,"Omamori":38,"Orichalcum":54,"Frozen Egg 2":23,"MawBank":46,"Medical Kit":45,"White Beast Statue":14,"Mercury Hourglass":12,"Peace Pipe":8,"Calling Bell":34,"Cauldron":0,"Anchor":44,"CaptainsWheel":48,"REME:ComplimentaryCards":0,"Ornamental Fan":14,"Orrery":0,"Turnip":45,"Coffee Dripper":34,"Bag of Marbles":43,"Art of War":6,"Membership Card":0,"Bottled Lightning":6,"PureWater":0,"FossilizedHelix":6,"Toy Ornithopter":18},{"Ice Cream":0,"Calipers":32,"Gremlin Horn":22,"Vajra":14,"Whetstone":7,"Boot":4,"Sozu":10,"Blood Vial":24,"Lizard Tail":25,"Centennial Puzzle":26,"FaceOfCleric":63,"Sundial":2,"DollysMirror":57,"Strawberry":31,"Prayer Wheel":3,"MealTicket":8,"Fusion Hammer":50,"HandDrill":32,"Kunai":6,"Toxic Egg 2":36,"Runic Cube":79,"Girya":56,"Pear":8,"Happy Flower":27,"Blue Candle":7,"Dead Branch":88,"Oddly Smooth Stone":18,"Eternal Feather":24,"Pen Nib":6,"Letter Opener":8,"War Paint":17,"Question Card":25,"Du-Vu Doll":12,"SlaversCollar":40,"Bottled Flame":16,"Shuriken":30,"Bird Faced Urn":24,"Bronze Scales":31,"MutagenicStrength":49,"Molten Egg 2":15,"Pandora\u0027s Box":96,"Black Star":0,"StrikeDummy":12,"Unceasing Top":32,"Meat on the Bone":18,"Pocketwatch":106,"Darkstone Periapt":24,"Lantern":21,"Regal Pillow":74,"Torii":24,"Singing Bowl":32,"StoneCalendar":60,"Bag of Preparation":15,"Juzu Bracelet":47,"Smiling Mask":13,"Burning Blood":0,"ClockworkSouvenir":36,"Nunchaku":27,"Matryoshka":19,"Mummified Hand":23,"Pantograph":8,"Gambling Chip":32,"Tiny Chest":1,"Chemical X":32,"Red Skull":13,"InkBottle":24,"Paper Frog":8,"Lee\u0027s Waffle":72,"Golden Idol":0,"The Courier":0,"Omamori":22,"Orichalcum":30,"Frozen Egg 2":45,"MawBank":26,"Medical Kit":84,"White Beast Statue":9,"Mercury Hourglass":8,"Peace Pipe":7,"Calling Bell":106,"Cauldron":88,"Anchor":24,"CaptainsWheel":28,"REME:ComplimentaryCards":0,"Ornamental Fan":9,"Orrery":32,"Turnip":84,"Coffee Dripper":20,"Bag of Marbles":24,"Art of War":65,"Membership Card":0,"Bottled Lightning":5,"PureWater":88,"FossilizedHelix":5,"Toy Ornithopter":11},{"Ice Cream":0,"Calipers":97,"Gremlin Horn":69,"Vajra":49,"Whetstone":26,"Boot":10,"Sozu":39,"Blood Vial":75,"Lizard Tail":77,"Centennial Puzzle":78,"FaceOfCleric":200,"Sundial":5,"DollysMirror":179,"Strawberry":92,"Prayer Wheel":7,"MealTicket":30,"Fusion Hammer":158,"HandDrill":97,"Kunai":21,"Toxic Egg 2":105,"Runic Cube":292,"Girya":176,"Pear":30,"Happy Flower":81,"Blue Candle":26,"Dead Branch":333,"Oddly Smooth Stone":60,"Eternal Feather":75,"Pen Nib":21,"Letter Opener":30,"War Paint":56,"Question Card":77,"Du-Vu Doll":45,"SlaversCollar":119,"Bottled Flame":53,"Shuriken":90,"Bird Faced Urn":75,"Bronze Scales":92,"MutagenicStrength":151,"Molten Egg 2":51,"Pandora\u0027s Box":361,"Black Star":0,"StrikeDummy":45,"Unceasing Top":97,"Meat on the Bone":60,"Pocketwatch":397,"Darkstone Periapt":75,"Lantern":68,"Regal Pillow":261,"Torii":75,"Singing Bowl":97,"StoneCalendar":188,"Bag of Preparation":51,"Juzu Bracelet":143,"Smiling Mask":47,"Burning Blood":0,"ClockworkSouvenir":105,"Nunchaku":81,"Matryoshka":62,"Mummified Hand":71,"Pantograph":30,"Gambling Chip":97,"Tiny Chest":2,"Chemical X":97,"Red Skull":47,"InkBottle":75,"Paper Frog":30,"Lee\u0027s Waffle":253,"Golden Idol":0,"The Courier":0,"Omamori":69,"Orichalcum":90,"Frozen Egg 2":134,"MawBank":78,"Medical Kit":315,"White Beast Statue":33,"Mercury Hourglass":30,"Peace Pipe":26,"Calling Bell":397,"Cauldron":333,"Anchor":75,"CaptainsWheel":82,"REME:ComplimentaryCards":0,"Ornamental Fan":33,"Orrery":97,"Turnip":315,"Coffee Dripper":67,"Bag of Marbles":75,"Art of War":220,"Membership Card":0,"Bottled Lightning":16,"PureWater":333,"FossilizedHelix":16,"Toy Ornithopter":41}],"Pocketwatch":[8]},"card_choices":[{"not_picked":["DeceiveReality","ClearTheMind","Evaluate"],"picked":"SKIP","floor":1.0},{"not_picked":["CutThroughFate","Wallop"],"picked":"Crescendo","floor":4.0},{"not_picked":["FollowUp","ThirdEye"],"picked":"Perseverance","floor":7.0},{"not_picked":["Nirvana","Indignation"],"picked":"FlurryOfBlows","floor":8.0},{"not_picked":["Evaluate","Tantrum"],"picked":"MasterReality","floor":10.0},{"not_picked":["Nirvana","EmptyBody"],"picked":"Adaptation","floor":13.0},{"not_picked":["Crescendo","Worship"],"picked":"Halt","floor":14.0},{"not_picked":["MasterReality","Ragnarok"],"picked":"Vault","floor":16.0},{"not_picked":["FlurryOfBlows","WindmillStrike+1","CrushJoints+1"],"picked":"SKIP","floor":18.0},{"not_picked":["ClearTheMind","ThirdEye","Study"],"picked":"SKIP","floor":19.0},{"not_picked":["Adaptation+1","BowlingBash","Fasting2"],"picked":"SKIP","floor":20.0},{"not_picked":["ThirdEye+1","JustLucky+1","Vengeance"],"picked":"SKIP","floor":21.0},{"not_picked":["Fasting2","BattleHymn","FlurryOfBlows"],"picked":"SKIP","floor":23.0},{"not_picked":["SashWhip+1","FollowUp","FlurryOfBlows"],"picked":"SKIP","floor":24.0},{"not_picked":["TalkToTheHand","Conclude"],"picked":"DevaForm","floor":27},{"not_picked":["ClearTheMind","Conclude"],"picked":"EmptyBody","floor":30},{"not_picked":["Crescendo+1","JustLucky","BowlingBash"],"picked":"SKIP","floor":31},{"not_picked":["Devotion","Establishment"],"picked":"Scrawl","floor":33},{"not_picked":["ThirdEye+1","FlyingSleeves","Tantrum+1"],"picked":"SKIP","floor":35},{"not_picked":["Protect+1","Conclude+1","Evaluate"],"picked":"SKIP","floor":37},{"not_picked":["FollowUp+1","BattleHymn","CutThroughFate+1"],"picked":"SKIP","floor":39},{"not_picked":["Ragnarok","ClearTheMind"],"picked":"Consecrate","floor":40},{"not_picked":["Thinking Ahead","Bandage Up"],"picked":"Deep Breath","floor":47},{"not_picked":["FollowUp","FlurryOfBlows+1","EmptyFist+1"],"picked":"SKIP","floor":48}],"player_experience":112204,"relics_obtained":[{"floor":7.0,"key":"Pantograph"},{"floor":9.0,"key":"White Beast Statue"},{"floor":13.0,"key":"Bag of Preparation"},{"floor":23.0,"key":"Vajra"},{"floor":26.0,"key":"Matryoshka"},{"floor":27,"key":"MawBank"},{"floor":34,"key":"Bag of Marbles"},{"floor":34,"key":"Blue Candle"},{"floor":34,"key":"Pocketwatch"},{"floor":40,"key":"Ornamental Fan"},{"floor":43,"key":"Centennial Puzzle"},{"floor":43,"key":"Nunchaku"}],"event_choices":[{"damage_healed":0.0,"max_hp_gain":0.0,"max_hp_loss":0.0,"gold_gain":0.0,"event_name":"Golden Idol","player_choice":"Take Damage","floor":2.0,"gold_loss":0.0,"damage_taken":19.0,"relics_obtained":["Golden Idol"]},{"damage_healed":0.0,"max_hp_gain":0.0,"max_hp_loss":0.0,"gold_gain":0.0,"event_name":"Shining Light","player_choice":"Entered Light","floor":3.0,"gold_loss":0.0,"damage_taken":15.0,"cards_upgraded":["Strike_P","Master of Strategy"]},{"damage_healed":0.0,"max_hp_gain":5.0,"max_hp_loss":0.0,"gold_gain":0.0,"event_name":"Big Fish","player_choice":"Donut","floor":11.0,"gold_loss":0.0,"damage_taken":0.0},{"damage_healed":0,"gold_gain":0,"player_choice":"Punched","damage_taken":3,"max_hp_gain":0,"max_hp_loss":0,"event_name":"Designer","floor":29,"gold_loss":0},{"damage_healed":0,"gold_gain":0,"player_choice":"Embrace Madness","damage_taken":12,"max_hp_gain":0,"max_hp_loss":0,"event_name":"Winding Halls","floor":42,"gold_loss":0,"cards_obtained":["Madness","Madness"]},{"damage_healed":0,"gold_gain":0,"player_choice":"Memory 1","damage_taken":0,"max_hp_gain":0,"max_hp_loss":0,"event_name":"SensoryStone","floor":47,"gold_loss":0}],"is_beta":false,"boss_relics":[{"not_picked":["Runic Pyramid","Black Star"],"picked":"Pandora\u0027s Box"},{"not_picked":["Astrolabe","SacredBark"],"picked":"Calling Bell"}],"items_purged_floors":[0,36],"is_endless":false,"potions_floor_spawned":[1,7,10,13,14,16,18,19,20,21,23,24,27,30,31,33,35,37,39,40,48],"ascension_level":1}}