{"host":"x730sfaw5rd1mxd8","time":1612020139,"event":{"mods":["BaseMod","BetterRewards","Colored Powertips","Highlight Path","Minty Spire (QoL Compilation)","Relic Sorter","Relic Stats","Replay The Spire","StSLib"],"gold_per_floor":[116,136,153,168,168,203,203,232,232,259,259,271,271,288,288,392,392,412,412,423,443,457,482,494,521,547,559,575,575,604,604,604,700,700,716,516,842,842,862,895,905,934,934,240,294,314,339,354,354,354,354,354,35,60,60],"floor_reached":56,"language":"ENG","playtime":4748,"items_purged":["Strike_P","Strike_P","Strike_P+1","Strike_P+1","LessonLearned+1"],"score":2301,"play_id":"f4805295-a98c-4378-af77-c3449552d183","local_time":"20210130102219","is_ascension_mode":true,"campfire_choices":[{"data":"LessonLearned","floor":7,"key":"SMITH"},{"data":"Halt","floor":7,"key":"SMITH"},{"data":"Eruption","floor":15,"key":"SMITH"},{"data":"EmptyFist","floor":15,"key":"SMITH"},{"floor":29,"key":"RECALL"},{"floor":32,"key":"REST"},{"floor":49,"key":"DIG"},{"floor":52,"key":"REST"}],"circlet_count":0,"master_deck":["Defend_P+1","Defend_P+1","Defend_P+1","Defend_P+1","Eruption+1","Vigilance+1","Halt+1","Wireheading+1","PathToVictory+1","PathToVictory+1","EmptyFist+1","Wireheading+1","ThirdEye+1","Protect+1","WaveOfTheHand+1","EmptyBody+1","DeusExMachina+1","Ghostly+1","Ghostly+1","Ghostly+1","Ghostly+1","Ghostly+1","Meditate+1","Nirvana+1","PathToVictory+1","Scrawl+1","AbeCurse","InnerPeace+1","Meditate+1","PathToVictory+1","Wireheading+1","Wireheading+1","PathToVictory+1"],"relics":["PureWater","Replay:Wax Seal","Happy Flower","TheAbacus","HornCleat","Toxic Egg 2","DollysMirror","Replay:Arrowhead","Mummified Hand","Golden Egg","Onion Ring","Art of War","Sozu","ReplayFunnel","Darkstone Periapt","Gremlin Food","Centennial Puzzle","Abe\u0027s Treasure","Old Coin","Whetstone","Question Card","Frozen Egg 2","Anchor","Calipers","CloakClasp","Damaru","Eternal Feather","Replay:Baseball","Snack Pack"],"acts_visited":["Exordium","TheCity","TheBeyond","TheEnding"],"potions_floor_usage":[10,39,54],"damage_taken":[{"damage":0,"enemies":"Small Slimes","floor":1,"turns":2},{"damage":0,"enemies":"2 Louse","floor":2,"turns":3},{"damage":0,"enemies":"Cultist","floor":3,"turns":2},{"damage":4,"enemies":"Large Slime","floor":4,"turns":6},{"damage":1,"enemies":"Replay:BlueRogue","floor":6,"turns":5},{"damage":4,"enemies":"3 Sentries","floor":8,"turns":7},{"damage":0,"enemies":"Gremlin Nob","floor":10,"turns":2},{"damage":2,"enemies":"Exordium Wildlife","floor":12,"turns":3},{"damage":0,"enemies":"Blue Slaver","floor":14,"turns":4},{"damage":12,"enemies":"Slime Boss","floor":16,"turns":6},{"damage":7,"enemies":"Chosen","floor":18,"turns":4},{"damage":0,"enemies":"3 Byrds","floor":20,"turns":7},{"damage":3,"enemies":"Snake Plant","floor":21,"turns":5},{"damage":1,"enemies":"Snecko","floor":22,"turns":5},{"damage":2,"enemies":"Gremlin Leader","floor":23,"turns":7},{"damage":0,"enemies":"Centurion and Healer","floor":24,"turns":6},{"damage":0,"enemies":"Book of Stabbing","floor":25,"turns":7},{"damage":0,"enemies":"Shelled Parasite and Fungi","floor":27,"turns":6},{"damage":0,"enemies":"Cultist and Chosen","floor":28,"turns":5},{"damage":0,"enemies":"Gremlin Leader","floor":30,"turns":6},{"damage":0,"enemies":"Collector","floor":33,"turns":7},{"damage":0,"enemies":"Orb Walker","floor":35,"turns":4},{"damage":1,"enemies":"3 Shapes","floor":39,"turns":4},{"damage":0,"enemies":"Giant Head","floor":40,"turns":5},{"damage":0,"enemies":"3 Darklings","floor":41,"turns":3},{"damage":1,"enemies":"Nemesis","floor":42,"turns":5},{"damage":0,"enemies":"2 Orb Walkers","floor":45,"turns":4},{"damage":0,"enemies":"Sphere and 2 Shapes","floor":46,"turns":5},{"damage":0,"enemies":"Giant Head","floor":47,"turns":4},{"damage":0,"enemies":"Writhing Mass","floor":48,"turns":3},{"damage":0,"enemies":"Time Eater","floor":50,"turns":6},{"damage":0,"enemies":"Shield and Spear","floor":54,"turns":4},{"damage":15,"enemies":"The Heart","floor":55,"turns":7}],"seed_played":"-3734144692087594089","potions_obtained":[{"floor":1,"key":"Block Potion"},{"floor":4,"key":"DistilledChaos"},{"floor":6,"key":"BottledMiracle"},{"floor":12,"key":"FearPotion"},{"floor":14,"key":"Block Potion"}],"is_trial":false,"path_per_floor":["M","M","M","M","?","E","R","E","T","E","?","M","?","M","R","B",null,"M","?","M","M","M","E","M","E","T","M","M","R","E","?","R","B",null,"M","$","?","?","M","E","M","E","T","$","?","M","E","M","R","B",null,"R","$","E","B",null],"character_chosen":"WATCHER","items_purchased":["Replay:Wax Seal","Happy Flower","TheAbacus","Adaptation","Halt","HornCleat","Wireheading","Toxic Egg 2","PathToVictory+1","DollysMirror","EmptyFist","Wireheading","Replay:Arrowhead","InnerPeace+1","Anchor","Calipers","PathToVictory+1","Wireheading+1","Replay:Baseball"],"campfire_rested":2,"item_purchase_floors":[0,0,0,0,0,0,0,0,0,0,0,0,0,36,44,44,44,44,53],"current_hp_per_floor":[72,72,72,68,65,64,64,60,60,60,60,58,58,58,58,46,66,59,36,36,33,32,30,30,30,30,30,30,30,30,30,36,36,42,42,42,32,32,31,31,31,30,30,30,30,30,30,30,30,30,39,42,42,42,27],"gold":60,"neow_bonus":"","is_daily":false,"chose_seed":false,"campfire_upgraded":4,"win_rate":0.0,"timestamp":1612020139,"path_taken":["M","M","M","M","?","E","R","E","T","E","?","?","?","M","R","BOSS","M","?","M","M","M","E","M","E","T","M","M","R","E","?","R","BOSS","M","$","?","?","M","E","M","E","T","?","?","M","E","?","R","BOSS","R","$","E","BOSS"],"items_purchased_type":["Relic","Relic","Relic","Card","Card","Relic","Card","Relic","Card","Relic","Card","Card","Relic","Card","Relic","Relic","Card","Card","Relic"],"build_version":"2020-12-22","purchased_purges":5,"victory":true,"max_hp_per_floor":[72,72,72,72,72,72,72,72,72,72,72,72,72,72,72,72,72,72,36,36,36,36,36,36,36,36,36,36,36,36,36,36,36,42,42,42,42,42,42,42,42,42,42,42,42,42,42,42,42,42,42,42,42,42,42],"relic_stats":{"Darkstone Periapt":6,"Happy Flower":[107],"counters":[319,1357],"Eternal Feather":3,"CloakClasp":[103],"Whetstone":[],"Question Card":5,"Sozu":8,"Centennial Puzzle":[12],"TheAbacus":[210],"Mummified Hand":[118],"Art of War":[56],"obtain_stats":[{"Golden Egg":0,"Replay:Accelerometer":40,"Vampiric Spirits":0,"Whetstone":55,"Boot":55,"Sling":55,"Old Coin":37,"Blood Vial":20,"Replay:Bronze Core":17,"MealTicket":27,"Fusion Hammer":36,"Replay:Wax Seal":12,"Electric Blood":17,"Replay:Bottled Steam":43,"Pear":46,"Blue Candle":30,"Tingsha":0,"Eternal Feather":49,"Paper Crane":8,"Cables":54,"SlaversCollar":17,"Snecko Scales":34,"Bird Faced Urn":12,"Snecko Eye":17,"Mark of Pain":0,"StrikeDummy":6,"Abe\u0027s Treasure":17,"Regal Pillow":0,"Lantern":40,"Singing Bowl":10,"Magic Flower":11,"Painkiller Herb":19,"Blue Doll":23,"Bag of Preparation":55,"Replay:Multitool":44,"Cursed Key":34,"Smiling Mask":23,"Burning Blood":0,"Pet Ghost":23,"Replay:Rubber Ducky":55,"Matryoshka":0,"InkBottle":27,"Potion Belt":7,"The Specimen":25,"Golden Idol":11,"Basket Of Snakes":39,"Damaru":13,"Thread and Needle":47,"The Courier":14,"PreservedInsect":22,"Geode":40,"Omamori":31,"Frozen Egg 2":0,"MawBank":31,"GoldenEye":54,"Replay:Arrowhead":0,"Busted Crown":17,"Ornamental Fan":55,"Ring of Misfortune":2,"Turnip":46,"Art of War":40,"Garlic":13,"Bottled Lightning":53,"ReplayTheSpireMod:Ring of Challenge":38,"Toy Ornithopter":48,"Ice Cream":14,"Calipers":0,"Gremlin Horn":9,"Nilry\u0027s Codex":23,"CeramicFish":8,"Vajra":28,"Sozu":0,"Centennial Puzzle":9,"Lizard Tail":45,"HornCleat":0,"DollysMirror":0,"Strawberry":28,"Prayer Wheel":0,"Philosopher\u0027s Stone":34,"Iron Hammer":27,"Toxic Egg 2":0,"Byrd Skull":11,"Happy Flower":55,"Astrolabe":34,"Replay:Grab Bag":34,"Oddly Smooth Stone":26,"Ring of Chaos":47,"War Paint":23,"Question Card":0,"Du-Vu Doll":53,"OrangePellets":0,"Bottled Flame":15,"Replay:Baseball":0,"ReplayTheSpireMod:Shallot":26,"Shuriken":43,"Bronze Scales":12,"Simple Rune":55,"Onion Ring":8,"Mirror":0,"Pocketwatch":0,"Meat on the Bone":38,"Darkstone Periapt":5,"ReplayFunnel":55,"Mango":6,"Snake Skull":29,"Incense Burner":45,"Juzu Bracelet":48,"CloakClasp":43,"Dream Catcher":43,"Nunchaku":24,"Replay:Bandana":10,"TheAbacus":53,"Mummified Hand":5,"Pantograph":23,"Gambling Chip":24,"Tiny Chest":6,"Replay:Drink Me":17,"Red Skull":6,"Gremlin Food":44,"ReplayTheSpireMod:Ninjato":6,"Replay:Towering Pillar of Hats":10,"Quantum Egg":46,"Guide Book":0,"Replay:WaspNest":0,"Orichalcum":56,"Medical Kit":42,"Mercury Hourglass":0,"Peace Pipe":39,"Anchor":11,"CaptainsWheel":43,"Pondfish Scales":55,"DataDisk":0,"HolyWater":34,"ChewingGum":34,"Snack Pack":8,"Bag of Marbles":40,"Membership Card":0,"PureWater":0,"FossilizedHelix":48},{"Golden Egg":184,"Replay:Accelerometer":207,"Vampiric Spirits":61,"Whetstone":91,"Boot":91,"Sling":91,"Old Coin":308,"Blood Vial":26,"Replay:Bronze Core":134,"MealTicket":58,"Fusion Hammer":80,"Replay:Wax Seal":191,"Electric Blood":51,"Replay:Bottled Steam":119,"Pear":122,"Blue Candle":30,"Tingsha":93,"Eternal Feather":316,"Paper Crane":66,"Cables":153,"SlaversCollar":24,"Snecko Scales":115,"Bird Faced Urn":22,"Snecko Eye":222,"Mark of Pain":0,"StrikeDummy":98,"Abe\u0027s Treasure":265,"Regal Pillow":93,"Lantern":176,"Singing Bowl":21,"Magic Flower":49,"Painkiller Herb":72,"Blue Doll":196,"Bag of Preparation":91,"Replay:Multitool":120,"Cursed Key":31,"Smiling Mask":227,"Burning Blood":0,"Pet Ghost":56,"Replay:Rubber Ducky":91,"Matryoshka":61,"InkBottle":141,"Potion Belt":218,"The Specimen":76,"Golden Idol":5,"Basket Of Snakes":82,"Damaru":221,"Thread and Needle":180,"The Courier":7,"PreservedInsect":11,"Geode":146,"Omamori":202,"Frozen Egg 2":14,"MawBank":79,"GoldenEye":183,"Replay:Arrowhead":286,"Busted Crown":8,"Ornamental Fan":91,"Ring of Misfortune":257,"Turnip":38,"Art of War":36,"Garlic":250,"Bottled Lightning":182,"ReplayTheSpireMod:Ring of Challenge":81,"Toy Ornithopter":241,"Ice Cream":23,"Calipers":256,"Gremlin Horn":20,"Nilry\u0027s Codex":75,"CeramicFish":157,"Vajra":77,"Sozu":154,"Centennial Puzzle":5,"Lizard Tail":281,"HornCleat":286,"DollysMirror":286,"Strawberry":13,"Prayer Wheel":93,"Philosopher\u0027s Stone":232,"Iron Hammer":167,"Toxic Egg 2":286,"Byrd Skull":66,"Happy Flower":91,"Astrolabe":172,"Replay:Grab Bag":232,"Oddly Smooth Stone":57,"Ring of Chaos":122,"War Paint":139,"Question Card":244,"Du-Vu Doll":284,"OrangePellets":93,"Bottled Flame":70,"Replay:Baseball":93,"ReplayTheSpireMod:Shallot":269,"Shuriken":177,"Bronze Scales":6,"Simple Rune":91,"Onion Ring":292,"Mirror":244,"Pocketwatch":41,"Meat on the Bone":117,"Darkstone Periapt":18,"ReplayFunnel":91,"Mango":19,"Snake Skull":78,"Incense Burner":87,"Juzu Bracelet":181,"CloakClasp":208,"Dream Catcher":37,"Nunchaku":75,"Replay:Bandana":100,"TheAbacus":211,"Mummified Hand":290,"Pantograph":12,"Gambling Chip":27,"Tiny Chest":188,"Replay:Drink Me":161,"Red Skull":47,"Gremlin Food":87,"ReplayTheSpireMod:Ninjato":156,"Replay:Towering Pillar of Hats":66,"Quantum Egg":87,"Guide Book":93,"Replay:WaspNest":61,"Orichalcum":92,"Medical Kit":119,"Mercury Hourglass":61,"Peace Pipe":146,"Anchor":66,"CaptainsWheel":86,"Pondfish Scales":91,"DataDisk":126,"HolyWater":275,"ChewingGum":232,"Snack Pack":48,"Bag of Marbles":278,"Membership Card":61,"PureWater":0,"FossilizedHelix":151},{"Golden Egg":733,"Replay:Accelerometer":814,"Vampiric Spirits":244,"Whetstone":364,"Boot":364,"Sling":364,"Old Coin":1307,"Blood Vial":107,"Replay:Bronze Core":537,"MealTicket":230,"Fusion Hammer":315,"Replay:Wax Seal":750,"Electric Blood":208,"Replay:Bottled Steam":471,"Pear":484,"Blue Candle":123,"Tingsha":376,"Eternal Feather":1340,"Paper Crane":257,"Cables":637,"SlaversCollar":100,"Snecko Scales":459,"Bird Faced Urn":86,"Snecko Eye":881,"Mark of Pain":0,"StrikeDummy":392,"Abe\u0027s Treasure":1067,"Regal Pillow":376,"Lantern":706,"Singing Bowl":82,"Magic Flower":200,"Painkiller Herb":279,"Blue Doll":766,"Bag of Preparation":364,"Replay:Multitool":475,"Cursed Key":130,"Smiling Mask":896,"Burning Blood":0,"Pet Ghost":224,"Replay:Rubber Ducky":364,"Matryoshka":244,"InkBottle":568,"Potion Belt":860,"The Specimen":292,"Golden Idol":17,"Basket Of Snakes":325,"Damaru":872,"Thread and Needle":718,"The Courier":25,"PreservedInsect":40,"Geode":594,"Omamori":790,"Frozen Egg 2":51,"MawBank":304,"GoldenEye":727,"Replay:Arrowhead":1198,"Busted Crown":30,"Ornamental Fan":364,"Ring of Misfortune":1014,"Turnip":156,"Art of War":146,"Garlic":986,"Bottled Lightning":724,"ReplayTheSpireMod:Ring of Challenge":318,"Toy Ornithopter":957,"Ice Cream":93,"Calipers":1011,"Gremlin Horn":78,"Nilry\u0027s Codex":288,"CeramicFish":657,"Vajra":296,"Sozu":646,"Centennial Puzzle":17,"Lizard Tail":1164,"HornCleat":1198,"DollysMirror":1198,"Strawberry":48,"Prayer Wheel":376,"Philosopher\u0027s Stone":919,"Iron Hammer":681,"Toxic Egg 2":1198,"Byrd Skull":257,"Happy Flower":364,"Astrolabe":695,"Replay:Grab Bag":919,"Oddly Smooth Stone":226,"Ring of Chaos":484,"War Paint":559,"Question Card":970,"Du-Vu Doll":1182,"OrangePellets":376,"Bottled Flame":268,"Replay:Baseball":376,"ReplayTheSpireMod:Shallot":1091,"Shuriken":710,"Bronze Scales":20,"Simple Rune":364,"Onion Ring":1223,"Mirror":970,"Pocketwatch":170,"Meat on the Bone":463,"Darkstone Periapt":65,"ReplayFunnel":364,"Mango":73,"Snake Skull":300,"Incense Burner":344,"Juzu Bracelet":721,"CloakClasp":818,"Dream Catcher":151,"Nunchaku":288,"Replay:Bandana":399,"TheAbacus":834,"Mummified Hand":1211,"Pantograph":44,"Gambling Chip":111,"Tiny Chest":741,"Replay:Drink Me":667,"Red Skull":189,"Gremlin Food":344,"ReplayTheSpireMod:Ninjato":655,"Replay:Towering Pillar of Hats":257,"Quantum Egg":344,"Guide Book":376,"Replay:WaspNest":244,"Orichalcum":369,"Medical Kit":471,"Mercury Hourglass":244,"Peace Pipe":594,"Anchor":257,"CaptainsWheel":341,"Pondfish Scales":364,"DataDisk":505,"HolyWater":1128,"ChewingGum":919,"Snack Pack":196,"Bag of Marbles":1150,"Membership Card":244,"PureWater":0,"FossilizedHelix":621}]},"card_choices":[{"not_picked":["SandsOfTime","DeceiveReality+1"],"picked":"ThirdEye+1","floor":1},{"not_picked":["FollowUp","WheelKick","Swivel+1"],"picked":"SKIP","floor":2},{"not_picked":["Replay:Battleflow+1","EmptyFist"],"picked":"Protect+1","floor":3},{"not_picked":["WreathOfFlame+1","BowlingBash"],"picked":"LessonLearned","floor":4},{"not_picked":["WindmillStrike","BowlingBash","LikeWater"],"picked":"SKIP","floor":6},{"not_picked":["Replay:Cycle+1","FollowUp","Replay:AtTheReady+1"],"picked":"SKIP","floor":8},{"not_picked":["WindmillStrike","WheelKick","CrushJoints"],"picked":"SKIP","floor":10},{"not_picked":["CutThroughFate","SashWhip"],"picked":"WaveOfTheHand+1","floor":12},{"not_picked":["FlurryOfBlows","Crescendo+1"],"picked":"EmptyBody+1","floor":14},{"not_picked":["Alpha+1","Blasphemy+1"],"picked":"DeusExMachina+1","floor":16},{"not_picked":["Worship+1","ClearTheMind+1","EmptyFist+1"],"picked":"SKIP","floor":18},{"not_picked":["Pray+1","Crescendo+1","Replay:Hum+1"],"picked":"SKIP","floor":20},{"not_picked":["Prostrate+1","EmptyFist+1","Halt+1"],"picked":"SKIP","floor":21},{"not_picked":["SpiritShield+1","BowlingBash"],"picked":"Meditate+1","floor":22},{"not_picked":["Crescendo+1","Fasting2+1"],"picked":"Nirvana+1","floor":23},{"not_picked":["Tantrum","Pray+1","FlyingSleeves"],"picked":"SKIP","floor":24},{"not_picked":["JustLucky","Replay:Battleflow+1","Pray+1"],"picked":"SKIP","floor":25},{"not_picked":["Conclude","Crescendo+1","Consecrate+1"],"picked":"SKIP","floor":27},{"not_picked":["FollowUp","MasterReality"],"picked":"PathToVictory+1","floor":28},{"not_picked":["FearNoEvil","EmptyBody+1","Prostrate+1"],"picked":"SKIP","floor":30},{"not_picked":["Blasphemy+1","Ragnarok"],"picked":"Scrawl+1","floor":33},{"not_picked":["Evaluate+1","Crescendo+1","FollowUp+1"],"picked":"SKIP","floor":35},{"not_picked":["SpiritShield+1","Vengeance+1","FlyingSleeves"],"picked":"SKIP","floor":39},{"not_picked":["CrushJoints+1","Nirvana","ForeignInfluence+1"],"picked":"SKIP","floor":40},{"not_picked":["Fasting2+1","Consecrate","Indignation+1"],"picked":"SKIP","floor":41},{"not_picked":["SandsOfTime+1","LikeWater"],"picked":"Meditate+1","floor":42},{"not_picked":["MasterReality+1","JustLucky+1","Tantrum","Crescendo+1"],"picked":"SKIP","floor":46},{"not_picked":["Replay:AtTheReady+1","FlurryOfBlows+1","ClearTheMind+1","FearNoEvil+1"],"picked":"SKIP","floor":47},{"not_picked":["BowlingBash+1","Evaluate+1","WheelKick","Replay:ManipulateFuture+1"],"picked":"SKIP","floor":48},{"not_picked":["WaveOfTheHand+1","MentalFortress+1","Wallop+1"],"picked":"PathToVictory+1","floor":54}],"player_experience":4048447,"relics_obtained":[{"floor":6,"key":"Golden Egg"},{"floor":8,"key":"Onion Ring"},{"floor":10,"key":"Art of War"},{"floor":23,"key":"ReplayFunnel"},{"floor":25,"key":"Darkstone Periapt"},{"floor":26,"key":"Gremlin Food"},{"floor":30,"key":"Centennial Puzzle"},{"floor":37,"key":"Old Coin"},{"floor":40,"key":"Whetstone"},{"floor":42,"key":"Question Card"},{"floor":43,"key":"Frozen Egg 2"},{"floor":45,"key":"CloakClasp"},{"floor":47,"key":"Damaru"},{"floor":49,"key":"Eternal Feather"},{"floor":54,"key":"Snack Pack"}],"event_choices":[{"damage_healed":0,"gold_gain":0,"player_choice":"Success","damage_taken":3,"relics_obtained":["Mummified Hand"],"max_hp_gain":0,"max_hp_loss":0,"event_name":"Scrap Ooze","floor":5,"gold_loss":0},{"damage_healed":0,"gold_gain":0,"player_choice":"Upgraded","damage_taken":0,"max_hp_gain":0,"max_hp_loss":0,"event_name":"Upgrade Shrine","floor":11,"gold_loss":0,"cards_upgraded":["Wireheading"]},{"damage_healed":0,"gold_gain":0,"player_choice":"Became a Ghost","damage_taken":0,"max_hp_gain":0,"max_hp_loss":36,"event_name":"Ghosts","floor":19,"gold_loss":0,"cards_obtained":["Ghostly","Ghostly","Ghostly","Ghostly","Ghostly"]},{"damage_healed":0,"gold_gain":0,"player_choice":"Ignored","damage_taken":0,"max_hp_gain":0,"max_hp_loss":0,"event_name":"Vampires","floor":31,"gold_loss":0},{"cards_removed":["Adaptation"],"damage_healed":0,"gold_gain":0,"player_choice":"Removed Power","damage_taken":0,"max_hp_gain":0,"max_hp_loss":0,"event_name":"Falling","floor":38,"gold_loss":0},{"damage_healed":0,"gold_gain":0,"player_choice":"Fight","damage_taken":0,"max_hp_gain":0,"max_hp_loss":0,"event_name":"Mysterious Sphere","floor":45,"gold_loss":0}],"is_beta":false,"boss_relics":[{"not_picked":["Snecko Heart","Replay:Ancient Bell"],"picked":"Sozu"},{"not_picked":["SacredBark","ChewingGum"],"picked":"Abe\u0027s Treasure"}],"items_purged_floors":[0,0,36,44,53],"is_endless":false,"potions_floor_spawned":[1,4,6,12,14,20,27,30,33,35,40,42,45],"ascension_level":5}}