{"host":"usru02jcpe2a942d","time":1612003547,"event":{"mods":["Act Like it!","BaseMod","Colored Powertips","GifTheSpireLib","Highlight Path","Hubris","Infinite Spire","Jedi Mod","Minty Spire (QoL Compilation)","MostiFishMod","Pale of the Ancients","Quick Restart","Relic Stats","RumiaBox-露米娅的神秘盒子","StSLib","The Gatherer","The Hierophant","noobMod","【遗物卡牌】REMEMod","篝火指南"],"gold_per_floor":[115,115,40,54,69,69,73,73,119,119,69,75,75,108,108,191,191,191],"floor_reached":17,"language":"ZHS","playtime":1302,"items_purged":["hierophant:Strike_Hierophant","hierophant:Strike_Hierophant"],"score":155,"play_id":"adeda9fe-b804-45a7-a6ce-b64fc17ff65b","local_time":"20210130184547","is_ascension_mode":false,"campfire_choices":[{"data":"hierophant:HolyVerse","floor":6,"key":"SMITH"},{"data":"hierophant:Punish","floor":8,"key":"SMITH"},{"data":"hierophant:Doomsaying","floor":10,"key":"SMITH"},{"data":"jedi:cleanse","floor":13,"key":"SMITH"},{"data":"hierophant:AuricBeam","floor":15,"key":"SMITH"}],"circlet_count":0,"master_deck":["hierophant:Strike_Hierophant","hierophant:Strike_Hierophant","hierophant:Punish+1","hierophant:Defend_Hierophant","hierophant:Defend_Hierophant","hierophant:Defend_Hierophant","hierophant:Defend_Hierophant","hierophant:ChurchCoffers","jedi:cleanse+1","hierophant:HolyVerse+1","hierophant:AuricBeam+1","hierophant:Embezzle","hierophant:Doomsaying+1","hierophant:WrathOfGod"],"relics":["hierophant:PropheticMaskRelic","DaveBox","ice","REME_ComplimentaryCards","SentryEyes","SynthV:TestCard","CultistMask","Smiling Mask","hubris:OldNail","ChiXiaoBlade"],"acts_visited":["Exordium","TheCity"],"potions_floor_usage":[7],"damage_taken":[{"damage":6,"enemies":"Jaw Worm","floor":1,"turns":2},{"damage":0,"enemies":"Cultist","floor":4,"turns":2},{"damage":0,"enemies":"2 Louse","floor":5,"turns":1},{"damage":12,"enemies":"Blue Slaver","floor":7,"turns":2},{"damage":13,"enemies":"Red Slaver","floor":12,"turns":2},{"damage":25,"enemies":"Lagavulin","floor":14,"turns":4},{"damage":49,"enemies":"Hexaghost","floor":16,"turns":8}],"seed_played":"-4617391896220258761","potions_obtained":[{"floor":1,"key":"Regen Potion"},{"floor":7,"key":"ColorlessPotion"},{"floor":12,"key":"jedi:wingpotion"},{"floor":14,"key":"SkillPotion"}],"is_trial":false,"path_per_floor":["M","?","$","M","M","R","M","R","T","R","$","M","R","E","R","B",null],"character_chosen":"HIEROPHANT","items_purchased":[],"campfire_rested":0,"item_purchase_floors":[],"current_hp_per_floor":[76,76,76,76,76,76,69,69,69,69,69,56,56,31,31,62,84,84],"gold":191,"neow_bonus":"TEN_PERCENT_HP_BONUS","is_daily":false,"chose_seed":false,"campfire_upgraded":5,"win_rate":0.0,"timestamp":1612003547,"path_taken":["M","?","$","?","?","R","?","R","T","R","$","M","R","E","R","BOSS"],"items_purchased_type":[],"build_version":"2020-12-22","purchased_purges":2,"victory":false,"max_hp_per_floor":[82,82,82,82,82,82,82,82,82,82,82,82,82,82,82,84,84,84],"relic_stats":{"counters":[7,21],"Smiling Mask":50,"obtain_stats":[{"SynthV:TestCard":1,"DaveBox":0,"hierophant:PropheticMaskRelic":0,"SentryEyes":0,"ChiXiaoBlade":17,"CultistMask":2,"ice":0,"Smiling Mask":9,"hubris:OldNail":14,"REME_ComplimentaryCards":0},{"SynthV:TestCard":1,"DaveBox":0,"hierophant:PropheticMaskRelic":0,"SentryEyes":0,"ChiXiaoBlade":7,"CultistMask":1,"ice":0,"Smiling Mask":4,"hubris:OldNail":6,"REME_ComplimentaryCards":0},{"SynthV:TestCard":2,"DaveBox":0,"hierophant:PropheticMaskRelic":0,"SentryEyes":0,"ChiXiaoBlade":21,"CultistMask":2,"ice":0,"Smiling Mask":7,"hubris:OldNail":13,"REME_ComplimentaryCards":0}]},"card_choices":[{"not_picked":["hierophant:Patience","hierophant:Doubloon"],"picked":"hierophant:HolyVerse","floor":1},{"not_picked":["hierophant:RepressedViolence","hierophant:DisplayOfPower","hierophant:Purify","hierophant:Endure"],"picked":"hierophant:AuricBeam","floor":4},{"not_picked":["hierophant:Endure","hierophant:AuricShield","hierophant:TollTheBells","hierophant:PassingBell"],"picked":"hierophant:Embezzle","floor":5},{"not_picked":["hierophant:Smite","hierophant:RecallFunds","hierophant:Shelter","hierophant:Upheaval"],"picked":"hierophant:Doomsaying","floor":7},{"not_picked":["hierophant:AuricBeam","hierophant:RustyCrate","hierophant:SealAway","hierophant:Remorse","hierophant:FieryStrike"],"picked":"SKIP","floor":12},{"not_picked":["hierophant:ArchangelShield","hierophant:Refuge","hierophant:Levitation","hierophant:SealAway","hierophant:FieryStrike"],"picked":"SKIP","floor":14},{"not_picked":["hierophant:DivineIntervention","hierophant:DeathKnell","hierophant:Levitation","hierophant:Invocation"],"picked":"hierophant:WrathOfGod","floor":16}],"player_experience":234096,"relics_obtained":[{"floor":1,"key":"SynthV:TestCard"},{"floor":9,"key":"Smiling Mask"},{"floor":14,"key":"hubris:OldNail"}],"event_choices":[{"damage_healed":0,"gold_gain":0,"player_choice":"Trade","damage_taken":0,"relics_obtained":["CultistMask"],"max_hp_gain":0,"max_hp_loss":0,"event_name":"FaceTrader","floor":2,"gold_loss":0}],"is_beta":false,"boss_relics":[{"not_picked":["hubris:TerracottaHorce","Astrolabe"],"picked":"ChiXiaoBlade"}],"items_purged_floors":[3,11],"is_endless":false,"potions_floor_spawned":[1,7,12,14],"ascension_level":0}}