{"host":"farxtl2u8hmkbdo2","time":1612031592,"event":{"mods":["A Magickal Journey","BaseMod","Better Altar","Better Note","Better Sensory Stone","Better Skull","Better Third Choice","Challenge The Spire","Colored Map","Colored Powertips","Current Relic Mod","Energized Spire","Fox Events","Gremlin Mod","Hermit","Hubris","Mimic Mod","Minty Spire (QoL Compilation)","Quick Restart","READ ME - Guardian Mod","READ ME - Snecko Mod","Rare Cards Sparkle","StSLib","The Bladedancer","The Bug Knight","The Cursed","The Disciple","The Hierophant","The Marked","The Necromancer","The Runesmith","Transform Curses"],"gold_per_floor":[127,183,135,135,26,162,162,162,162],"floor_reached":8,"language":"SPA","playtime":404,"items_purged":[],"score":207,"play_id":"afd2b38a-7f6e-42ee-9f74-7e66f016d743","local_time":"20210130153312","is_ascension_mode":true,"campfire_choices":[{"data":"TheCursedMod:HellfireBreathing","floor":7.0,"key":"SMITH"}],"circlet_count":0,"master_deck":["TheCursedMod:Strike_TheCursed","TheCursedMod:Strike_TheCursed","TheCursedMod:Strike_TheCursed","TheCursedMod:Strike_TheCursed","TheCursedMod:Defend_TheCursed","TheCursedMod:Defend_TheCursed","TheCursedMod:Defend_TheCursed","TheCursedMod:Defend_TheCursed","TheCursedMod:CursedWand","TheCursedMod:CleanUpWorkshop","TheCursedMod:Dregs","hubris:Greed","hubris:Greed","hubris:Greed","TheCursedMod:FleshFromBone","hubris:Greed","hubris:Greed","hubris:Greed","hubris:Greed","hubris:Greed","TheCursedMod:CircleOfFlame","TheCursedMod:HellfireBreathing+1","TheCursedMod:Evocation","hubris:Greed","hubris:Greed","hubris:Greed","hubris:Greed","hubris:Greed","hubris:Greed","hubris:Greed","hubris:Greed","hubris:Greed","hubris:Greed","hubris:Greed","hubris:Greed","hubris:Greed","hubris:Greed","TheCursedMod:DemonSword","hubris:Greed","hubris:Greed","hubris:Greed","hubris:Greed","hubris:Greed","hubris:Greed","hubris:Greed","hubris:Greed","hubris:Greed","hubris:Greed"],"relics":["TheCursedMod:BlackMagic101","Incense Burner","betterThird:SlimedRelic","Blood Vial"],"acts_visited":["Exordium"],"potions_floor_usage":[8,8,8],"damage_taken":[{"damage":5.0,"enemies":"Cultist","floor":1.0,"turns":4.0},{"damage":5.0,"enemies":"Small Slimes","floor":2.0,"turns":4.0},{"damage":23.0,"enemies":"Lagavulin","floor":6.0,"turns":9.0},{"damage":41,"enemies":"Gremlin Nob","floor":8,"turns":5}],"seed_played":"6121329340799833201","potions_obtained":[{"floor":2.0,"key":"LiquidMemories"},{"floor":4.0,"key":"Weak Potion"},{"floor":4.0,"key":"Dexterity Potion"},{"floor":6.0,"key":"FearPotion"}],"is_trial":false,"path_per_floor":["M","M","?","?","$","E","R","E"],"character_chosen":"THE_CURSED","items_purchased":["TheCursedMod:HellfireBreathing","TheCursedMod:Evocation"],"campfire_rested":0,"item_purchase_floors":[5,5],"current_hp_per_floor":[70,65,54,54,54,31,31,0,0],"gold":162,"neow_bonus":"ONE_RARE_RELIC","is_daily":false,"chose_seed":false,"campfire_upgraded":1,"win_rate":0.0,"timestamp":1612031592,"path_taken":["M","M","?","?","$","E","R","E"],"items_purchased_type":["Card","Card"],"build_version":"2020-12-22","purchased_purges":0,"victory":false,"max_hp_per_floor":[75,75,75,75,75,75,75,75,75],"card_choices":[{"not_picked":["TheCursedMod:CursedBlade","TheCursedMod:Mangle"],"picked":"TheCursedMod:FleshFromBone","floor":1.0},{"not_picked":["TheCursedMod:VitalStrike","TheCursedMod:Torture"],"picked":"TheCursedMod:CircleOfFlame","floor":2.0},{"not_picked":["TheCursedMod:FuryStrike","TheCursedMod:Wield"],"picked":"TheCursedMod:DemonSword","floor":6.0}],"player_experience":1972426,"relics_obtained":[{"floor":6.0,"key":"Blood Vial"}],"event_choices":[{"damage_healed":0.0,"max_hp_gain":0.0,"max_hp_loss":0.0,"gold_gain":0.0,"event_name":"betterThird:BetterGoop","player_choice":"Slimed","floor":3.0,"gold_loss":48.0,"damage_taken":11.0},{"damage_healed":0.0,"max_hp_gain":0.0,"max_hp_loss":0.0,"gold_gain":0.0,"event_name":"Lab","player_choice":"Got Potions","floor":4.0,"gold_loss":0.0,"damage_taken":0.0}],"is_beta":false,"boss_relics":[],"items_purged_floors":[],"is_endless":false,"potions_floor_spawned":[2,6],"killed_by":"Gremlin Nob","ascension_level":1}}