{"host":"9qk11wtevf51xvhl","time":1612029494,"event":{"mods":["BaseMod","Minty Spire (QoL Compilation)"],"gold_per_floor":[118,118,136,152,171,199,215,231,254,280,280,305,318,371,371,466,466,477,493,112,131,143,143,143],"floor_reached":23,"language":"ENG","playtime":2486,"items_purged":["Storm of Steel"],"score":315,"play_id":"8762293e-f2bf-4152-9571-1f30f36e08cb","local_time":"20210130185813","is_ascension_mode":true,"campfire_choices":[{"data":"Malaise","floor":11,"key":"SMITH"},{"data":"Survivor","floor":15,"key":"SMITH"}],"circlet_count":0,"master_deck":["Survivor+1","Neutralize","Underhanded Strike","Dagger Throw","Cloak And Dagger","Prepared","Underhanded Strike","Acrobatics","Malaise+1","Reflex","Phantasmal Killer","Malaise","Dodge and Roll","Deflect","Slice","Outmaneuver","Backstab","Blur","Well Laid Plans+1","Caltrops+1","Noxious Fumes+1","Deadly Poison+1"],"relics":["Ring of the Snake","NeowsBlessing","Frozen Egg 2","Smiling Mask","Strawberry","Centennial Puzzle","Art of War","Pandora\u0027s Box","Singing Bowl"],"acts_visited":["Exordium","TheCity"],"potions_floor_usage":[5,7,13,13,16,22,23],"damage_taken":[{"damage":0,"enemies":"Jaw Worm","floor":1,"turns":1},{"damage":0,"enemies":"Cultist","floor":3,"turns":1},{"damage":0,"enemies":"2 Louse","floor":4,"turns":1},{"damage":2,"enemies":"Red Slaver","floor":5,"turns":3},{"damage":13,"enemies":"Gremlin Nob","floor":6,"turns":4},{"damage":3,"enemies":"Large Slime","floor":7,"turns":7},{"damage":2,"enemies":"3 Louse","floor":8,"turns":3},{"damage":7,"enemies":"3 Sentries","floor":10,"turns":8},{"damage":12,"enemies":"Gremlin Nob","floor":12,"turns":5},{"damage":0,"enemies":"Lots of Slimes","floor":13,"turns":1},{"damage":18,"enemies":"The Guardian","floor":16,"turns":16},{"damage":6,"enemies":"Shell Parasite","floor":18,"turns":6},{"damage":2,"enemies":"3 Byrds","floor":19,"turns":4},{"damage":26,"enemies":"Cultist and Chosen","floor":21,"turns":7},{"damage":22,"enemies":"Snake Plant","floor":22,"turns":4},{"damage":12,"enemies":"Book of Stabbing","floor":23,"turns":3}],"seed_played":"-5143792306206111333","potions_obtained":[{"floor":1,"key":"Explosive Potion"},{"floor":3,"key":"Fruit Juice"},{"floor":5,"key":"CunningPotion"},{"floor":10,"key":"Explosive Potion"},{"floor":13,"key":"AttackPotion"},{"floor":18,"key":"BlessingOfTheForge"},{"floor":19,"key":"EssenceOfSteel"}],"is_trial":false,"path_per_floor":["M","?","M","M","M","E","M","M","T","E","R","E","M","T","R","B",null,"M","M","$","M","M","E"],"character_chosen":"THE_SILENT","items_purchased":["Singing Bowl","Noxious Fumes+1"],"campfire_rested":0,"item_purchase_floors":[20,20],"current_hp_per_floor":[63,63,63,63,66,53,50,48,48,48,48,36,36,36,36,18,66,60,58,58,32,12,0,0],"gold":143,"neow_bonus":"THREE_ENEMY_KILL","is_daily":false,"chose_seed":false,"campfire_upgraded":2,"win_rate":0.0,"timestamp":1612029493,"path_taken":["M","?","M","M","?","E","M","M","T","E","R","E","M","?","R","BOSS","M","M","$","M","M","E"],"items_purchased_type":["Relic","Card"],"build_version":"2020-12-22","purchased_purges":1,"victory":false,"max_hp_per_floor":[70,70,70,70,75,75,75,75,75,82,82,82,82,82,82,82,82,82,82,82,82,84,84,84],"card_choices":[{"not_picked":["Distraction","Sucker Punch"],"picked":"Underhanded Strike","floor":1},{"not_picked":["Dagger Spray","Outmaneuver","Bane"],"picked":"SKIP","floor":3},{"not_picked":["Quick Slash","Deadly Poison"],"picked":"Dagger Throw","floor":4},{"not_picked":["Deadly Poison","Well Laid Plans"],"picked":"Cloak And Dagger","floor":5},{"not_picked":["Endless Agony","Cloak And Dagger"],"picked":"Prepared","floor":6},{"not_picked":["Blade Dance","Prepared"],"picked":"Underhanded Strike","floor":7},{"not_picked":["Flying Knee","Underhanded Strike"],"picked":"Acrobatics","floor":8},{"not_picked":["Blur","Acrobatics"],"picked":"Malaise","floor":10},{"not_picked":["Terror","Dagger Spray"],"picked":"Reflex","floor":12},{"not_picked":["Sucker Punch","Setup","Blade Dance"],"picked":"SKIP","floor":13},{"not_picked":["Malaise","Venomology"],"picked":"Phantasmal Killer","floor":16},{"not_picked":["Quick Slash","Setup","Cloak And Dagger"],"picked":"SKIP","floor":18},{"not_picked":["Prepared+1","Poisoned Stab"],"picked":"Caltrops+1","floor":19},{"not_picked":["Bane","Calculated Gamble"],"picked":"Deadly Poison+1","floor":21},{"not_picked":["Dagger Spray","Blur+1","Flechettes"],"picked":"Singing Bowl","floor":22}],"player_experience":554603,"relics_obtained":[{"floor":6,"key":"Frozen Egg 2"},{"floor":9,"key":"Smiling Mask"},{"floor":10,"key":"Strawberry"},{"floor":12,"key":"Centennial Puzzle"},{"floor":14,"key":"Art of War"}],"event_choices":[{"cards_removed":["Strike_G"],"damage_healed":0,"gold_gain":0,"player_choice":"Purged","damage_taken":0,"max_hp_gain":0,"max_hp_loss":0,"event_name":"Purifier","floor":2,"gold_loss":0}],"is_beta":false,"boss_relics":[{"not_picked":["Empty Cage","Runic Dome"],"picked":"Pandora\u0027s Box"}],"items_purged_floors":[20],"is_endless":false,"potions_floor_spawned":[1,3,5,10,13,18,19],"killed_by":"Book of Stabbing","ascension_level":9}}