{"host":"ymmeoa1x24ihslbm","time":1612026259,"event":{"mods":["AchievementEnabler","BaseMod","Colored Map","Colored Powertips","Defuse TimeMaze Blight","Highlight Path","Minty Spire (QoL Compilation)","Permanent Neow","Quick Restart","StSLib","Unceasing Turn Reminder"],"gold_per_floor":[116,127,137,152,102,102,130,130,130,145,160,160,187,200,200,279,329,340,356,356,356,356,356,281,281,352,364,364,67,85,85,85,160,160,180,197,197,208,220,220,247,247,247,247,1,12,28,61,61,61],"floor_reached":51,"language":"ENG","playtime":5236,"items_purged":[],"score":1237,"play_id":"3d2a906b-05d7-4732-8db8-2224f719a1af","local_time":"20210130180419","is_ascension_mode":true,"campfire_choices":[{"data":"Neutralize","floor":6.0,"key":"SMITH"},{"data":"Backflip","floor":8.0,"key":"SMITH"},{"data":"Blur","floor":12.0,"key":"SMITH"},{"data":"Tactician","floor":15.0,"key":"SMITH"},{"data":"Calculated Gamble","floor":23.0,"key":"SMITH"},{"data":"Survivor","floor":25.0,"key":"SMITH"},{"data":"Predator","floor":32.0,"key":"SMITH"},{"data":"Venomology","floor":40.0,"key":"SMITH"},{"data":"Apotheosis","floor":42.0,"key":"SMITH"},{"floor":49,"key":"REST"}],"circlet_count":0,"master_deck":["AscendersBane","Strike_G","Strike_G","Strike_G","Strike_G","Defend_G","Defend_G","Defend_G","Defend_G","Survivor+1","Neutralize+1","Calculated Gamble+1","Flying Knee","Backflip+1","Slice","Predator+1","Blur+1","Tactician+1","Corpse Explosion+1","Venomology+1","Outmaneuver+1","Distraction+1","Apotheosis+1","Good Instincts","Well Laid Plans+1"],"relics":["Runic Pyramid","Pantograph","Singing Bowl","Odd Mushroom","Tiny House","Nilry\u0027s Codex","Ninja Scroll","Kunai","Mango","SacredBark","Mercury Hourglass","Mummified Hand","Bottled Lightning","Dream Catcher"],"acts_visited":["Exordium","TheCity","TheBeyond"],"potions_floor_usage":[48,50,50,50],"damage_taken":[{"damage":1.0,"enemies":"Jaw Worm","floor":1.0,"turns":5.0},{"damage":0.0,"enemies":"2 Louse","floor":2.0,"turns":4.0},{"damage":3.0,"enemies":"Small Slimes","floor":3.0,"turns":4.0},{"damage":0.0,"enemies":"3 Louse","floor":4.0,"turns":5.0},{"damage":20.0,"enemies":"3 Sentries","floor":7.0,"turns":11.0},{"damage":7.0,"enemies":"Exordium Wildlife","floor":10.0,"turns":4.0},{"damage":0.0,"enemies":"Looter","floor":11.0,"turns":3.0},{"damage":2.0,"enemies":"The Mushroom Lair","floor":13.0,"turns":4.0},{"damage":1.0,"enemies":"Blue Slaver","floor":14.0,"turns":4.0},{"damage":4.0,"enemies":"Slime Boss","floor":16.0,"turns":15.0},{"damage":14.0,"enemies":"2 Thieves","floor":18.0,"turns":3.0},{"damage":12.0,"enemies":"Chosen","floor":19.0,"turns":5.0},{"damage":19.0,"enemies":"Shelled Parasite and Fungi","floor":27.0,"turns":6.0},{"damage":0.0,"enemies":"Snecko","floor":30.0,"turns":5.0},{"damage":9.0,"enemies":"Collector","floor":33.0,"turns":12.0},{"damage":11.0,"enemies":"3 Shapes","floor":35.0,"turns":2.0},{"damage":5.0,"enemies":"Orb Walker","floor":36.0,"turns":3.0},{"damage":0.0,"enemies":"Maw","floor":38.0,"turns":9.0},{"damage":7.0,"enemies":"Spire Growth","floor":39.0,"turns":6.0},{"damage":31.0,"enemies":"Reptomancer","floor":41.0,"turns":14.0},{"damage":0.0,"enemies":"4 Shapes","floor":46.0,"turns":4.0},{"damage":0.0,"enemies":"3 Darklings","floor":47.0,"turns":2.0},{"damage":22,"enemies":"Nemesis","floor":48,"turns":9},{"damage":108,"enemies":"Time Eater","floor":50,"turns":13}],"seed_played":"-9064798447639797401","potions_obtained":[{"floor":1.0,"key":"GamblersBrew"},{"floor":7.0,"key":"Energy Potion"},{"floor":11.0,"key":"BlessingOfTheForge"},{"floor":16.0,"key":"DuplicationPotion"},{"floor":17.0,"key":"BlessingOfTheForge"},{"floor":19.0,"key":"FearPotion"},{"floor":27.0,"key":"Energy Potion"},{"floor":33.0,"key":"GamblersBrew"},{"floor":35.0,"key":"Regen Potion"},{"floor":41.0,"key":"Strength Potion"},{"floor":46.0,"key":"SneckoOil"},{"floor":47.0,"key":"SneckoOil"}],"is_trial":false,"path_per_floor":["M","M","M","M","?","R","E","R","T","M","M","R","?","M","R","B",null,"M","M","?","T","$","R","?","R","T","M","?","$","M","?","R","B",null,"M","M","?","M","M","R","E","R","T","?","$","M","M","E","R","B",null],"character_chosen":"THE_SILENT","items_purchased":["Mango","Bottled Lightning"],"campfire_rested":1,"item_purchase_floors":[29,45],"current_hp_per_floor":[62,62,59,59,59,59,39,39,39,34,34,34,32,33,33,54,76,64,54,38,38,38,38,38,38,38,21,21,35,37,71,71,87,99,88,83,78,80,75,75,101,101,101,101,101,103,105,83,110,2],"gold":61,"neow_bonus":"BOSS_RELIC","is_daily":false,"chose_seed":false,"campfire_upgraded":9,"win_rate":0.0,"timestamp":1612026259,"path_taken":["M","M","M","M","?","R","E","R","T","M","M","R","?","M","R","BOSS","M","M","?","?","$","R","?","R","T","M","?","$","?","?","R","BOSS","M","M","?","M","M","R","E","R","T","?","?","M","?","E","R","BOSS"],"items_purchased_type":["Relic","Relic"],"build_version":"2020-12-22","purchased_purges":0,"victory":true,"max_hp_per_floor":[70,70,70,70,70,70,70,70,70,72,72,72,72,74,74,74,81,83,85,85,85,85,85,85,85,85,87,87,101,103,103,103,103,103,103,103,103,105,107,107,109,109,109,104,104,106,108,108,110,110],"card_choices":[{"not_picked":["Masterful Stab","Poisoned Stab"],"picked":"Calculated Gamble","floor":1.0},{"not_picked":["Acrobatics","Cloak And Dagger"],"picked":"Flying Knee","floor":2.0},{"not_picked":["Leg Sweep","Bouncing Flask"],"picked":"Backflip","floor":3.0},{"not_picked":["Catalyst","Riddle With Holes"],"picked":"Slice","floor":4.0},{"not_picked":["Dagger Spray","Blade Dance"],"picked":"Predator","floor":7.0},{"not_picked":["Flying Knee","Cloak And Dagger","Underhanded Strike"],"picked":"Singing Bowl","floor":10.0},{"not_picked":["Night Terror","Riddle With Holes"],"picked":"Blur","floor":11.0},{"not_picked":["Well Laid Plans","Acrobatics"],"picked":"Tactician","floor":13.0},{"not_picked":["Deadly Poison","Prepared","Flechettes"],"picked":"Singing Bowl","floor":14.0},{"not_picked":["Unload","A Thousand Cuts"],"picked":"Corpse Explosion","floor":16.0},{"not_picked":["Choke","Dagger Throw","Dagger Spray"],"picked":"Singing Bowl","floor":17.0},{"not_picked":["Dodge and Roll","Bouncing Flask","Acrobatics"],"picked":"Singing Bowl","floor":18.0},{"not_picked":["Dodge and Roll","Deflect","Tactician"],"picked":"Singing Bowl","floor":19.0},{"not_picked":["Escape Plan","Footwork","Skewer"],"picked":"Singing Bowl","floor":27.0},{"not_picked":["Escape Plan+1","After Image","Backflip"],"picked":"Singing Bowl","floor":30.0},{"not_picked":["Malaise","Tools of the Trade"],"picked":"Venomology","floor":33.0},{"not_picked":["Tactician+1","Underhanded Strike"],"picked":"Outmaneuver+1","floor":35.0},{"not_picked":["Slice+1","Heel Hook"],"picked":"Distraction+1","floor":36.0},{"not_picked":["Madness","Thinking Ahead"],"picked":"Apotheosis","floor":37.0},{"not_picked":["Finesse","Master of Strategy"],"picked":"Good Instincts","floor":37.0},{"not_picked":["Blade Dance","Dagger Throw+1","Blur"],"picked":"Singing Bowl","floor":38.0},{"not_picked":["Slice+1","Acrobatics","Burst"],"picked":"Singing Bowl","floor":39.0},{"not_picked":["Dash","Finisher","Quick Slash"],"picked":"Singing Bowl","floor":41.0},{"not_picked":["Dagger Spray","Poisoned Stab+1","Bane"],"picked":"Singing Bowl","floor":46.0},{"not_picked":["Calculated Gamble","Poisoned Stab","Dagger Throw"],"picked":"Singing Bowl","floor":47.0},{"not_picked":["Eviscerate","Riddle With Holes"],"picked":"Well Laid Plans+1","floor":48},{"not_picked":["PiercingWail+1","Prepared+1","Deadly Poison"],"picked":"Singing Bowl","floor":49}],"player_experience":579510,"relics_obtained":[{"floor":7.0,"key":"Pantograph"},{"floor":9.0,"key":"Singing Bowl"},{"floor":13.0,"key":"Odd Mushroom"},{"floor":20.0,"key":"Nilry\u0027s Codex"},{"floor":21.0,"key":"Ninja Scroll"},{"floor":26.0,"key":"Kunai"},{"floor":41.0,"key":"Mercury Hourglass"},{"floor":43.0,"key":"Mummified Hand"},{"floor":48,"key":"Dream Catcher"}],"event_choices":[{"cards_removed":["Defend_G"],"damage_healed":0.0,"max_hp_gain":0.0,"max_hp_loss":0.0,"gold_gain":0.0,"event_name":"The Cleric","player_choice":"Card Removal","floor":5.0,"gold_loss":50.0,"damage_taken":0.0},{"damage_healed":0.0,"max_hp_gain":0.0,"max_hp_loss":0.0,"gold_gain":0.0,"event_name":"Mushrooms","player_choice":"Fought Mushrooms","floor":13.0,"gold_loss":0.0,"damage_taken":0.0},{"damage_healed":0.0,"max_hp_gain":0.0,"max_hp_loss":0.0,"gold_gain":0.0,"event_name":"Cursed Tome","player_choice":"Obtained Book","floor":20.0,"gold_loss":0.0,"damage_taken":16.0},{"cards_removed":["Strike_G"],"damage_healed":0.0,"max_hp_gain":0.0,"max_hp_loss":0.0,"gold_gain":0.0,"event_name":"Beggar","player_choice":"Gave Gold","floor":24.0,"gold_loss":75.0,"damage_taken":0.0},{"damage_healed":0.0,"max_hp_gain":0.0,"max_hp_loss":0.0,"gold_gain":0.0,"event_name":"Ghosts","player_choice":"Ignored","floor":28.0,"gold_loss":0.0,"damage_taken":0.0},{"damage_healed":34.0,"max_hp_gain":0.0,"max_hp_loss":0.0,"gold_gain":0.0,"event_name":"The Library","player_choice":"Heal","floor":31.0,"gold_loss":0.0,"damage_taken":0.0},{"damage_healed":0.0,"max_hp_gain":0.0,"max_hp_loss":0.0,"gold_gain":0.0,"event_name":"SensoryStone","player_choice":"Memory 2","floor":37.0,"gold_loss":0.0,"damage_taken":5.0},{"damage_healed":0.0,"max_hp_gain":0.0,"max_hp_loss":5.0,"gold_gain":0.0,"event_name":"Winding Halls","player_choice":"Max HP","floor":44.0,"gold_loss":0.0,"damage_taken":0.0}],"is_beta":false,"boss_relics":[{"not_picked":["Calling Bell","Snecko Eye"],"picked":"Tiny House"},{"not_picked":["Pandora\u0027s Box","Runic Dome"],"picked":"SacredBark"}],"items_purged_floors":[],"is_endless":false,"potions_floor_spawned":[1,7,11,16,19,27,33,35,41,46,47],"ascension_level":13}}