{"host":"vyiqbz5w606ur92t","time":1612049519,"event":{"mods":["BaseMod","Downfall","Minty Spire (QoL Compilation)","StSLib"],"gold_per_floor":[99,114,214,249,264,279,329,368,392,431,440,26,50,68,83,192,192,192,216,240,264,289,328,378,402,426,201,1,16,46,61,85,219,219,219,243,243,252,36,36,86,86,190,214,238,277,177,52,67,67,67,106,18,27,27,27],"floor_reached":57,"language":"ENG","playtime":7971,"items_purged":["Writhe","Thunder Strike","Strike_R"],"score":1313,"play_id":"e10158d0-82b9-479d-8d8f-a3b3f17dfd39","local_time":"20210130233159","daily_mods":["Allstar","Blue Cards","Terminal"],"is_ascension_mode":false,"campfire_choices":[{"data":"Apotheosis","floor":1,"key":"SMITH"},{"floor":18,"key":"RECALL"},{"data":"Seeing Red","floor":28,"key":"SMITH"},{"data":"Berserk","floor":35,"key":"SMITH"},{"data":"Dark Embrace","floor":47,"key":"SMITH"},{"floor":54,"key":"REST"}],"circlet_count":0,"master_deck":["Strike_R","Strike_R","Strike_R","Strike_R","Defend_R","Defend_R","Defend_R","Defend_R","Bash","Secret Technique","Bandage Up","Magnetism","Transmutation","Apotheosis+1","Reinforced Body","CurseOfTheBell","CurseOfTheBell","Creative AI","Uppercut","True Grit","True Grit","Headbutt","Cold Snap","Demon Form","Seeing Red+1","Heatsinks","Turbo","Warcry","Trip","Fission","Limit Break","Cleave","Steam Power+1","Conserve Battery","Glacier+1","Shockwave","Cleave","Fire Breathing","Entrench","Evolve","Berserk+1","Havoc+1","expansioncontent:Hexaburn","Disarm","Dark Embrace+1","Dual Wield+1","Feel No Pain","Heavy Blade","Skim","Seek","Shrug It Off","White Noise"],"relics":["Burning Blood","downfall:ExtraCursedBell","Happy Flower","Eternal Feather","Turnip","CeramicFish","Ancient Tea Set","Bottled Lightning","Empty Cage","hexamod:BolsterEngine","HornCleat","bronze:DonusWashers","downfall:HeartBlessingRed","downfall:HeartBlessingBlue","Boot","expansioncontent:StudyCardRelic","Dream Catcher","Guardian:BottledAnomaly","Mummified Hand","Bag of Preparation","OrangePellets","StoneCalendar","downfall:HeartBlessingGreen","Bottled Flame"],"acts_visited":["Exordium","TheCity","TheBeyond","TheEnding"],"potions_floor_usage":[20,23,30,33,46,50,52,52],"damage_taken":[{"damage":4,"enemies":"Cultist","floor":2,"turns":6},{"damage":10,"enemies":"Jaw Worm","floor":4,"turns":6},{"damage":4,"enemies":"Small Slimes","floor":5,"turns":5},{"damage":8,"enemies":"Exordium Wildlife","floor":6,"turns":7},{"damage":11,"enemies":"3 Sentries","floor":8,"turns":8},{"damage":15,"enemies":"Blue Slaver","floor":9,"turns":5},{"damage":9,"enemies":"Lagavulin","floor":10,"turns":9},{"damage":0,"enemies":"downfall:FleeingMerchant","floor":12,"turns":4},{"damage":0,"enemies":"Large Slime","floor":13,"turns":6},{"damage":0,"enemies":"2 Fungi Beasts","floor":15,"turns":3},{"damage":6,"enemies":"WA_ARCHETYPE_RETAIN","floor":16,"turns":7},{"damage":34,"enemies":"3 Byrds","floor":19,"turns":7},{"damage":0,"enemies":"Shell Parasite","floor":20,"turns":4},{"damage":12,"enemies":"Cultist and Chosen","floor":21,"turns":8},{"damage":19,"enemies":"Book of Stabbing","floor":23,"turns":7},{"damage":5,"enemies":"Sentry and Sphere","floor":25,"turns":6},{"damage":0,"enemies":"Chosen and Byrds","floor":26,"turns":4},{"damage":0,"enemies":"downfall:FleeingMerchant","floor":27,"turns":4},{"damage":0,"enemies":"Snake Plant","floor":29,"turns":2},{"damage":0,"enemies":"Gremlin Leader","floor":30,"turns":6},{"damage":0,"enemies":"Snecko","floor":31,"turns":4},{"damage":18,"enemies":"Cultist and Chosen","floor":32,"turns":7},{"damage":59,"enemies":"IC_MUSHROOM_ARCHETYPE","floor":33,"turns":9},{"damage":0,"enemies":"3 Shapes","floor":36,"turns":3},{"damage":1,"enemies":"downfall:FleeingMerchant","floor":39,"turns":4},{"damage":0,"enemies":"downfall:FleeingMerchant","floor":43,"turns":4},{"damage":0,"enemies":"3 Darklings","floor":44,"turns":3},{"damage":0,"enemies":"Maw","floor":45,"turns":4},{"damage":20,"enemies":"Reptomancer","floor":46,"turns":5},{"damage":0,"enemies":"Writhing Mass","floor":49,"turns":2},{"damage":19,"enemies":"DF_ARCHETYPE_ORBS","floor":50,"turns":4},{"damage":53,"enemies":"downfall:CharBossMerchant","floor":52,"turns":7},{"damage":7,"enemies":"downfall:NeowBoss","floor":55,"turns":8},{"damage":7,"enemies":"downfall:NeowBossFinal","floor":56,"turns":7}],"seed_played":"-828330817948855686","potions_obtained":[{"floor":4,"key":"BlessingOfTheForge"},{"floor":5,"key":"SteroidPotion"},{"floor":6,"key":"CultistPotion"},{"floor":10,"key":"CultistPotion"},{"floor":15,"key":"Energy Potion"},{"floor":19,"key":"BloodPotion"},{"floor":21,"key":"SkillPotion"},{"floor":23,"key":"sneckomod:MuddlingPotion"},{"floor":29,"key":"LiquidMemories"},{"floor":30,"key":"BloodPotion"},{"floor":32,"key":"Fruit Juice"},{"floor":44,"key":"LiquidBronze"},{"floor":46,"key":"EssenceOfSteel"},{"floor":49,"key":"Swift Potion"}],"is_trial":false,"path_per_floor":["R","M","?","M","M","M","T","E","M","E","?","$","M","?","M","B",null,"R","M","M","M","T","E","T","M","M","$","R","M","E","M","M","B",null,"R","M","?","?","$","T","T","?","$","M","M","E","R","$","M","B",null,"E","$","R","B","B",null],"character_chosen":"IRONCLAD","items_purchased":["Bottled Lightning","Heatsinks","Turbo","bronze:DonusWashers","Entrench","Guardian:BottledAnomaly","Dark Embrace","OrangePellets","Shrug It Off","ColorlessPotion"],"campfire_rested":1,"item_purchase_floors":[12,12,12,27,27,39,39,43,53,53],"current_hp_per_floor":[78,77,81,80,79,78,77,76,73,74,73,72,71,70,69,68,67,66,44,50,50,50,43,43,50,58,57,66,65,64,63,51,16,60,59,58,57,56,55,54,53,52,51,50,49,40,52,51,50,43,48,16,16,45,44,43],"gold":27,"neow_bonus":"","is_daily":true,"chose_seed":false,"campfire_upgraded":4,"win_rate":0.0,"timestamp":1612049519,"path_taken":["R","M","?","M","M","M","T","E","M","E","?","$","?","?","M","BOSS","R","?","M","M","?","E","T","M","M","$","R","M","E","M","M","BOSS","R","M","?","?","?","?","T","?","$","M","M","E","R","?","M","BOSS","E","$","R","BOSS","BOSS"],"items_purchased_type":["Relic","Card","Card","Relic","Card","Relic","Card","Relic","Card","Potion"],"build_version":"2020-12-22","purchased_purges":3,"victory":true,"max_hp_per_floor":[78,77,81,80,79,78,77,76,75,74,73,72,71,70,69,68,67,66,65,64,63,62,61,60,59,58,57,66,65,64,63,62,61,60,59,58,57,56,55,54,53,52,51,50,49,53,52,51,50,49,48,47,46,45,44,43],"card_choices":[{"not_picked":["Beam Cell","Wild Strike"],"picked":"Reinforced Body","floor":2},{"not_picked":["Rebound","Leap"],"picked":"Uppercut","floor":4},{"not_picked":["Steam Power","Gash"],"picked":"True Grit","floor":5},{"not_picked":["Body Slam","Warcry"],"picked":"True Grit","floor":6},{"not_picked":["Undo","Twin Strike"],"picked":"Headbutt","floor":8},{"not_picked":["Thunderclap","Barrage"],"picked":"Cold Snap","floor":9},{"not_picked":["Ghostly Armor","Chaos"],"picked":"Demon Form","floor":10},{"not_picked":["FTL","Sweeping Beam"],"picked":"Seeing Red","floor":12},{"not_picked":["Sword Boomerang","Ball Lightning"],"picked":"Warcry","floor":13},{"not_picked":["Compile Driver","Blood for Blood","Rip and Tear"],"picked":"SKIP","floor":15},{"not_picked":["Reaper","Core Surge"],"picked":"Limit Break","floor":16},{"not_picked":["Uppercut","Streamline"],"picked":"Cleave","floor":19},{"not_picked":["Headbutt","Beam Cell"],"picked":"Steam Power+1","floor":20},{"not_picked":["Heavy Blade","Rampage"],"picked":"Conserve Battery","floor":21},{"not_picked":["Seek","Bloodletting+1"],"picked":"Glacier+1","floor":23},{"not_picked":["Uppercut","Steam Power+1"],"picked":"Shockwave","floor":25},{"not_picked":["Consume","Ball Lightning+1"],"picked":"Cleave","floor":26},{"not_picked":["Steam Power","Steam"],"picked":"Fire Breathing","floor":27},{"not_picked":["Flex","Beam Cell","Headbutt+1"],"picked":"SKIP","floor":29},{"not_picked":["Darkness","Armaments","Carnage+1"],"picked":"SKIP","floor":30},{"not_picked":["Whirlwind+1","Pommel Strike","Reinforced Body+1"],"picked":"SKIP","floor":31},{"not_picked":["Thunderclap","Entrench+1"],"picked":"Evolve","floor":32},{"not_picked":["Double Tap","Offering"],"picked":"Berserk","floor":33},{"not_picked":["Streamline","Hologram"],"picked":"Havoc+1","floor":36},{"not_picked":["expansioncontent:HyperBeam","expansioncontent:DecaShield"],"picked":"expansioncontent:Hexaburn","floor":38},{"not_picked":["Redo+1","Ball Lightning"],"picked":"Disarm","floor":39},{"not_picked":["Armaments+1","Leap"],"picked":"Dual Wield+1","floor":43},{"not_picked":["Reaper","Clash+1"],"picked":"Feel No Pain","floor":44},{"not_picked":["Sweeping Beam+1","Stack"],"picked":"Heavy Blade","floor":45},{"not_picked":["True Grit","Ghostly Armor"],"picked":"Skim","floor":46},{"not_picked":["Clash","Stack","Power Through"],"picked":"SKIP","floor":49},{"not_picked":["FTL+1","Heavy Blade"],"picked":"Seek","floor":52},{"not_picked":["Redo+1","BootSequence"],"picked":"White Noise","floor":54}],"player_experience":1275054,"relics_obtained":[{"floor":3,"key":"Happy Flower"},{"floor":3,"key":"Eternal Feather"},{"floor":3,"key":"Turnip"},{"floor":7,"key":"CeramicFish"},{"floor":8,"key":"Regal Pillow"},{"floor":10,"key":"Ancient Tea Set"},{"floor":22,"key":"hexamod:BolsterEngine"},{"floor":23,"key":"HornCleat"},{"floor":30,"key":"Boot"},{"floor":37,"key":"Dream Catcher"},{"floor":40,"key":"Mummified Hand"},{"floor":41,"key":"Bag of Preparation"},{"floor":46,"key":"StoneCalendar"},{"floor":52,"key":"Bottled Flame"}],"event_choices":[],"is_beta":false,"boss_relics":[{"not_picked":["Coffee Dripper","bronze:MakeshiftBattery"],"picked":"Empty Cage"},{"not_picked":["Black Blood","Runic Cube"],"picked":"expansioncontent:StudyCardRelic"}],"items_purged_floors":[12,43,48],"is_endless":false,"potions_floor_spawned":[4,5,6,10,15,19,21,23,29,30,32,44,46,49],"ascension_level":0}}