{"host":"fdq5pmhluajjrf8d","time":1612042077,"event":{"mods":["BaseMod","Minty Spire (QoL Compilation)"],"gold_per_floor":[117,42,42,63,63,63,76,76,76,100,134,134,148,173,173,173,173],"floor_reached":16,"language":"ENG","playtime":540,"items_purged":["Doubt"],"score":204,"play_id":"ca8b939f-a447-420a-8494-e25e542e3022","local_time":"20210130162757","is_ascension_mode":true,"campfire_choices":[{"data":"Uppercut","floor":6.0,"key":"SMITH"},{"data":"Sword Boomerang","floor":8.0,"key":"SMITH"},{"floor":12,"key":"REST"},{"data":"Bash","floor":15,"key":"SMITH"}],"circlet_count":0,"master_deck":["AscendersBane","Strike_R","Strike_R","Strike_R","Strike_R","Strike_R","Defend_R","Defend_R","Defend_R","Defend_R","Bash+1","Uppercut+1","Bloodletting","Sword Boomerang+1","Heavy Blade+1"],"relics":["Burning Blood","Bird Faced Urn","Golden Idol","Molten Egg 2","Mercury Hourglass"],"acts_visited":["Exordium"],"potions_floor_usage":[13],"damage_taken":[{"damage":14.0,"enemies":"Small Slimes","floor":1.0,"turns":5.0},{"damage":11.0,"enemies":"Jaw Worm","floor":4.0,"turns":4.0},{"damage":3.0,"enemies":"Cultist","floor":7.0,"turns":4.0},{"damage":16.0,"enemies":"Blue Slaver","floor":10.0,"turns":3.0},{"damage":26,"enemies":"Gremlin Nob","floor":11,"turns":4},{"damage":17,"enemies":"Exordium Wildlife","floor":13,"turns":3},{"damage":5,"enemies":"3 Louse","floor":14,"turns":2},{"damage":41,"enemies":"The Guardian","floor":16,"turns":9}],"seed_played":"8444199886924056434","potions_obtained":[{"floor":1.0,"key":"SmokeBomb"},{"floor":10.0,"key":"AttackPotion"},{"floor":11,"key":"SpeedPotion"}],"is_trial":false,"path_per_floor":["M","$","?","M","?","R","M","R","T","M","E","R","M","M","R","B"],"character_chosen":"IRONCLAD","items_purchased":[],"campfire_rested":1,"item_purchase_floors":[],"current_hp_per_floor":[60,60,60,55,55,55,58,58,58,48,28,50,39,40,40,0,0],"gold":173,"neow_bonus":"ONE_RARE_RELIC","is_daily":false,"chose_seed":false,"campfire_upgraded":3,"win_rate":0.0,"timestamp":1612042077,"path_taken":["M","$","?","M","?","R","M","R","T","M","E","R","M","M","R","BOSS"],"items_purchased_type":[],"build_version":"2020-12-22","purchased_purges":1,"victory":false,"max_hp_per_floor":[75,75,75,75,75,75,75,75,75,75,75,75,75,75,75,75,75],"card_choices":[{"not_picked":["Perfected Strike","Flex"],"picked":"Uppercut","floor":1.0},{"not_picked":["Anger","True Grit"],"picked":"Bloodletting","floor":4.0},{"not_picked":["Ghostly Armor","Perfected Strike"],"picked":"Sword Boomerang","floor":7.0},{"not_picked":["Ghostly Armor","Headbutt+1"],"picked":"Heavy Blade+1","floor":10.0},{"not_picked":["Bloodletting","Cleave+1","Sword Boomerang+1"],"picked":"SKIP","floor":11},{"not_picked":["Havoc","Twin Strike+1","Headbutt+1"],"picked":"SKIP","floor":13},{"not_picked":["Exhume","True Grit","Havoc"],"picked":"SKIP","floor":14}],"player_experience":1945711,"relics_obtained":[{"floor":9.0,"key":"Molten Egg 2"},{"floor":11,"key":"Mercury Hourglass"}],"event_choices":[{"damage_healed":0.0,"max_hp_gain":0.0,"max_hp_loss":0.0,"gold_gain":0.0,"event_name":"Golden Idol","player_choice":"Take Wound","floor":3.0,"gold_loss":0.0,"damage_taken":0.0,"relics_obtained":["Golden Idol"],"cards_obtained":["Injury"]},{"cards_removed":["Injury"],"damage_healed":0.0,"max_hp_gain":0.0,"max_hp_loss":0.0,"gold_gain":0.0,"event_name":"Living Wall","player_choice":"Forget","floor":5.0,"gold_loss":0.0,"damage_taken":0.0}],"is_beta":false,"boss_relics":[],"items_purged_floors":[2],"is_endless":false,"potions_floor_spawned":[1,10,11],"killed_by":"The Guardian","ascension_level":20}}