{"host":"\u003c无名\u003e","time":1612003429,"event":{"mods":["BaseMod","Downfall","Lobotomy","Minty Spire (QoL Compilation)","Quick Restart","Remilia（蕾米莉亚）","Replay The Spire","Robot Space Explorer","StSLib","The Bug Knight"],"gold_per_floor":[99,111,111,111,15,33,33,48,73,22,22,39,39,39,39],"floor_reached":13,"language":"ZHS","playtime":1256,"items_purged":[],"score":83,"play_id":"e0a3276f-e160-4c85-89a5-c239454b3e7d","local_time":"20210130184349","is_ascension_mode":false,"campfire_choices":[{"data":"sneckomod:UnknownRareAttack","floor":11,"key":"SMITH"}],"circlet_count":0,"master_deck":["sneckomod:Strike","sneckomod:Strike","sneckomod:Strike","sneckomod:Defend","sneckomod:Defend","sneckomod:Defend","sneckomod:TailWhip+1","sneckomod:SnekBite+1","sneckomod:Unknown+1","BasicCrystalCard+1","sneckomod:UnknownUncommonAttack+1","downfall:Malfunctioning","downfall:Bewildered","sneckomod:Unknown1Cost","sneckomod:UnknownRareSkill","sneckomod:SlitherStrike","sneckomod:UnknownWeak","sneckomod:SerpentIdol","sneckomod:UnknownUncommonPower","sneckomod:SlitherStrike","sneckomod:UnknownRareAttack+1","sneckomod:UnendingSupply","sneckomod:UnknownBlock"],"relics":["sneckomod:SneckoSoul","Happy Flower","Pen Nib"],"acts_visited":["Exordium"],"potions_floor_usage":[],"damage_taken":[{"damage":9,"enemies":"Cultist","floor":2,"turns":4},{"damage":5,"enemies":"downfall:FleeingMerchant","floor":5,"turns":4},{"damage":11,"enemies":"Jaw Worm","floor":6,"turns":3},{"damage":2,"enemies":"2 Louse","floor":8,"turns":3},{"damage":13,"enemies":"Lagavulin","floor":9,"turns":5},{"damage":0,"enemies":"downfall:FleeingMerchant","floor":10,"turns":4},{"damage":27,"enemies":"Exordium Thugs","floor":12,"turns":5},{"damage":32,"enemies":"3 Sentries","floor":13,"turns":4}],"seed_played":"-862001881393244520","potions_obtained":[{"floor":12,"key":"EntropicBrew"}],"is_trial":false,"path_per_floor":["R","M","?","?","$","M","T","M","E","$","R","M","E"],"character_chosen":"THE_SNECKO","items_purchased":["sneckomod:UnknownRareSkill","sneckomod:UnendingSupply"],"campfire_rested":0,"item_purchase_floors":[5,10],"current_hp_per_floor":[99,90,90,90,85,74,74,72,59,59,59,32,0,0,0],"gold":39,"neow_bonus":"TEN_PERCENT_HP_BONUS","is_daily":false,"chose_seed":false,"campfire_upgraded":1,"win_rate":0.0,"timestamp":1612003429,"path_taken":["R","M","?","?","$","?","T","M","E","$","R","M","E"],"items_purchased_type":["Card","Card"],"build_version":"2020-12-18","purchased_purges":0,"victory":false,"max_hp_per_floor":[99,99,99,99,99,99,99,99,99,99,99,99,99,99,99],"card_choices":[{"not_picked":["sneckomod:QuickMove","sneckomod:DiceBlock"],"picked":"sneckomod:UnknownUncommonAttack","floor":2},{"not_picked":["sneckomod:SoulRoll","sneckomod:Unknown2Cost"],"picked":"sneckomod:Unknown1Cost","floor":5},{"not_picked":["sneckomod:DiceBlock","sneckomod:UnknownCommonSkill"],"picked":"sneckomod:SlitherStrike","floor":6},{"not_picked":["sneckomod:DiceBlock","sneckomod:UnknownCommonSkill"],"picked":"sneckomod:UnknownWeak","floor":8},{"not_picked":["sneckomod:DangerNoodle","sneckomod:UnknownCommonSkill"],"picked":"sneckomod:SerpentIdol","floor":8},{"not_picked":["sneckomod:RainOfDice","sneckomod:UnknownStrike"],"picked":"sneckomod:UnknownUncommonPower","floor":9},{"not_picked":["sneckomod:UnknownCommonSkill","sneckomod:SoulDraw"],"picked":"sneckomod:SlitherStrike","floor":10},{"not_picked":["sneckomod:Unknown1Cost","sneckomod:DangerNoodle"],"picked":"sneckomod:UnknownRareAttack","floor":10},{"not_picked":["sneckomod:UnknownDraw","sneckomod:MasterEye"],"picked":"sneckomod:UnknownBlock","floor":12}],"player_experience":609929,"relics_obtained":[{"floor":7,"key":"Happy Flower"},{"floor":9,"key":"Pen Nib"}],"event_choices":[],"is_beta":true,"boss_relics":[],"items_purged_floors":[],"is_endless":false,"potions_floor_spawned":[12],"killed_by":"3 Sentries","ascension_level":0}}