{"host":"mytek2nu1hrzdnew","time":1612038805,"event":{"mods":["AchievementEnabler","Aspiration","BaseMod","Conspire","GifTheSpireLib","Gold Saver","Hubris","Infinite Spire","Minty Spire (QoL Compilation)","Replay The Spire","StSLib","Stuff the Spire","TheSurvivalist","Uncapped"],"gold_per_floor":[117,131,131,131,143,143,170,182,182,211,227,74,84,96,96,198,198,214,230,240,258,271,300,312,340,340,340,351,369,396,346,346,446,446,456,474,493,493,508,508,508,508,508,525,525,525,525,557,557,557],"floor_reached":51,"language":"ENG","playtime":3808,"items_purged":["survmod:VersatileOffense","survmod:Strike"],"score":755,"play_id":"e47a8501-d088-425a-8844-8c51a62a60a1","local_time":"20210130153325","is_ascension_mode":false,"campfire_choices":[{"data":"survmod:Sprint","floor":6,"key":"SMITH"},{"floor":15,"key":"REST"},{"data":"survmod:FlareQuiver","floor":27,"key":"SMITH"},{"data":"survmod:MarkedForDeath","floor":32,"key":"SMITH"},{"data":"infinitespire:FutureSight","floor":40,"key":"SMITH"},{"data":"Madness","floor":42,"key":"SMITH"},{"data":"Madness","floor":47,"key":"SMITH"},{"floor":49,"key":"REST"}],"circlet_count":0,"master_deck":["survmod:Strike","survmod:Strike+1","survmod:Strike","survmod:Defend","survmod:Defend","survmod:Defend","survmod:Defend","survmod:Sprint+1","survmod:FlashbangShot+1","survmod:NockAnArrow","survmod:GoForFace","survmod:MarkedShot+1","survmod:FlareQuiver+1","survmod:GoForFace","survmod:VersatilePower","survmod:Marksmanship","survmod:SkillfulManeuver+1","survmod:MarkedShot+1","survmod:MarkedForDeath+1","survmod:PenetratingShot+1","survmod:TacticalManeuver+1","Parasite","survmod:FlareBarrage+1","infinitespire:FutureSight+1","survmod:Marksmanship+1","Madness+1","Madness+1","Bandage Up","survmod:FocusedFire+1"],"relics":["survmod:AdvancedEvolution","Molten Egg 2","Orichalcum","Snack Pack","Mango","Lizard Tail","Gremlin Horn","survmod:RunningShoes","Runic Dome","hubris:Potato","SacredBark","infinitespire:Eraser","Ornamental Fan"],"acts_visited":["Exordium","TheCity","TheBeyond"],"potions_floor_usage":[16,16,16,22,30,30,36,50,50,50,50,50,50],"damage_taken":[{"damage":1,"enemies":"Jaw Worm","floor":1,"turns":5},{"damage":0,"enemies":"Small Slimes","floor":2,"turns":5},{"damage":0,"enemies":"2 Louse","floor":5,"turns":2},{"damage":8,"enemies":"Lagavulin","floor":7,"turns":5},{"damage":2,"enemies":"Large Slime","floor":8,"turns":6},{"damage":13,"enemies":"Gremlin Nob","floor":10,"turns":5},{"damage":3,"enemies":"Gremlin Gang","floor":11,"turns":6},{"damage":4,"enemies":"conspire:2 RoseBushes","floor":13,"turns":4},{"damage":0,"enemies":"Looter","floor":14,"turns":3},{"damage":15,"enemies":"The Guardian","floor":16,"turns":8},{"damage":3,"enemies":"Spheric Guardian","floor":18,"turns":5},{"damage":1,"enemies":"Shell Parasite","floor":19,"turns":6},{"damage":1,"enemies":"conspire:HollyBat","floor":20,"turns":8},{"damage":3,"enemies":"Shelled Parasite and Fungi","floor":21,"turns":5},{"damage":3,"enemies":"Sentry and Sphere","floor":22,"turns":5},{"damage":13,"enemies":"Gremlin Leader","floor":23,"turns":6},{"damage":0,"enemies":"conspire:HollyBat","floor":24,"turns":6},{"damage":2,"enemies":"conspire:SneckoGhost","floor":25,"turns":6},{"damage":0,"enemies":"Cultist and Chosen","floor":28,"turns":5},{"damage":8,"enemies":"3 Cultists","floor":29,"turns":5},{"damage":3,"enemies":"Replay:Snechameleon","floor":30,"turns":5},{"damage":17,"enemies":"Automaton","floor":33,"turns":8},{"damage":2,"enemies":"3 Darklings","floor":35,"turns":5},{"damage":6,"enemies":"Orb Walker","floor":36,"turns":4},{"damage":0,"enemies":"Writhing Mass","floor":37,"turns":5},{"damage":2,"enemies":"4 Shapes","floor":39,"turns":2},{"damage":10,"enemies":"Spire Growth","floor":44,"turns":2},{"damage":10,"enemies":"Nemesis","floor":48,"turns":7},{"damage":3,"enemies":"infinitespire:MassOfShapes","floor":50,"turns":6}],"seed_played":"-6200696536918617006","potions_obtained":[{"floor":5,"key":"Ancient Potion"},{"floor":13,"key":"Adrenaline Potion"},{"floor":14,"key":"EssenceOfSteel"},{"floor":19,"key":"Adrenaline Potion"},{"floor":21,"key":"Languid Potion"},{"floor":23,"key":"Reflective Coating"},{"floor":24,"key":"Languid Potion"},{"floor":28,"key":"AttackPotion"},{"floor":33,"key":"Dexterity Potion"},{"floor":35,"key":"CultistPotion"},{"floor":39,"key":"Block Potion"},{"floor":48,"key":"EntropicBrew"}],"is_trial":false,"path_per_floor":["M","M","?","?","M","R","E","M","T","E","M","$","M","M","R","B",null,"M","M","M","M","M","E","M","E","T","R","M","M","E","?","R","B",null,"M","M","M","AVR","M","R","?","R","T","M","?","?","R","E","R","B",null],"character_chosen":"THE_SURVIVOR","items_purchased":["survmod:FlareQuiver"],"campfire_rested":2,"item_purchase_floors":[12],"current_hp_per_floor":[54,54,43,48,48,48,40,38,38,25,26,26,22,22,40,29,60,57,56,59,58,59,64,66,66,66,66,68,64,63,63,63,50,74,74,68,72,72,70,70,61,61,61,51,51,51,51,49,71,73],"gold":557,"neow_bonus":"TEN_PERCENT_HP_BONUS","is_daily":false,"chose_seed":false,"campfire_upgraded":6,"win_rate":0.0,"timestamp":1612038805,"path_taken":["M","M","?","?","M","R","E","M","T","E","M","?","M","M","R","BOSS","M","M","M","M","M","E","M","E","T","R","M","M","E","?","R","BOSS","M","M","M","AVR","?","R","?","R","T","M","?","?","R","E","R","BOSS"],"items_purchased_type":["Card"],"build_version":"2020-12-22","purchased_purges":2,"victory":true,"max_hp_per_floor":[55,55,55,60,60,60,60,60,60,60,60,60,60,60,60,60,60,60,60,60,60,60,74,74,74,74,74,74,74,74,74,74,74,74,74,74,74,74,74,74,74,74,74,74,74,74,74,74,74,74],"card_choices":[{"not_picked":["survmod:AcidTrap","survmod:OverexertingShot"],"picked":"survmod:FlashbangShot","floor":1},{"not_picked":["survmod:LongShot","survmod:UnfortunateEscape"],"picked":"survmod:NockAnArrow","floor":2},{"not_picked":["survmod:NockAnArrow","survmod:ComplexMutation"],"picked":"survmod:GoForFace","floor":5},{"not_picked":["survmod:SwiftKick+1","survmod:LongShot+1","survmod:DuckAndFlare"],"picked":"SKIP","floor":7},{"not_picked":["survmod:MarkTrap","survmod:PerfectPosition+1","survmod:AcidTrap"],"picked":"SKIP","floor":8},{"not_picked":["survmod:QuickDash","survmod:MarkTrap","survmod:ConcussiveShot+1"],"picked":"SKIP","floor":10},{"not_picked":["survmod:SurpriseTrap","survmod:FindCover"],"picked":"survmod:MarkedShot+1","floor":11},{"not_picked":["survmod:AcidTrap","survmod:SimpleMutation+1"],"picked":"survmod:GoForFace","floor":13},{"not_picked":["survmod:MarkTrap","survmod:FlashbangShot+1","survmod:DuckAndFlare"],"picked":"SKIP","floor":14},{"not_picked":["survmod:MarkTrap","survmod:FlashbangShot+1","survmod:DuckAndFlare"],"picked":"SKIP","floor":14},{"not_picked":["survmod:ChokingBow+1","survmod:EmptyQuiver"],"picked":"survmod:VersatilePower","floor":16},{"not_picked":["survmod:SimpleMutation+1","survmod:SurpriseTrap"],"picked":"survmod:Marksmanship","floor":18},{"not_picked":["survmod:AcidTrap","survmod:GoForFace+1","survmod:TrickShot+1"],"picked":"SKIP","floor":19},{"not_picked":["survmod:OverwhelmingAssault","survmod:SimpleMutation+1"],"picked":"survmod:SkillfulManeuver+1","floor":20},{"not_picked":["survmod:DuckAndFlare","survmod:GoForFace"],"picked":"survmod:MarkedShot+1","floor":21},{"not_picked":["survmod:FenceTrap","survmod:SurpriseTrap","survmod:BearTrap+1"],"picked":"SKIP","floor":22},{"not_picked":["survmod:FenceTrap+1","survmod:WalledOffTraps","survmod:SwiftKick+1"],"picked":"SKIP","floor":23},{"not_picked":["survmod:FlareQuiver","survmod:PersonalMark+1","survmod:ConcussiveShot+1"],"picked":"SKIP","floor":24},{"not_picked":["survmod:FlareQuiver","survmod:PersonalMark+1","survmod:ConcussiveShot+1"],"picked":"SKIP","floor":24},{"not_picked":["survmod:PiercingShot+1","survmod:FlashbangTrap"],"picked":"survmod:MarkedForDeath","floor":25},{"not_picked":["survmod:PinningSnipe+1","survmod:TwinShot+1"],"picked":"survmod:PenetratingShot+1","floor":28},{"not_picked":["survmod:FlashbangTrap+1","survmod:BearTrap"],"picked":"survmod:TacticalManeuver+1","floor":29},{"not_picked":["survmod:RejectWeakness","survmod:Decoy","survmod:AcidTrap"],"picked":"SKIP","floor":30},{"not_picked":["survmod:SkillfulManeuver","survmod:ShrapnelTraps","survmod:PoisonTrap+1"],"picked":"SKIP","floor":35},{"not_picked":["survmod:PiercingShot+1","survmod:ShrapnelTraps","survmod:MarkTrap"],"picked":"SKIP","floor":36},{"not_picked":["survmod:PersonalMark","survmod:FlashbangTrap"],"picked":"survmod:FlareBarrage+1","floor":37},{"not_picked":["survmod:PiercingShot+1","survmod:FindCover"],"picked":"survmod:Marksmanship+1","floor":39},{"not_picked":["survmod:MarkTrap","survmod:VersatileDefense","survmod:PoisonTrap"],"picked":"SKIP","floor":44},{"not_picked":["Replay:Bootleg Shield Generator","Specialist"],"picked":"Bandage Up","floor":46},{"not_picked":["survmod:TakeAim+1","survmod:SwiftKick+1"],"picked":"survmod:FocusedFire+1","floor":48}],"player_experience":1058783,"relics_obtained":[{"floor":7,"key":"Molten Egg 2"},{"floor":9,"key":"Orichalcum"},{"floor":10,"key":"Snack Pack"},{"floor":23,"key":"Mango"},{"floor":25,"key":"Lizard Tail"},{"floor":26,"key":"Gremlin Horn"},{"floor":30,"key":"survmod:RunningShoes"},{"floor":43,"key":"infinitespire:Eraser"},{"floor":48,"key":"Ornamental Fan"}],"event_choices":[{"damage_healed":0,"gold_gain":0,"player_choice":"Entered Light","damage_taken":11,"max_hp_gain":0,"max_hp_loss":0,"event_name":"Shining Light","floor":3,"gold_loss":0,"cards_upgraded":["survmod:FlashbangShot","survmod:Strike"]},{"damage_healed":0,"gold_gain":0,"player_choice":"Donut","damage_taken":0,"max_hp_gain":5,"max_hp_loss":0,"event_name":"Big Fish","floor":4,"gold_loss":0},{"damage_healed":0,"gold_gain":0,"player_choice":"Bet on Owner","damage_taken":0,"max_hp_gain":0,"max_hp_loss":0,"event_name":"The Joust","floor":31,"gold_loss":50},{"damage_healed":0,"gold_gain":0,"player_choice":"Embrace Madness","damage_taken":9,"max_hp_gain":0,"max_hp_loss":0,"event_name":"Winding Halls","floor":41,"gold_loss":0,"cards_obtained":["Madness","Madness"]},{"damage_healed":0,"gold_gain":0,"player_choice":"Leave","damage_taken":0,"max_hp_gain":0,"max_hp_loss":0,"event_name":"conspire:Investor","floor":45,"gold_loss":0},{"damage_healed":0,"gold_gain":0,"player_choice":"Memory 1","damage_taken":0,"max_hp_gain":0,"max_hp_loss":0,"event_name":"SensoryStone","floor":46,"gold_loss":0}],"is_beta":false,"boss_relics":[{"not_picked":["Abe\u0027s Treasure","ReplayTheSpireMod:SealedPack"],"picked":"survmod:AdvancedEvolution"},{"not_picked":["hubris:TerracottaHorce","StuffTheSpire:ModemDavis"],"picked":"Runic Dome"}],"items_purged_floors":[12,38],"is_endless":false,"potions_floor_spawned":[2,5,8,13,14,19,21,23,24,28,33,35,39,44,48],"ascension_level":0}}