{"host":"w3d3m1yxg9zt90yy","time":1612017304,"event":{"mods":["BaseMod","Colored Map","Infinite Spire","Minty Spire (QoL Compilation)","Quick Restart","Replay The Spire","Shop Mod","StSLib","The Bladedancer","The Necromancer"],"gold_per_floor":[116,130,130,130,141,166,177,177,177,177,177],"floor_reached":10,"language":"ENG","playtime":449,"items_purged":[],"score":71,"play_id":"214854aa-9a4d-4b53-8548-f0b80e2f725f","local_time":"20210130083504","is_ascension_mode":true,"campfire_choices":[{"data":"Spectral_Walk","floor":8,"key":"SMITH"}],"circlet_count":0,"master_deck":["Strike_W","Strike_W","Strike_W","Defend_W","Defend_W","Defend_W","Negative_Energy_Arrows","Bone_Wall","Scare","Scare","Spectral_Walk+1","Chill_Blood","Scare"],"relics":["SacredBark","Boot","infinitespire:Eraser"],"acts_visited":["Exordium"],"potions_floor_usage":[],"damage_taken":[{"damage":1,"enemies":"2 Louse","floor":1,"turns":4},{"damage":0,"enemies":"Small Slimes","floor":2,"turns":4},{"damage":3,"enemies":"Cultist","floor":5,"turns":4},{"damage":43,"enemies":"Lagavulin","floor":6,"turns":12},{"damage":9,"enemies":"Blue Slaver","floor":7,"turns":5},{"damage":13,"enemies":"3 Sentries","floor":10,"turns":8}],"seed_played":"7752261711025174115","potions_obtained":[{"floor":1,"key":"SmokeBomb"},{"floor":6,"key":"SpeedPotion"},{"floor":7,"key":"Strength Potion"}],"is_trial":false,"path_per_floor":["M","M","?","?","M","E","M","R","T","E"],"character_chosen":"NECROMANCER","items_purchased":[],"campfire_rested":0,"item_purchase_floors":[],"current_hp_per_floor":[74,74,67,67,64,21,12,12,12,0,0],"gold":177,"neow_bonus":"BOSS_RELIC","is_daily":false,"chose_seed":false,"campfire_upgraded":1,"win_rate":0.0,"timestamp":1612017304,"path_taken":["M","M","?","?","M","E","M","R","T","E"],"items_purchased_type":[],"build_version":"2020-12-22","purchased_purges":0,"victory":false,"max_hp_per_floor":[75,75,75,75,75,75,75,75,75,75,75],"card_choices":[{"not_picked":["Death_March_Dance","Strike_from_Beyond"],"picked":"Scare","floor":1},{"not_picked":["Siphon_Strength","Plague_Bolt"],"picked":"Scare","floor":2},{"not_picked":["Bone_Prison","Negative_Energy_Mist"],"picked":"Spectral_Walk","floor":5},{"not_picked":["Bone_Spikes","Consume_Illness"],"picked":"Chill_Blood","floor":6},{"not_picked":["Consume_Illness","Blood_Curse"],"picked":"Scare","floor":7}],"player_experience":160986,"relics_obtained":[{"floor":6,"key":"Boot"},{"floor":9,"key":"infinitespire:Eraser"}],"event_choices":[{"cards_removed":["Defend_W"],"damage_healed":0,"gold_gain":0,"player_choice":"Card Removal","damage_taken":7,"max_hp_gain":0,"max_hp_loss":0,"event_name":"Golden Wing","floor":3,"gold_loss":0},{"cards_removed":["Strike_W"],"damage_healed":0,"gold_gain":0,"player_choice":"Card Removal","damage_taken":0,"max_hp_gain":0,"max_hp_loss":0,"event_name":"Wheel of Change","floor":4,"gold_loss":0}],"is_beta":false,"boss_relics":[],"items_purged_floors":[],"is_endless":false,"potions_floor_spawned":[1,6,7],"killed_by":"3 Sentries","ascension_level":1}}