{"host":"dn6kke80v5f7isus","time":1612038583,"event":{"mods":["AchievementEnabler","Act Like it!","BaseMod","Colored Powertips","Custom Start","Defuse TimeMaze Blight","Gremlin Skip","Highlight Path","Hubris","Infinite Spire","Marisa????????","Minty Spire (QoL Compilation)","Rare Cards Sparkle","Replay The Spire","StSLib","The Servant 0.9.4","Uncapped","Unceasing Turn Reminder"],"gold_per_floor":[110,127,127,138,150,150,150,180,231,249,262,262,293,172,172,271,271],"floor_reached":16,"language":"ENG","playtime":485,"items_purged":["Strike_MRS"],"score":170,"play_id":"f01fe0ad-500f-4002-a1f2-54b5e645d294","local_time":"20210130152943","is_ascension_mode":true,"campfire_choices":[{"data":"ShootingEcho","floor":6.0,"key":"SMITH"}],"circlet_count":0,"master_deck":["Strike_MRS","Strike_MRS","Defend_MRS","Defend_MRS","Defend_MRS","Defend_MRS","MasterSpark","UpSweep","ShootingEcho+1","AsteroidBelt","EnergyFlow","WitchLeyline+1"],"relics":["MiniHakkero","Replay:WaspNest","Replay:Accelerometer","Vajra","hubris:Zylophone"],"acts_visited":["Exordium"],"potions_floor_usage":[13],"damage_taken":[{"damage":0.0,"enemies":"Cultist","floor":1.0,"turns":4.0},{"damage":2.0,"enemies":"Small Slimes","floor":2.0,"turns":3.0},{"damage":0.0,"enemies":"2 Louse","floor":4.0,"turns":2.0},{"damage":9.0,"enemies":"Exordium Thugs","floor":5.0,"turns":5.0},{"damage":28,"enemies":"Gremlin Nob","floor":8,"turns":4},{"damage":2,"enemies":"Looter","floor":10,"turns":3},{"damage":12,"enemies":"Blue Slaver","floor":11,"turns":2},{"damage":7,"enemies":"Lagavulin","floor":13,"turns":4},{"damage":27,"enemies":"Slime Boss","floor":16,"turns":5}],"seed_played":"757010743003982502","potions_obtained":[{"floor":1.0,"key":"Venom Potion"},{"floor":4.0,"key":"PowerPotion"},{"floor":7,"key":"infinitespire:BlackPotion"},{"floor":7,"key":"ShroomBrew"},{"floor":16,"key":"SpeedPotion"}],"is_trial":false,"path_per_floor":["M","M","?","M","M","R","?","E","T","M","M","?","E","$","R","B"],"character_chosen":"MARISA","items_purchased":["WitchLeyline"],"campfire_rested":0,"item_purchase_floors":[14],"current_hp_per_floor":[80,78,78,78,69,69,69,41,41,39,27,27,20,20,44,17,17],"gold":271,"neow_bonus":"RANDOM_EVENT","is_daily":false,"chose_seed":false,"campfire_upgraded":1,"win_rate":0.0,"timestamp":1612038583,"path_taken":["M","M","?","M","?","R","?","E","T","?","M","?","E","?","R","BOSS"],"items_purchased_type":["Card"],"build_version":"2020-12-22","purchased_purges":1,"victory":false,"max_hp_per_floor":[80,80,80,80,80,80,80,80,80,80,80,80,80,80,80,80,80],"card_choices":[{"not_picked":["MilkyWay","OrrerysSun","ShootTheMoon"],"picked":"SKIP","floor":1.0},{"not_picked":["LuminesStrike","OpenUniverse","6A"],"picked":"SKIP","floor":2.0},{"not_picked":["GalacticHalo","6A"],"picked":"ShootingEcho","floor":4.0},{"not_picked":["OpenUniverse","LuminesStrike","GravityBeat"],"picked":"SKIP","floor":5.0},{"not_picked":["DC","PulseMagic"],"picked":"AsteroidBelt","floor":8},{"not_picked":["ManaConvection","PowerUp"],"picked":"EnergyFlow","floor":10},{"not_picked":["SatelliteIllusion","GalacticHalo","DC"],"picked":"SKIP","floor":11},{"not_picked":["DeepEcoloBomb","MilkyWay","DC"],"picked":"SKIP","floor":13}],"player_experience":407338,"relics_obtained":[{"floor":3.0,"key":"Replay:WaspNest"},{"floor":8,"key":"Replay:Accelerometer"},{"floor":9,"key":"Vajra"},{"floor":13,"key":"hubris:Zylophone"}],"event_choices":[{"damage_healed":0.0,"max_hp_gain":5.0,"max_hp_loss":0.0,"gold_gain":0.0,"event_name":"Big Fish","player_choice":"Donut","floor":0.0,"gold_loss":0.0,"damage_taken":0.0},{"damage_healed":0.0,"max_hp_gain":0.0,"max_hp_loss":0.0,"gold_gain":0.0,"event_name":"Wheel of Change","player_choice":"Relic","floor":3.0,"gold_loss":0.0,"damage_taken":0.0},{"damage_healed":0,"gold_gain":0,"player_choice":"Got Potions","damage_taken":0,"max_hp_gain":0,"max_hp_loss":0,"event_name":"Lab","floor":7,"gold_loss":0},{"cards_removed":["Strike_MRS"],"damage_healed":0,"gold_gain":0,"player_choice":"Offered Basic","damage_taken":0,"max_hp_gain":0,"max_hp_loss":0,"event_name":"Bonfire Elementals","floor":12,"gold_loss":0}],"is_beta":false,"boss_relics":[],"items_purged_floors":[14],"is_endless":false,"potions_floor_spawned":[1,4,8,10,16],"killed_by":"Slime Boss","ascension_level":1}}