{"host":"52m1o8iwwagurbjs","time":1612033814,"event":{"mods":["AchievementEnabler","BaseMod","Bestiary","Colored Powertips","GifTheSpireLib","Minty Spire (QoL Compilation)","Quick Restart","RNG Fix","Relic Stats","StSLib"],"gold_per_floor":[17,33,50,50,67,67,97,97,122,155,179,179,179,195,195,267,267,287,337,89,101,123,123,143,167,239,270,270,290,316,316,316,404,404,418,430,430,488,517,517,92,92,92,92,92,114,142,154,154,154,154],"floor_reached":50,"language":"ENG","playtime":3176,"items_purged":["Strike_B","Strike_B+1"],"score":1008,"play_id":"8cea8e16-cf45-4a2b-b008-5b9bc2ceebaf","local_time":"20210130141014","is_ascension_mode":true,"campfire_choices":[{"data":"Defragment","floor":6.0,"key":"SMITH"},{"data":"Chill","floor":8.0,"key":"SMITH"},{"data":"Coolheaded","floor":12.0,"key":"SMITH"},{"floor":15.0,"key":"REST"},{"floor":23.0,"key":"REST"},{"floor":28.0,"key":"REST"},{"floor":32.0,"key":"REST"},{"floor":40.0,"key":"REST"},{"floor":42.0,"key":"REST"},{"floor":45.0,"key":"RECALL"},{"floor":49.0,"key":"REST"}],"circlet_count":0,"master_deck":["AscendersBane","Strike_B+1","Strike_B+1","Defend_B+1","Defend_B+1","Defend_B+1","Zap","Dualcast","Chill+1","Defragment+1","Sweeping Beam","Glacier","Ball Lightning","Cold Snap","Coolheaded+1","Barrage","Rainbow","Ball Lightning","Tempest","Beam Cell","Loop","Loop","Echo Form","Reinforced Body","Redo","Doom and Gloom","Heatsinks","Multi-Cast"],"relics":["Cracked Core","Lizard Tail","Strawberry","Regal Pillow","HornCleat","Odd Mushroom","Fusion Hammer","CeramicFish","Singing Bowl","Bag of Marbles","Cursed Key","Prayer Wheel","OrangePellets","Dream Catcher"],"acts_visited":["Exordium","TheCity","TheBeyond"],"potions_floor_usage":[],"damage_taken":[{"damage":4.0,"enemies":"Small Slimes","floor":1.0,"turns":3.0},{"damage":0.0,"enemies":"2 Louse","floor":2.0,"turns":4.0},{"damage":2.0,"enemies":"Jaw Worm","floor":3.0,"turns":5.0},{"damage":3.0,"enemies":"Large Slime","floor":5.0,"turns":5.0},{"damage":13.0,"enemies":"3 Sentries","floor":7.0,"turns":11.0},{"damage":12.0,"enemies":"Lagavulin","floor":10.0,"turns":6.0},{"damage":3.0,"enemies":"The Mushroom Lair","floor":11.0,"turns":5.0},{"damage":3.0,"enemies":"2 Fungi Beasts","floor":14.0,"turns":2.0},{"damage":33.0,"enemies":"The Guardian","floor":16.0,"turns":15.0},{"damage":3.0,"enemies":"2 Thieves","floor":18.0,"turns":3.0},{"damage":0.0,"enemies":"3 Byrds","floor":21.0,"turns":5.0},{"damage":0.0,"enemies":"Shelled Parasite and Fungi","floor":22.0,"turns":7.0},{"damage":16.0,"enemies":"3 Cultists","floor":24.0,"turns":5.0},{"damage":9.0,"enemies":"Sentry and Sphere","floor":25.0,"turns":4.0},{"damage":23.0,"enemies":"Gremlin Leader","floor":27.0,"turns":6.0},{"damage":3.0,"enemies":"Snecko","floor":29.0,"turns":5.0},{"damage":4.0,"enemies":"Centurion and Healer","floor":30.0,"turns":6.0},{"damage":103.0,"enemies":"Champ","floor":33.0,"turns":17.0},{"damage":7.0,"enemies":"3 Darklings","floor":35.0,"turns":5.0},{"damage":0.0,"enemies":"3 Shapes","floor":36.0,"turns":5.0},{"damage":41.0,"enemies":"2 Orb Walkers","floor":38.0,"turns":4.0},{"damage":9.0,"enemies":"Spire Growth","floor":39.0,"turns":7.0},{"damage":44.0,"enemies":"Writhing Mass","floor":46.0,"turns":6.0},{"damage":85.0,"enemies":"Giant Head","floor":47.0,"turns":9.0},{"damage":12.0,"enemies":"Jaw Worm Horde","floor":48.0,"turns":5.0},{"damage":69,"enemies":"Awakened One","floor":50,"turns":11}],"seed_played":"-5796713393750292283","potions_obtained":[{"floor":2.0,"key":"Regen Potion"},{"floor":3.0,"key":"ColorlessPotion"},{"floor":7.0,"key":"Strength Potion"},{"floor":14.0,"key":"PowerPotion"},{"floor":18.0,"key":"SteroidPotion"},{"floor":21.0,"key":"CultistPotion"},{"floor":24.0,"key":"LiquidBronze"},{"floor":27.0,"key":"Explosive Potion"},{"floor":33.0,"key":"SteroidPotion"},{"floor":35.0,"key":"FairyPotion"},{"floor":36.0,"key":"FocusPotion"},{"floor":38.0,"key":"DistilledChaos"}],"is_trial":false,"path_per_floor":["M","M","M","?","M","R","E","R","T","E","?","R","?","M","R","B",null,"M","?","$","M","M","R","M","M","T","E","R","M","M","?","R","B",null,"M","M","?","?","M","R","$","R","T","?","R","M","E","M","R","B"],"character_chosen":"DEFECT","items_purchased":["CeramicFish","OrangePellets","Doom and Gloom","Heatsinks"],"campfire_rested":7,"item_purchase_floors":[20,41,41,41],"current_hp_per_floor":[60,60,58,63,60,60,69,69,69,57,54,54,29,26,65,32,70,67,67,67,67,67,83,67,58,58,37,77,74,70,70,85,42,74,69,71,71,30,23,65,65,91,91,91,91,49,29,21,67,0,0],"gold":154,"neow_bonus":"ONE_RARE_RELIC","is_daily":false,"chose_seed":false,"campfire_upgraded":3,"win_rate":0.0,"timestamp":1612033814,"path_taken":["M","M","M","?","?","R","E","R","T","E","?","R","?","M","R","BOSS","M","?","$","M","M","R","M","M","T","E","R","M","M","?","R","BOSS","M","M","?","?","M","R","$","R","T","?","R","M","E","?","R","BOSS"],"items_purchased_type":["Relic","Relic","Card","Card"],"build_version":"2020-12-22","purchased_purges":2,"victory":false,"max_hp_per_floor":[71,71,71,76,76,76,83,83,83,83,83,83,83,83,83,83,83,83,83,83,83,83,83,83,83,83,85,85,85,85,85,85,85,85,87,89,89,89,91,91,91,91,91,91,91,93,95,99,101,101,101],"relic_stats":{"OrangePellets":[1],"Lizard Tail":42,"Regal Pillow":60,"Dream Catcher":1,"Singing Bowl":18,"counters":[26,166],"CeramicFish":99,"Prayer Wheel":3,"Cursed Key":0,"obtain_stats":[{"Regal Pillow":9,"Singing Bowl":26,"CeramicFish":20,"Odd Mushroom":11,"Cursed Key":34,"OrangePellets":41,"Lizard Tail":0,"Dream Catcher":47,"HornCleat":10,"Strawberry":7,"Prayer Wheel":38,"Fusion Hammer":17,"Bag of Marbles":27,"Cracked Core":0},{"Regal Pillow":5,"Singing Bowl":14,"CeramicFish":10,"Odd Mushroom":7,"Cursed Key":18,"OrangePellets":22,"Lizard Tail":0,"Dream Catcher":24,"HornCleat":6,"Strawberry":5,"Prayer Wheel":21,"Fusion Hammer":9,"Bag of Marbles":15,"Cracked Core":0},{"Regal Pillow":28,"Singing Bowl":80,"CeramicFish":59,"Odd Mushroom":39,"Cursed Key":114,"OrangePellets":135,"Lizard Tail":0,"Dream Catcher":150,"HornCleat":34,"Strawberry":28,"Prayer Wheel":128,"Fusion Hammer":56,"Bag of Marbles":86,"Cracked Core":0}]},"card_choices":[{"not_picked":["White Noise","Redo"],"picked":"Chill","floor":1.0},{"not_picked":["Gash","Loop"],"picked":"Defragment","floor":2.0},{"not_picked":["Force Field","Go for the Eyes"],"picked":"Sweeping Beam","floor":3.0},{"not_picked":["Barrage","Streamline"],"picked":"Glacier","floor":5.0},{"not_picked":["Sunder","Scrape"],"picked":"Ball Lightning","floor":7.0},{"not_picked":["Hello World","Turbo"],"picked":"Cold Snap","floor":10.0},{"not_picked":["Streamline","Gash"],"picked":"Coolheaded","floor":11.0},{"not_picked":["Consume","Hologram"],"picked":"Barrage","floor":14.0},{"not_picked":["All For One","Machine Learning"],"picked":"Rainbow","floor":16.0},{"not_picked":["Rebound","Stack","Gash"],"picked":"SKIP","floor":18.0},{"not_picked":["Melter","Auto Shields","Barrage"],"picked":"SKIP","floor":21.0},{"not_picked":["Melter","Auto Shields","Barrage"],"picked":"SKIP","floor":21.0},{"not_picked":["Compile Driver","Streamline"],"picked":"Ball Lightning","floor":22.0},{"not_picked":["Steam","Glacier+1"],"picked":"Tempest","floor":24.0},{"not_picked":["Chill","Streamline"],"picked":"Beam Cell","floor":25.0},{"not_picked":["Cold Snap","Gash","Recycle"],"picked":"Singing Bowl","floor":27.0},{"not_picked":["Melter","Redo"],"picked":"Loop","floor":29.0},{"not_picked":["Go for the Eyes","Conserve Battery"],"picked":"Loop","floor":30.0},{"not_picked":["Amplify","Rainbow"],"picked":"Echo Form","floor":33.0},{"not_picked":["Auto Shields","Consume+1","Conserve Battery"],"picked":"Singing Bowl","floor":35.0},{"not_picked":["Fusion","Blizzard","Sweeping Beam"],"picked":"Singing Bowl","floor":36.0},{"not_picked":["Steam","Self Repair"],"picked":"Reinforced Body","floor":38.0},{"not_picked":["Barrage","Beam Cell+1"],"picked":"Redo","floor":39.0},{"not_picked":["Steam","Cold Snap","Reinforced Body"],"picked":"Singing Bowl","floor":39.0},{"not_picked":["Turbo+1","Barrage+1"],"picked":"Multi-Cast","floor":46.0},{"not_picked":["Compile Driver","Beam Cell","Tempest"],"picked":"Singing Bowl","floor":46.0},{"not_picked":["Cold Snap","Streamline+1","Consume"],"picked":"Singing Bowl","floor":47.0},{"not_picked":["Barrage","Streamline","Double Energy"],"picked":"Singing Bowl","floor":48.0},{"not_picked":["Go for the Eyes","Rip and Tear","Hello World+1"],"picked":"Singing Bowl","floor":48.0},{"not_picked":["Doom and Gloom","Rebound+1","Steam"],"picked":"Singing Bowl","floor":49.0}],"player_experience":1261742,"relics_obtained":[{"floor":7.0,"key":"Strawberry"},{"floor":9.0,"key":"Regal Pillow"},{"floor":10.0,"key":"HornCleat"},{"floor":11.0,"key":"Odd Mushroom"},{"floor":26.0,"key":"Singing Bowl"},{"floor":27.0,"key":"Bag of Marbles"},{"floor":38.0,"key":"Prayer Wheel"},{"floor":47.0,"key":"Dream Catcher"}],"event_choices":[{"damage_healed":0.0,"max_hp_gain":5.0,"max_hp_loss":0.0,"gold_gain":0.0,"event_name":"Big Fish","player_choice":"Donut","floor":4.0,"gold_loss":0.0,"damage_taken":0.0},{"damage_healed":0.0,"max_hp_gain":0.0,"max_hp_loss":0.0,"gold_gain":0.0,"event_name":"Mushrooms","player_choice":"Fought Mushrooms","floor":11.0,"gold_loss":0.0,"damage_taken":0.0},{"damage_healed":0.0,"max_hp_gain":0.0,"max_hp_loss":0.0,"gold_gain":0.0,"event_name":"Shining Light","player_choice":"Entered Light","floor":13.0,"gold_loss":0.0,"damage_taken":25.0,"cards_upgraded":["Defend_B","Strike_B"]},{"damage_healed":0.0,"max_hp_gain":0.0,"max_hp_loss":0.0,"gold_gain":50.0,"event_name":"Nest","player_choice":"Stole From Cult","floor":19.0,"gold_loss":0.0,"damage_taken":0.0},{"damage_healed":0.0,"max_hp_gain":0.0,"max_hp_loss":0.0,"gold_gain":0.0,"event_name":"Back to Basics","player_choice":"Simplicity","floor":31.0,"gold_loss":0.0,"damage_taken":0.0,"cards_upgraded":["Strike_B","Strike_B","Defend_B","Defend_B","Defend_B"]},{"damage_healed":0.0,"max_hp_gain":0.0,"max_hp_loss":0.0,"gold_gain":0.0,"event_name":"Tomb of Lord Red Mask","player_choice":"Ignored","floor":37.0,"gold_loss":0.0,"damage_taken":0.0},{"damage_healed":0.0,"max_hp_gain":0.0,"max_hp_loss":0.0,"gold_gain":0.0,"event_name":"Mysterious Sphere","player_choice":"Fight","floor":38.0,"gold_loss":0.0,"damage_taken":0.0},{"cards_removed":["Defend_B"],"damage_healed":0.0,"max_hp_gain":0.0,"max_hp_loss":0.0,"gold_gain":0.0,"event_name":"Falling","player_choice":"Removed Skill","floor":44.0,"gold_loss":0.0,"damage_taken":0.0}],"is_beta":false,"boss_relics":[{"not_picked":["Runic Pyramid","Ectoplasm"],"picked":"Fusion Hammer"},{"not_picked":["Sozu","Calling Bell"],"picked":"Cursed Key"}],"items_purged_floors":[20,41],"is_endless":false,"potions_floor_spawned":[2,3,7,14,18,21,24,27,33,35,36,38],"killed_by":"Awakened One","ascension_level":19}}