{"host":"x3qmax6e7jj3tga5","time":1612019631,"event":{"mods":["BaseMod","Custom Start","Minty Spire (QoL Compilation)","StSLib"],"gold_per_floor":[118,118,193,61,76,76,88,12,58,77,108,120,120,150,150,248,248,258,275,293,49,63,95,95,20,46,78,28,28,28],"floor_reached":29,"language":"ENG","playtime":1368,"items_purged":[],"score":355,"play_id":"8d8fe4af-be9b-4aab-a48a-661b0714fa3e","local_time":"20210130091351","is_ascension_mode":true,"campfire_choices":[{"data":"Cold Snap","floor":6.0,"key":"SMITH"},{"floor":13.0,"key":"REST"},{"data":"Biased Cognition","floor":15.0,"key":"SMITH"},{"data":"Panacea","floor":24.0,"key":"SMITH"}],"circlet_count":0,"master_deck":["Strike_B+1","Strike_B","Strike_B+1","Defend_B","Defend_B","Defend_B","Defend_B","Zap+1","Dualcast","Compile Driver","Cold Snap+1","Panacea+1","Conserve Battery","Rip and Tear","Buffer","Lockon","Biased Cognition+1","Cold Snap","Amplify","Electrodynamics","Coolheaded","Loop","Double Energy","Reboot"],"relics":["Cracked Core","Orichalcum","Mummified Hand","Juzu Bracelet","Runic Pyramid","DataDisk","Prayer Wheel","Art of War","HornCleat"],"acts_visited":["Exordium","TheCity"],"potions_floor_usage":[],"damage_taken":[{"damage":1.0,"enemies":"Cultist","floor":1.0,"turns":3.0},{"damage":0.0,"enemies":"2 Louse","floor":5.0,"turns":3.0},{"damage":0.0,"enemies":"Jaw Worm","floor":7.0,"turns":3.0},{"damage":6.0,"enemies":"3 Louse","floor":10.0,"turns":2.0},{"damage":12.0,"enemies":"Lagavulin","floor":11.0,"turns":6.0},{"damage":12.0,"enemies":"Lots of Slimes","floor":12.0,"turns":3.0},{"damage":10.0,"enemies":"3 Sentries","floor":14.0,"turns":6.0},{"damage":0.0,"enemies":"Slime Boss","floor":16.0,"turns":6.0},{"damage":11.0,"enemies":"Spheric Guardian","floor":18.0,"turns":4.0},{"damage":0.0,"enemies":"Chosen","floor":19.0,"turns":3.0},{"damage":0.0,"enemies":"Centurion and Healer","floor":20.0,"turns":5.0},{"damage":19.0,"enemies":"Snake Plant","floor":22.0,"turns":5.0},{"damage":15.0,"enemies":"Slavers","floor":23.0,"turns":5.0},{"damage":9.0,"enemies":"Gremlin Leader","floor":27.0,"turns":4.0},{"damage":24,"enemies":"Slavers","floor":29,"turns":1}],"seed_played":"2033300252997413123","potions_obtained":[{"floor":7.0,"key":"Fire Potion"},{"floor":10.0,"key":"BlessingOfTheForge"},{"floor":14.0,"key":"AttackPotion"},{"floor":16.0,"key":"Block Potion"},{"floor":20.0,"key":"Block Potion"},{"floor":22.0,"key":"Strength Potion"}],"is_trial":false,"path_per_floor":["M","?","?","$","M","R","M","$","T","M","E","M","R","E","R","B",null,"M","M","M","$","M","E","R","?","T","E","?","E"],"character_chosen":"DEFECT","items_purchased":["Cold Snap","Panacea","Buffer","Coolheaded","DataDisk","Loop"],"campfire_rested":1,"item_purchase_floors":[4,4,8,21,21,21],"current_hp_per_floor":[74,59,48,48,48,48,48,48,48,42,30,18,40,30,30,30,75,64,64,64,64,45,30,30,30,30,21,21,0,0],"gold":28,"neow_bonus":"UPGRADE_CARD","is_daily":false,"chose_seed":false,"campfire_upgraded":3,"win_rate":0.0,"timestamp":1612019631,"path_taken":["M","?","?","$","M","R","M","$","T","M","E","M","R","E","R","BOSS","M","M","M","$","M","E","R","?","T","E","?","E"],"items_purchased_type":["Card","Card","Card","Card","Relic","Card"],"build_version":"2020-12-22","purchased_purges":0,"victory":false,"max_hp_per_floor":[75,75,75,75,75,75,75,75,75,75,75,75,75,75,75,75,75,75,75,75,75,75,75,75,75,75,75,75,75,75],"card_choices":[{"not_picked":["Beam Cell","Auto Shields"],"picked":"Compile Driver","floor":1.0},{"not_picked":["Reinforced Body","Blizzard"],"picked":"Conserve Battery","floor":5.0},{"not_picked":["Redo","Compile Driver"],"picked":"Rip and Tear","floor":7.0},{"not_picked":["Tempest","Heatsinks"],"picked":"Lockon","floor":10.0},{"not_picked":["Tempest","Doom and Gloom"],"picked":"Biased Cognition","floor":11.0},{"not_picked":["BootSequence","Steam"],"picked":"Cold Snap","floor":12.0},{"not_picked":["Hologram","Double Energy"],"picked":"Amplify","floor":14.0},{"not_picked":["Hyperbeam","Amplify"],"picked":"Electrodynamics","floor":16.0},{"not_picked":["Steam","Hologram+1","Rip and Tear"],"picked":"SKIP","floor":18.0},{"not_picked":["Hologram","Static Discharge+1","Tempest"],"picked":"SKIP","floor":19.0},{"not_picked":["Conserve Battery","Stack","Ball Lightning"],"picked":"SKIP","floor":20.0},{"not_picked":["Chaos","Conserve Battery","Auto Shields+1"],"picked":"SKIP","floor":22.0},{"not_picked":["Rebound","Streamline"],"picked":"Double Energy","floor":23.0},{"not_picked":["Conserve Battery+1","Ball Lightning"],"picked":"Reboot","floor":27.0}],"player_experience":345250,"relics_obtained":[{"floor":9.0,"key":"Orichalcum"},{"floor":11.0,"key":"Mummified Hand"},{"floor":14.0,"key":"Juzu Bracelet"},{"floor":23.0,"key":"Prayer Wheel"},{"floor":26.0,"key":"Art of War"},{"floor":27.0,"key":"HornCleat"}],"event_choices":[{"damage_healed":0.0,"max_hp_gain":0.0,"max_hp_loss":0.0,"gold_gain":0.0,"event_name":"Shining Light","player_choice":"Entered Light","floor":2.0,"gold_loss":0.0,"damage_taken":15.0,"cards_upgraded":["Strike_B","Strike_B"]},{"damage_healed":0.0,"max_hp_gain":0.0,"max_hp_loss":0.0,"gold_gain":75.0,"event_name":"World of Goop","player_choice":"Gather Gold","floor":3.0,"gold_loss":0.0,"damage_taken":11.0},{"cards_removed":["Strike_B"],"damage_healed":0.0,"max_hp_gain":0.0,"max_hp_loss":0.0,"gold_gain":0.0,"event_name":"Beggar","player_choice":"Gave Gold","floor":25.0,"gold_loss":75.0,"damage_taken":0.0},{"damage_healed":0.0,"max_hp_gain":0.0,"max_hp_loss":0.0,"gold_gain":0.0,"event_name":"The Joust","player_choice":"Bet on Murderer","floor":28.0,"gold_loss":50.0,"damage_taken":0.0}],"is_beta":false,"boss_relics":[{"not_picked":["Runic Dome","Calling Bell"],"picked":"Runic Pyramid"}],"items_purged_floors":[],"is_endless":false,"potions_floor_spawned":[7,10,14,16,20,22],"killed_by":"Slavers","ascension_level":2}}