{"host":"o5jvvi5yapo90aia","time":1612009162,"event":{"mods":["BaseMod","CapriCore","Minty Spire (QoL Compilation)","MostiFishMod","Prisma Mod","Spicy Shops","StSLib","TestMod","The Immortal","Yakumo Yukari mod","【人物mod】游戏王New YuGiOh mod","【功能Mod】Neow奖励"],"gold_per_floor":[119,119,139,64,81,115,128,162,212,245,258,277,14,30,30,108,108,125,40,56,77,93,126,126,158,158,158,158,158,175,204,204,209,209],"floor_reached":33,"language":"ZHS","playtime":587,"items_purged":["Defend_P"],"score":1008,"play_id":"047420c7-6928-43bc-9dca-21cf332be547","local_time":"20210130201922","is_ascension_mode":true,"campfire_choices":[{"data":"Defend_P","floor":15,"key":"PURGE"},{"data":"Strike_P","floor":24,"key":"PURGE"},{"data":"Defend_P","floor":27,"key":"PURGE"},{"data":"Decay","floor":32,"key":"PURGE"}],"circlet_count":0,"master_deck":["AscendersBane","Strike_P","Strike_P","Strike_P","Defend_P","Eruption","Vigilance","MostiFishMod:DisColor","Tantrum","Ragnarok","MostiFishMod:Adaptation","DeusExMachina+1","FearNoEvil"],"relics":["DaveBox","testmod-TestBox","Black Star","ShadowXiaoBlade","testmod-TheFather","SynthV:TestCard","Tiny Chest","testmod-Hope","Pen Nib","testmod-FatalChain","testmod-Muramasa","testmod-HeartOfStrike","Toxic Egg 2","testmod-NegativeEmotionEnhancer","Happy Flower","Matryoshka","Mercury Hourglass","Darkstone Periapt","Dream Catcher","testmod-Justice","testmod-ThousandKnives","Ancient Tea Set","Sundial","Nunchaku","InkBottle"],"acts_visited":["Exordium","TheCity"],"potions_floor_usage":[21,22],"damage_taken":[{"damage":0,"enemies":"Jaw Worm","floor":1,"turns":3},{"damage":0,"enemies":"Cultist","floor":3,"turns":2},{"damage":0,"enemies":"Small Slimes","floor":5,"turns":2},{"damage":16,"enemies":"Gremlin Nob","floor":6,"turns":3},{"damage":3,"enemies":"Blue Slaver","floor":7,"turns":2},{"damage":10,"enemies":"3 Sentries","floor":8,"turns":3},{"damage":0,"enemies":"Gremlin Nob","floor":10,"turns":2},{"damage":0,"enemies":"Exordium Thugs","floor":11,"turns":2},{"damage":0,"enemies":"2 Fungi Beasts","floor":12,"turns":1},{"damage":0,"enemies":"Blue Slaver","floor":14,"turns":1},{"damage":0,"enemies":"Slime Boss","floor":16,"turns":2},{"damage":16,"enemies":"Shell Parasite","floor":18,"turns":2},{"damage":0,"enemies":"Spheric Guardian","floor":20,"turns":1},{"damage":0,"enemies":"3 Cultists","floor":21,"turns":2},{"damage":20,"enemies":"Snecko","floor":22,"turns":3},{"damage":37,"enemies":"Slavers","floor":23,"turns":2},{"damage":0,"enemies":"Gremlin Leader","floor":25,"turns":2},{"damage":0,"enemies":"Centurion and Healer","floor":30,"turns":1},{"damage":0,"enemies":"Book of Stabbing","floor":31,"turns":1},{"damage":35,"enemies":"Champ","floor":33,"turns":2}],"seed_played":"-4794647117945588908","potions_obtained":[{"floor":6,"key":"Dexterity Potion"},{"floor":8,"key":"BlessingOfTheForge"},{"floor":16,"key":"PanachePotion"},{"floor":21,"key":"testmod-SpacePotion"},{"floor":22,"key":"SpeedPotion"},{"floor":25,"key":"BlessingOfTheForge"}],"is_trial":false,"path_per_floor":["M","?","M","$","M","E","M","E","T","E","M","M","$","M","R","B",null,"M","?","M","M","M","E","R","E","T","R","?","T","M","E","R","B"],"character_chosen":"WATCHER","items_purchased":["Toxic Egg 2"],"campfire_rested":0,"item_purchase_floors":[13],"current_hp_per_floor":[62,62,63,63,64,49,47,38,38,39,40,41,41,42,42,43,62,49,49,52,57,40,8,8,14,14,14,20,20,25,29,29,0,0],"gold":209,"neow_bonus":"BOSS_RELIC","is_daily":false,"chose_seed":false,"campfire_upgraded":0,"win_rate":0.0,"timestamp":1612009162,"path_taken":["M","?","M","$","M","E","M","E","T","E","M","M","$","M","R","BOSS","M","?","M","M","M","E","R","E","T","R","?","?","M","E","R","BOSS"],"items_purchased_type":["Relic"],"build_version":"2020-12-22","purchased_purges":1,"victory":false,"max_hp_per_floor":[68,68,68,68,68,68,68,68,68,68,68,68,68,68,68,68,68,69,69,70,71,72,73,73,74,74,74,80,80,81,82,82,82,82],"card_choices":[{"not_picked":["EmptyBody","SashWhip","BattleHymn"],"picked":"SKIP","floor":1},{"not_picked":["FlurryOfBlows","ThirdEye","Meditate","CrushJoints","PathToVictory"],"picked":"SKIP","floor":3},{"not_picked":["FollowUp","WheelKick","MostiFishMod:Nomercy","Halt","EmptyMind"],"picked":"SKIP","floor":5},{"not_picked":["Pray","MostiFishMod:Speedup","BowlingBash","Protect"],"picked":"Tantrum","floor":6},{"not_picked":["Halt","Brilliance","Consecrate","EmptyBody","MostiFishMod:ScryFuture"],"picked":"SKIP","floor":7},{"not_picked":["Prostrate","CarveReality","Crescendo","MostiFishMod:StarLaLaLa","FlurryOfBlows"],"picked":"SKIP","floor":8},{"not_picked":["BowlingBash","JustLucky","Halt","Protect","LikeWater"],"picked":"SKIP","floor":10},{"not_picked":["MostiFishMod:PathToVictory","ThirdEye","Evaluate","JustLucky","BowlingBash"],"picked":"SKIP","floor":11},{"not_picked":["Crescendo","Swivel","LikeWater","CrushJoints","BowlingBash"],"picked":"SKIP","floor":12},{"not_picked":["EmptyBody+1","MostiFishMod:LegendTransform","CutThroughFate","FollowUp"],"picked":"Ragnarok","floor":14},{"not_picked":["Ragnarok","Wish+1","MostiFishMod:Moonprays+1","MostiFishMod:Minus+1"],"picked":"MostiFishMod:Adaptation","floor":16},{"not_picked":["Evaluate+1","Collect+1","Crescendo+1","BowlingBash","MostiFishMod:ScryFuture"],"picked":"SKIP","floor":18},{"not_picked":["EmptyBody+1","PathToVictory+1","Halt+1","FlyingSleeves","WaveOfTheHand+1"],"picked":"SKIP","floor":20},{"not_picked":["ReachHeaven","CutThroughFate","Wireheading","WreathOfFlame+1","BowlingBash+1"],"picked":"SKIP","floor":21},{"not_picked":["Prostrate+1","FollowUp","SandsOfTime","EmptyFist","Consecrate"],"picked":"SKIP","floor":22},{"not_picked":["MostiFishMod:LegendTransform","Evaluate+1","BowlingBash","SashWhip"],"picked":"DeusExMachina+1","floor":23},{"not_picked":["Nirvana","MostiFishMod:KamiSmash","MostiFishMod:LegendTransform+1","SandsOfTime","Indignation+1"],"picked":"SKIP","floor":25},{"not_picked":["EmptyBody+1","LikeWater","FlurryOfBlows","MostiFishMod:Clarity+1","PathToVictory+1"],"picked":"SKIP","floor":30},{"not_picked":["BowlingBash","FlyingSleeves","MentalFortress","MostiFishMod:ScryFuture"],"picked":"FearNoEvil","floor":31}],"player_experience":1498943,"relics_obtained":[{"floor":1,"key":"SynthV:TestCard"},{"floor":6,"key":"Tiny Chest"},{"floor":6,"key":"testmod-Hope"},{"floor":8,"key":"Pen Nib"},{"floor":8,"key":"testmod-FatalChain"},{"floor":10,"key":"testmod-Muramasa"},{"floor":10,"key":"testmod-HeartOfStrike"},{"floor":23,"key":"Matryoshka"},{"floor":23,"key":"Mercury Hourglass"},{"floor":25,"key":"Darkstone Periapt"},{"floor":25,"key":"Dream Catcher"},{"floor":26,"key":"testmod-Justice"},{"floor":26,"key":"testmod-ThousandKnives"},{"floor":29,"key":"Ancient Tea Set"},{"floor":29,"key":"Sundial"},{"floor":31,"key":"Nunchaku"},{"floor":31,"key":"InkBottle"}],"event_choices":[{"damage_healed":0,"gold_gain":0,"player_choice":"1 cards matched","damage_taken":0,"max_hp_gain":0,"max_hp_loss":0,"event_name":"Match and Keep!","floor":2,"gold_loss":0,"cards_obtained":["MostiFishMod:DisColor"]},{"damage_healed":0,"gold_gain":0,"player_choice":"Obtained Relic","damage_taken":0,"relics_obtained":["Happy Flower"],"max_hp_gain":0,"max_hp_loss":0,"event_name":"Addict","floor":19,"gold_loss":85},{"damage_healed":0,"gold_gain":0,"player_choice":"Smashed Altar","damage_taken":0,"max_hp_gain":0,"max_hp_loss":0,"event_name":"Forgotten Altar","floor":28,"gold_loss":0,"cards_obtained":["Decay"]}],"is_beta":false,"boss_relics":[{"not_picked":["testmod-Fanaticism","testmod-IncinerationGenerator"],"picked":"testmod-NegativeEmotionEnhancer"}],"items_purged_floors":[4],"is_endless":false,"potions_floor_spawned":[6,8,10,12,16,21,22,25],"killed_by":"Champ","ascension_level":20}}