{"host":"0kk91h4bq4kgfj0u","time":1612042639,"event":{"mods":["BaseMod","Minty Spire (QoL Compilation)","StSLib"],"gold_per_floor":[119,119,119,136,153,178,178,213,213,43,54,54,28,41,41,141,141,152,166,166,178,178,178,53,53,131,131,141,141,160,174,174,174,174],"floor_reached":33,"language":"ENG","playtime":1215,"items_purged":[],"score":371,"play_id":"88edddb1-81b3-4c42-8af2-a3f05a2a0186","local_time":"20210130163719","is_ascension_mode":true,"campfire_choices":[{"floor":7,"key":"REST"},{"floor":15,"key":"REST"},{"floor":23,"key":"REST"},{"floor":25,"key":"REST"},{"floor":27,"key":"REST"},{"data":"Infinite Blades","floor":29,"key":"SMITH"},{"data":"Calculated Gamble","floor":32,"key":"SMITH"}],"circlet_count":0,"master_deck":["Strike_G","Strike_G","Strike_G","Strike_G","Defend_G","Defend_G+1","Defend_G","Defend_G","Defend_G","Survivor","Neutralize","Blade Dance","Prepared+1","Deadly Poison","Infinite Blades+1","Underhanded Strike","Apotheosis+1","Outmaneuver","Slice","Accuracy","Adrenaline","CurseOfTheBell","Poisoned Stab+1","Leg Sweep","Flying Knee+1","Catalyst","Blur","Bullet Time","Footwork","Cloak And Dagger","Footwork+1","Deadly Poison","Calculated Gamble+1","Bouncing Flask","Caltrops","Sucker Punch+1"],"relics":["Ring of the Snake","War Paint","Thread and Needle","Bottled Flame","Anchor","Calling Bell","Ancient Tea Set","Pear","Prayer Wheel","Kunai"],"acts_visited":["Exordium","TheCity"],"potions_floor_usage":[16,21,21,31,33],"damage_taken":[{"damage":4,"enemies":"Jaw Worm","floor":1,"turns":5},{"damage":5,"enemies":"Cultist","floor":4,"turns":4},{"damage":1,"enemies":"Small Slimes","floor":5,"turns":3},{"damage":32,"enemies":"Gremlin Nob","floor":6,"turns":5},{"damage":23,"enemies":"3 Sentries","floor":8,"turns":11},{"damage":1,"enemies":"Blue Slaver","floor":11,"turns":4},{"damage":9,"enemies":"Exordium Wildlife","floor":14,"turns":5},{"damage":18,"enemies":"Slime Boss","floor":16,"turns":6},{"damage":20,"enemies":"Shell Parasite","floor":18,"turns":6},{"damage":12,"enemies":"2 Thieves","floor":19,"turns":4},{"damage":16,"enemies":"Chosen and Byrds","floor":21,"turns":7},{"damage":9,"enemies":"Sentry and Sphere","floor":28,"turns":6},{"damage":0,"enemies":"Centurion and Healer","floor":30,"turns":6},{"damage":0,"enemies":"3 Cultists","floor":31,"turns":6},{"damage":82,"enemies":"Collector","floor":33,"turns":8}],"seed_played":"8403158853857037418","potions_obtained":[{"floor":11,"key":"Energy Potion"},{"floor":14,"key":"Strength Potion"},{"floor":16,"key":"PowerPotion"},{"floor":19,"key":"Block Potion"},{"floor":30,"key":"AttackPotion"}],"is_trial":false,"path_per_floor":["M","$","?","M","M","E","R","E","T","$","M","?","$","M","R","B",null,"M","M","?","M","?","R","$","R","T","R","M","R","M","M","R","B"],"character_chosen":"THE_SILENT","items_purchased":["Apotheosis","Slice","Footwork","Cloak And Dagger"],"campfire_rested":5,"item_purchase_floors":[10,13,24,24],"current_hp_per_floor":[73,73,73,68,67,35,58,35,35,35,34,31,31,22,45,27,75,55,43,26,10,10,37,37,64,64,91,82,82,82,82,82,0,0],"gold":174,"neow_bonus":"TEN_PERCENT_HP_BONUS","is_daily":false,"chose_seed":false,"campfire_upgraded":2,"win_rate":0.0,"timestamp":1612042639,"path_taken":["M","$","?","?","?","E","R","E","T","?","M","?","$","M","R","BOSS","M","M","?","M","?","R","$","R","T","R","M","R","?","M","R","BOSS"],"items_purchased_type":["Card","Card","Card","Card"],"build_version":"2020-12-22","purchased_purges":0,"victory":false,"max_hp_per_floor":[77,77,77,77,77,77,77,77,77,77,77,77,77,77,77,77,87,87,87,92,92,92,92,92,92,92,92,92,92,92,92,92,92,92],"card_choices":[{"not_picked":["Quick Slash","Cloak And Dagger"],"picked":"Blade Dance","floor":1},{"not_picked":["PiercingWail","Well Laid Plans"],"picked":"Prepared","floor":4},{"not_picked":["Sucker Punch","Underhanded Strike"],"picked":"Deadly Poison","floor":5},{"not_picked":["Backflip","Distraction"],"picked":"Infinite Blades","floor":6},{"not_picked":["Bane","Tactician"],"picked":"Underhanded Strike","floor":8},{"not_picked":["Malaise","Finisher"],"picked":"Outmaneuver","floor":11},{"not_picked":["Flechettes","Eviscerate"],"picked":"Accuracy","floor":14},{"not_picked":["Doppelganger","Phantasmal Killer"],"picked":"Adrenaline","floor":16},{"not_picked":["PiercingWail+1","Prepared"],"picked":"Poisoned Stab+1","floor":18},{"not_picked":["Dagger Spray","Flying Knee"],"picked":"Leg Sweep","floor":18},{"not_picked":["Finisher","Sucker Punch"],"picked":"Flying Knee+1","floor":19},{"not_picked":["Adrenaline","All Out Attack+1"],"picked":"Catalyst","floor":19},{"not_picked":["Poisoned Stab","Acrobatics"],"picked":"Blur","floor":21},{"not_picked":["Quick Slash","Dagger Throw+1"],"picked":"Bullet Time","floor":21},{"not_picked":["Poisoned Stab","Setup"],"picked":"Footwork+1","floor":28},{"not_picked":["Blade Dance","PiercingWail+1"],"picked":"Deadly Poison","floor":28},{"not_picked":["Infinite Blades","Distraction"],"picked":"Calculated Gamble","floor":30},{"not_picked":["Deadly Poison","Phantasmal Killer"],"picked":"Bouncing Flask","floor":30},{"not_picked":["Poisoned Stab","Blade Dance"],"picked":"Caltrops","floor":31},{"not_picked":["Quick Slash","Endless Agony"],"picked":"Sucker Punch+1","floor":31}],"player_experience":826371,"relics_obtained":[{"floor":6,"key":"War Paint"},{"floor":8,"key":"Thread and Needle"},{"floor":9,"key":"Bottled Flame"},{"floor":17,"key":"Ancient Tea Set"},{"floor":17,"key":"Pear"},{"floor":17,"key":"Prayer Wheel"},{"floor":26,"key":"Kunai"}],"event_choices":[{"cards_removed":["Strike_G"],"damage_healed":0,"gold_gain":0,"player_choice":"Offered Basic","damage_taken":0,"max_hp_gain":0,"max_hp_loss":0,"event_name":"Bonfire Elementals","floor":3,"gold_loss":0},{"damage_healed":0,"gold_gain":0,"player_choice":"Success","damage_taken":3,"relics_obtained":["Anchor"],"max_hp_gain":0,"max_hp_loss":0,"event_name":"Scrap Ooze","floor":12,"gold_loss":0},{"damage_healed":0,"gold_gain":0,"player_choice":"Shed Blood","damage_taken":22,"max_hp_gain":5,"max_hp_loss":0,"event_name":"Forgotten Altar","floor":20,"gold_loss":0},{"damage_healed":0,"gold_gain":0,"player_choice":"Forge","damage_taken":0,"max_hp_gain":0,"max_hp_loss":0,"event_name":"Accursed Blacksmith","floor":22,"gold_loss":0,"cards_upgraded":["Apotheosis"]}],"is_beta":false,"boss_relics":[{"not_picked":["Ectoplasm","Cursed Key"],"picked":"Calling Bell"}],"items_purged_floors":[],"is_endless":false,"potions_floor_spawned":[11,14,16,19,30],"killed_by":"Collector","ascension_level":5}}