{"host":"zx10cf1fsoa3eqiy","time":1612035701,"event":{"mods":["BaseMod","Colored Powertips","Downfall","Highlight Path","Minty Spire (QoL Compilation)","Quick Restart","Replay The Spire","Shop Mod","StSLib","Td1madao Mod","The Servant 0.9.4","Yuri Mod"],"gold_per_floor":[99,99,99,99,7,7,61,72,100,0,34,51,51,51,63,166,166,66,81,96,113,129,129,129,129,142,142,142,142],"floor_reached":27,"language":"ZHS","playtime":1282,"items_purged":[],"score":221,"play_id":"1455499c-32d6-4b01-b522-d4a4aa0c0905","local_time":"20210131034141","is_ascension_mode":false,"campfire_choices":[{"floor":1,"key":"RECALL"},{"data":"bronze:Fortify","floor":10,"key":"SMITH"},{"floor":13,"key":"REST"},{"floor":18,"key":"DIG"}],"circlet_count":0,"master_deck":["bronze:Strike","bronze:Strike","bronze:Strike","bronze:Defend","bronze:Defend","bronze:Defend","bronze:Defend","bronze:Replicate","bronze:Goto","bronze:WhirlingStrike","bronze:Spike","bronze:Repair","bronze:BronzeOrb","bronze:Fortify+1","bronze:FineTuning","Pain","bronze:WhirlingStrike","bronze:Mutator","bronze:Deprecate+1"],"relics":["bronze:BronzeCore","downfall:HeartsMalice","Replay:WaspNest","downfall:HeartBlessingBlue","Boot","WarpedTongs","SacredBark","downfall:HeartBlessingRed","Toxic Egg 2","hexamod:BolsterEngine","InkBottle"],"acts_visited":["Exordium","TheCity"],"potions_floor_usage":[9,11,16,21,27],"damage_taken":[{"damage":0,"enemies":"2 Louse","floor":2,"turns":1},{"damage":0,"enemies":"2 Louse","floor":3,"turns":1},{"damage":0,"enemies":"Small Slimes","floor":4,"turns":1},{"damage":0,"enemies":"downfall:FleeingMerchant","floor":5,"turns":4},{"damage":4,"enemies":"Cultist","floor":8,"turns":4},{"damage":19,"enemies":"3 Sentries","floor":9,"turns":7},{"damage":16,"enemies":"Gremlin Nob","floor":11,"turns":4},{"damage":5,"enemies":"2 Fungi Beasts","floor":12,"turns":3},{"damage":1,"enemies":"Lots of Slimes","floor":15,"turns":2},{"damage":45,"enemies":"WA_ARCHETYPE_RETAIN","floor":16,"turns":7},{"damage":24,"enemies":"Shell Parasite","floor":19,"turns":5},{"damage":16,"enemies":"3 Byrds","floor":20,"turns":4},{"damage":2,"enemies":"Centurion and Healer","floor":21,"turns":2},{"damage":33,"enemies":"Sentry and Sphere","floor":22,"turns":5},{"damage":24,"enemies":"3 Cultists","floor":26,"turns":3},{"damage":5,"enemies":"Slavers","floor":27,"turns":2}],"seed_played":"-6157910526879961164","potions_obtained":[{"floor":3,"key":"ColorlessPotion"},{"floor":8,"key":"Explosive Potion"},{"floor":15,"key":"SkillPotion"},{"floor":19,"key":"SteroidPotion"},{"floor":20,"key":"Block Potion"},{"floor":26,"key":"Toxic Potion"}],"is_trial":false,"path_per_floor":["R","M","?","M","$","?","T","M","E","R","E","M","R","?","M","B",null,"R","M","M","M","M","?","T","?","M","E"],"character_chosen":"THE_AUTOMATON","items_purchased":["bronze:BronzeOrb"],"campfire_rested":1,"item_purchase_floors":[5],"current_hp_per_floor":[70,70,70,70,70,70,70,66,51,61,52,47,71,71,70,35,80,80,60,44,42,19,19,19,19,2,4,4,4],"gold":142,"neow_bonus":"THREE_ENEMY_KILL","is_daily":false,"chose_seed":false,"campfire_upgraded":1,"win_rate":0.0,"timestamp":1612035701,"path_taken":["R","M","?","M","$","?","T","M","E","R","E","M","R","?","M","BOSS","R","M","M","M","?","?","T","?","?","E"],"items_purchased_type":["Card"],"build_version":"2020-12-22","purchased_purges":0,"victory":false,"max_hp_per_floor":[70,70,70,70,70,70,70,70,70,80,80,80,80,80,80,80,80,80,80,80,80,80,80,80,80,80,80,80,80],"card_choices":[{"not_picked":["bronze:Overheat","bronze:CloningBeam"],"picked":"bronze:WhirlingStrike","floor":2},{"not_picked":[],"picked":"bronze:Spike","floor":3},{"not_picked":["bronze:CloningBeam","bronze:Return"],"picked":"bronze:Repair","floor":4},{"not_picked":["bronze:DelayedGuard","bronze:Allocate","bronze:Turbo"],"picked":"SKIP","floor":5},{"not_picked":["bronze:Iterate","bronze:BronzeOrb"],"picked":"bronze:Fortify","floor":8},{"not_picked":["bronze:ItsAFeature","bronze:BugBarrage","bronze:Assembly"],"picked":"SKIP","floor":9},{"not_picked":["bronze:DelayedGuard","bronze:NullPointer"],"picked":"bronze:FineTuning","floor":11},{"not_picked":["bronze:Overload","bronze:OilSpill","bronze:BuggyMess"],"picked":"SKIP","floor":12},{"not_picked":["bronze:OilSpill","bronze:Overheat"],"picked":"bronze:WhirlingStrike","floor":15},{"not_picked":["bronze:AlphaBuild","bronze:Virus"],"picked":"bronze:Mutator","floor":16},{"not_picked":["bronze:Allocate+1","bronze:DelayedSlice+1","bronze:ItsAFeature"],"picked":"SKIP","floor":19},{"not_picked":["bronze:Overheat","bronze:Turbo+1","bronze:WildBeam"],"picked":"SKIP","floor":20},{"not_picked":["bronze:Deprecate+1","bronze:OilSpill","bronze:Invalidate+1"],"picked":"SKIP","floor":21},{"not_picked":["bronze:BuggyMess+1","bronze:DelayedGuard+1","bronze:HyperBeam"],"picked":"SKIP","floor":22},{"not_picked":["bronze:Invalidate+1","bronze:CutThrough","bronze:ClassDefault"],"picked":"SKIP","floor":26}],"player_experience":290722,"relics_obtained":[{"floor":9,"key":"Replay:WaspNest"},{"floor":11,"key":"Boot"},{"floor":18,"key":"Toxic Egg 2"},{"floor":24,"key":"InkBottle"}],"event_choices":[],"is_beta":false,"boss_relics":[{"not_picked":["Replay:Bronze Core","Abe\u0027s Treasure"],"picked":"SacredBark"}],"items_purged_floors":[],"is_endless":false,"potions_floor_spawned":[3,8,15,19,20,26],"killed_by":"Slavers","ascension_level":0}}