{"host":"8ps3pfk2b2drr3ex","time":1612014645,"event":{"mods":["2.2 Compatiblity","AchievementEnabler","Act Like it!","BaseMod","Bestiary","Better Match","BetterRewards","Colored Map","Colored Powertips","Conspire","Downfall","Evolution","GifTheSpireLib","Gold Saver","Hallownest","Hubris","Minty Spire (QoL Compilation)","Permanent Neow","Relic Filter","Replay The Spire","Shop Mod","StSLib","Stuff the Spire"],"gold_per_floor":[0,18,30,30,15,50,50,50,131,146,173,184,184,218,218,218,233,334,334,234,262,26,57,57,74,127,127,127,127],"floor_reached":27,"language":"ENG","playtime":2804,"items_purged":["sneckomod:Defend"],"score":333,"play_id":"02b89465-6fff-40e2-9ca7-8f9c1bf7cecd","local_time":"20210130085045","is_ascension_mode":true,"campfire_choices":[{"data":"Fusion","floor":15,"key":"SMITH"},{"data":"sneckomod:PureSnecko","floor":15,"key":"SMITH"},{"data":"sneckomod:GlitteringGambit","floor":20,"key":"SMITH"},{"data":"sneckomod:MasterEye","floor":20,"key":"SMITH"}],"circlet_count":0,"master_deck":["sneckomod:Strike","sneckomod:Strike","sneckomod:Strike","sneckomod:Defend","sneckomod:Defend","sneckomod:TailWhip","sneckomod:SnekBite","sneckomod:Unknown","sneckomod:Cheat+1","Fusion+1","sneckomod:QuickBite","sneckomod:SnakeSap","sneckomod:UnknownBlock","sneckomod:DiceBlock","sneckomod:MasterEye+1","sneckomod:PureSnecko+1","sneckomod:Unknown3Cost","sneckomod:GlitteringGambit+1","sneckomod:UnknownUncommonPower","sneckomod:QuickMove+1","Metallicize"],"relics":["sneckomod:SneckoSoul","EVO:Axolotl","Replay:Arrowhead","hubris:Metronome","Akabeko","conspire:InfiniteJournal","Velvet Choker","downfall:HeartBlessingGreen","hubris:SlimyHat","hubris:Towel"],"acts_visited":["Exordium","TheCity"],"potions_floor_usage":[6,14,18,18,25,27],"damage_taken":[{"damage":7,"enemies":"Small Slimes","floor":2,"turns":3},{"damage":4,"enemies":"conspire:RoseBush","floor":3,"turns":2},{"damage":0,"enemies":"downfall:FleeingMerchant","floor":5,"turns":4},{"damage":27,"enemies":"3 Sentries","floor":6,"turns":7},{"damage":0,"enemies":"2 Louse","floor":10,"turns":3},{"damage":0,"enemies":"Gremlin Nob","floor":11,"turns":2},{"damage":0,"enemies":"3 Louse","floor":12,"turns":2},{"damage":10,"enemies":"3 Sentries","floor":14,"turns":6},{"damage":15,"enemies":"2 Fungi Beasts","floor":17,"turns":3},{"damage":6,"enemies":"IC_STATUS_ARCHETYPE","floor":18,"turns":5},{"damage":16,"enemies":"Chosen","floor":21,"turns":5},{"damage":15,"enemies":"downfall:FleeingMerchant","floor":22,"turns":4},{"damage":26,"enemies":"Shell Parasite","floor":23,"turns":6},{"damage":10,"enemies":"Shelled Parasite and Fungi","floor":25,"turns":5},{"damage":11,"enemies":"conspire:MimicChest","floor":27,"turns":2}],"seed_played":"61555008099221697","potions_obtained":[{"floor":3,"key":"EssenceOfSteel"},{"floor":6,"key":"Slimebound:ThreeZeroPotion"},{"floor":10,"key":"SpeedPotion"},{"floor":11,"key":"Slimebound:ThreeZeroPotion"},{"floor":12,"key":"PowerPotion"},{"floor":21,"key":"CultistPotion"},{"floor":25,"key":"Dexterity Potion"}],"is_trial":false,"path_per_floor":["R","M","M","?","$","E","PTL","PTL","T","M","E","M","?","E","R","?","M","B",null,"R","M","$","M","?","M","T","?"],"character_chosen":"THE_SNECKO","items_purchased":["hubris:SlimyHat"],"campfire_rested":0,"item_purchase_floors":[22],"current_hp_per_floor":[81,74,70,70,70,43,43,43,43,43,43,43,43,33,33,48,33,27,74,74,58,43,17,17,7,7,0,0,0],"gold":127,"neow_bonus":"THREE_RARE_CARDS","is_daily":false,"chose_seed":false,"campfire_upgraded":4,"win_rate":0.0,"timestamp":1612014645,"path_taken":["R","M","M","?","$","E","PTL","PTL","T","M","E","M","?","E","R","?","M","BOSS","R","M","$","M","?","M","T","?"],"items_purchased_type":["Relic"],"build_version":"2020-12-22","purchased_purges":1,"victory":false,"max_hp_per_floor":[90,90,90,90,90,90,90,90,90,90,90,90,90,90,90,90,90,90,90,90,90,90,90,90,90,90,90,90,90],"card_choices":[{"not_picked":["sneckomod:Unknown3Cost","sneckomod:SerpentMind"],"picked":"sneckomod:Cheat","floor":0},{"not_picked":["sneckomod:UnknownDraw","sneckomod:WideSting"],"picked":"sneckomod:QuickBite","floor":2},{"not_picked":["sneckomod:Nope","sneckomod:MixItUp"],"picked":"sneckomod:UnknownBlock","floor":3},{"not_picked":["sneckomod:Nope","sneckomod:SoulRoll"],"picked":"sneckomod:SnakeSap","floor":5},{"not_picked":["sneckomod:SoulRoll","sneckomod:UnknownCommonAttack"],"picked":"sneckomod:UnknownBlock","floor":6},{"not_picked":["sneckomod:UnknownCommonSkill","sneckomod:UnendingSupply"],"picked":"sneckomod:DiceBlock","floor":10},{"not_picked":["sneckomod:UnknownStrength","sneckomod:QuickMove","sneckomod:Unknown2Cost"],"picked":"SKIP","floor":11},{"not_picked":["sneckomod:DiceBoulder","sneckomod:Unknown1Cost"],"picked":"sneckomod:MasterEye","floor":12},{"not_picked":["sneckomod:Rotation","sneckomod:UnknownWeak"],"picked":"sneckomod:PureSnecko","floor":14},{"not_picked":["sneckomod:Rotation","sneckomod:UnknownBlock"],"picked":"sneckomod:Unknown3Cost","floor":17},{"not_picked":["sneckomod:SoulExchange","sneckomod:Unknown3Cost"],"picked":"sneckomod:GlitteringGambit","floor":18},{"not_picked":["sneckomod:UnknownCommonAttack","sneckomod:UnknownBlock"],"picked":"sneckomod:UnknownUncommonPower","floor":21},{"not_picked":["sneckomod:DangerNoodle","sneckomod:PureSnecko+1"],"picked":"sneckomod:QuickMove+1","floor":22},{"not_picked":["sneckomod:SoulRoll","sneckomod:QuickMove","sneckomod:UnknownCommonSkill"],"picked":"SKIP","floor":23},{"not_picked":["sneckomod:UnknownClassBLUE","sneckomod:PureSnecko+1"],"picked":"sneckomod:Memorize","floor":25}],"player_experience":918690,"relics_obtained":[{"floor":6,"key":"Replay:Arrowhead"},{"floor":9,"key":"hubris:Metronome"},{"floor":11,"key":"Akabeko"},{"floor":14,"key":"conspire:InfiniteJournal"}],"event_choices":[{"damage_healed":0,"gold_gain":0,"player_choice":"Leave","damage_taken":0,"max_hp_gain":0,"max_hp_loss":0,"event_name":"conspire:Investor","floor":13,"gold_loss":0}],"is_beta":false,"boss_relics":[{"not_picked":["Runic Dome","hubris:TerracottaHorce"],"picked":"Velvet Choker"}],"items_purged_floors":[22],"is_endless":false,"potions_floor_spawned":[3,6,10,11,12,21,25],"killed_by":"conspire:MimicChest","ascension_level":6}}