{"host":"c44ey07ufggfw2m8","time":1612016158,"event":{"mods":["2.2 Compatiblity","BaseMod","Colored Map","DeckTracker","Highlight Path","Keyboard Shortcuts","Minty Spire (QoL Compilation)","Permanent Neow","Quick Restart","StSLib","SuperFastMode","UnlockEverythingMod"],"gold_per_floor":[20,39,58,58,58,69,79,93,119,152,152,162,178,211,211,313,313,328,328,347,32,32,32,0,0,0,26,26,57,57,57,57,57,57],"floor_reached":33,"language":"KOR","playtime":927,"items_purged":["Strike_G"],"score":480,"play_id":"2f6f6ccf-9a42-479e-a172-a33ba23cdef4","local_time":"20210130231558","is_ascension_mode":true,"campfire_choices":[{"data":"Blade Dance","floor":11,"key":"SMITH"},{"data":"Adrenaline","floor":15,"key":"SMITH"},{"data":"Prepared","floor":23,"key":"SMITH"},{"data":"Panache","floor":30,"key":"SMITH"},{"data":"Blade Dance","floor":32,"key":"SMITH"}],"circlet_count":0,"master_deck":["AscendersBane","Strike_G","Strike_G","Strike_G","Defend_G","Defend_G","Defend_G","Defend_G","Defend_G","Survivor","Neutralize","Panache+1","Quick Slash","Prepared","Blade Dance+1","Adrenaline+1","Dagger Spray","Deadly Poison","Backstab","Prepared+1","Masterful Stab","Infinite Blades","Blade Dance+1","PiercingWail","Cloak And Dagger"],"relics":["Ring of the Snake","Anchor","Gambling Chip","Juzu Bracelet","Philosopher\u0027s Stone","Ninja Scroll","Lantern","Frozen Egg 2","Bottled Flame","Meat on the Bone","Incense Burner"],"acts_visited":["Exordium","TheCity"],"potions_floor_usage":[10,16,33,33],"damage_taken":[{"damage":0,"enemies":"2 Louse","floor":1,"turns":4},{"damage":1,"enemies":"Cultist","floor":2,"turns":4},{"damage":0,"enemies":"Small Slimes","floor":3,"turns":3},{"damage":0,"enemies":"Looter","floor":6,"turns":2},{"damage":0,"enemies":"Red Slaver","floor":7,"turns":4},{"damage":0,"enemies":"Exordium Thugs","floor":8,"turns":3},{"damage":18,"enemies":"Gremlin Nob","floor":10,"turns":3},{"damage":10,"enemies":"Large Slime","floor":12,"turns":3},{"damage":0,"enemies":"Gremlin Gang","floor":13,"turns":2},{"damage":12,"enemies":"Lagavulin","floor":14,"turns":5},{"damage":17,"enemies":"Hexaghost","floor":16,"turns":8},{"damage":7,"enemies":"Spheric Guardian","floor":18,"turns":3},{"damage":0,"enemies":"Shell Parasite","floor":20,"turns":2},{"damage":0,"enemies":"Gremlin Leader","floor":27,"turns":3},{"damage":8,"enemies":"Slavers","floor":29,"turns":4},{"damage":33,"enemies":"Collector","floor":33,"turns":3}],"seed_played":"-4744903242726068470","potions_obtained":[{"floor":3,"key":"CultistPotion"},{"floor":10,"key":"FairyPotion"},{"floor":12,"key":"SpeedPotion"},{"floor":14,"key":"CunningPotion"},{"floor":16,"key":"SkillPotion"},{"floor":18,"key":"Dexterity Potion"}],"is_trial":false,"path_per_floor":["M","M","M","?","?","M","M","M","T","E","R","M","M","E","R","B",null,"M","?","M","$","?","R","?","T","T","E","$","E","R","$","R","B"],"character_chosen":"THE_SILENT","items_purchased":["Ninja Scroll"],"campfire_rested":0,"item_purchase_floors":[21],"current_hp_per_floor":[63,62,62,62,62,62,62,62,62,44,44,34,34,22,22,5,54,47,47,47,47,47,47,47,47,47,47,47,39,39,39,39,6,6],"gold":57,"neow_bonus":"RANDOM_COLORLESS_2","is_daily":false,"chose_seed":false,"campfire_upgraded":5,"win_rate":0.0,"timestamp":1612016158,"path_taken":["M","M","M","?","?","M","?","M","T","E","R","M","M","E","R","BOSS","M","?","M","$","?","R","?","?","T","E","$","E","R","?","R","BOSS"],"items_purchased_type":["Relic"],"build_version":"2020-12-22","purchased_purges":1,"victory":false,"max_hp_per_floor":[70,70,70,70,70,70,70,70,70,70,70,70,70,70,70,70,70,70,70,70,70,70,70,70,70,70,70,70,70,70,70,70,70,70],"card_choices":[{"not_picked":["Mayhem","Secret Technique"],"picked":"Panache","floor":0},{"not_picked":["Underhanded Strike","Dagger Throw"],"picked":"Quick Slash","floor":1},{"not_picked":["Dagger Throw","Sucker Punch"],"picked":"Prepared","floor":2},{"not_picked":["Distraction","Tactician"],"picked":"Blade Dance","floor":3},{"not_picked":["Dagger Throw","Riddle With Holes"],"picked":"Dagger Spray","floor":6},{"not_picked":["Leg Sweep","Poisoned Stab"],"picked":"Deadly Poison","floor":7},{"not_picked":["Crippling Poison","Deadly Poison"],"picked":"Backstab","floor":8},{"not_picked":["Wraith Form v2","Riddle With Holes"],"picked":"Prepared","floor":10},{"not_picked":["Choke","Riddle With Holes"],"picked":"Masterful Stab","floor":12},{"not_picked":["Outmaneuver","Bane","Heel Hook"],"picked":"SKIP","floor":13},{"not_picked":["PiercingWail","Phantasmal Killer"],"picked":"Infinite Blades","floor":14},{"not_picked":["Flying Knee","Deflect"],"picked":"Blade Dance","floor":18},{"not_picked":["Masterful Stab","Deadly Poison"],"picked":"PiercingWail","floor":20},{"not_picked":["Dagger Spray","Bouncing Flask"],"picked":"Cloak And Dagger","floor":27},{"not_picked":["Underhanded Strike","Acrobatics","Slice"],"picked":"SKIP","floor":29}],"player_experience":96395,"relics_obtained":[{"floor":9,"key":"Anchor"},{"floor":10,"key":"Gambling Chip"},{"floor":14,"key":"Juzu Bracelet"},{"floor":25,"key":"Frozen Egg 2"},{"floor":26,"key":"Bottled Flame"},{"floor":27,"key":"Meat on the Bone"},{"floor":29,"key":"Incense Burner"}],"event_choices":[{"damage_healed":0,"gold_gain":0,"cards_transformed":["Strike_G"],"player_choice":"Change","damage_taken":0,"max_hp_gain":0,"max_hp_loss":0,"event_name":"Living Wall","floor":4,"gold_loss":0,"cards_obtained":["Adrenaline"]},{"damage_healed":0,"gold_gain":0,"player_choice":"Ignored","damage_taken":0,"max_hp_gain":0,"max_hp_loss":0,"event_name":"NoteForYourself","floor":5,"gold_loss":0},{"damage_healed":0,"gold_gain":0,"player_choice":"Ignored","damage_taken":0,"max_hp_gain":0,"max_hp_loss":0,"event_name":"Vampires","floor":19,"gold_loss":0},{"damage_healed":0,"gold_gain":0,"player_choice":"Gave Potion","damage_taken":0,"relics_obtained":["Lantern"],"max_hp_gain":0,"max_hp_loss":0,"event_name":"WeMeetAgain","floor":22,"gold_loss":0},{"damage_healed":0,"gold_gain":0,"player_choice":"Paid Fearfully","damage_taken":0,"max_hp_gain":0,"max_hp_loss":0,"event_name":"Masked Bandits","floor":24,"gold_loss":32}],"is_beta":false,"boss_relics":[{"not_picked":["Runic Pyramid","Snecko Eye"],"picked":"Philosopher\u0027s Stone"}],"items_purged_floors":[21],"is_endless":false,"potions_floor_spawned":[3,10,12,14,16,18],"killed_by":"Collector","ascension_level":10}}