{"host":"141e8mu1xuvwtmt1","time":1612046969,"event":{"mods":["AchievementEnabler","BaseMod","BetterRewards","Colored Map","Colored Powertips","Downfall","Highlight Path","Minty Spire (QoL Compilation)","Replay The Spire","StSLib"],"gold_per_floor":[173,77,91,109,129,114,114,214,6,6,18,18,18,49,67,170,170,170,187,204,39,107,125,151,141,141,155,155,170,195,74,88,189,189,189,202,219,219,319,319,619,71,85,97,97,113,128,128,139,139,139,139],"floor_reached":50,"language":"ENG","playtime":9064,"items_purged":[],"score":566,"play_id":"41e38486-b4b7-4097-a121-8f3d17bce4ee","local_time":"20210130234929","is_ascension_mode":false,"campfire_choices":[{"data":"champ:Shatter","floor":13,"key":"SMITH"},{"data":"champ:Taunt","floor":18,"key":"SMITH"},{"floor":26,"key":"REST"},{"data":"champ:StanceDance","floor":35,"key":"SMITH"},{"data":"champ:Taunt","floor":45,"key":"SMITH"}],"circlet_count":0,"master_deck":["champ:Execute","champ:Taunt+1","champ:BringItOn","champ:ArenaPreparation+1","champ:DefensiveShout","champ:ShieldSlam","champ:FaceSlap","champ:GladiatorStyle","champ:TornadoPunch","champ:Backstep","champ:Shatter+1","champ:FocusedDefense","champ:AdrenalArmor","champ:Devastate","champ:StanceDance","champ:Circumvent+1","champ:CrookedStrike","champ:StanceDance+1","champ:Haymaker+1","champ:Circumvent+1","champ:StanceDance","expansioncontent:StudyTheSpire","champ:DancingMaster","champ:BladeFlurry+1","champ:StanceDance+1","champ:RecklessLeap","expansioncontent:Chronoboost","champ:PreemptiveStrike+1","champ:UltimateStance","champ:MurderStrike","champ:HeavySlash","champ:PerfectedStrike","champ:RisingSlash","champ:BerserkersShout","champ:Backstep","champ:HoldFirm","champ:IgnorePain","champ:ShieldSlam+1","champ:CalledShot+1","champ:Taunt+1","champ:BringItOn","champ:ShieldSlam","champ:HeavySlash","Replay:Bootleg Shield Generator","Decay","champ:RisingSlash+1","Replay:SS_forest_2","champ:BerserkersShout+1","champ:AdrenalArmor","Doubt","champ:TripleStrike"],"relics":["champ:ChampionCrown","Replay:WaspNest","Tiny Chest","Regal Pillow","SacredBark","ReplayTheSpireMod:TigerMarble","Lantern","PreservedInsect","Orichalcum","Ancient Tea Set","MealTicket","Pandora\u0027s Box","downfall:GremlinSack","Nunchaku","Old Coin","Bronze Scales","Lizard Tail"],"acts_visited":["Exordium","TheCity","TheBeyond"],"potions_floor_usage":[9,20,21,23,25,25,25,25,30,33,33,43,46],"damage_taken":[{"damage":20,"enemies":"downfall:FleeingMerchant","floor":2,"turns":4},{"damage":20,"enemies":"Jaw Worm","floor":3,"turns":3},{"damage":15,"enemies":"Small Slimes","floor":4,"turns":4},{"damage":20,"enemies":"2 Louse","floor":5,"turns":3},{"damage":5,"enemies":"downfall:FleeingMerchant","floor":6,"turns":4},{"damage":10,"enemies":"downfall:FleeingMerchant","floor":9,"turns":4},{"damage":15,"enemies":"Exordium Thugs","floor":11,"turns":5},{"damage":7,"enemies":"Gremlin Nob","floor":14,"turns":4},{"damage":10,"enemies":"2 Fungi Beasts","floor":15,"turns":3},{"damage":48,"enemies":"IC_STATUS_ARCHETYPE","floor":16,"turns":8},{"damage":24,"enemies":"Spheric Guardian","floor":19,"turns":4},{"damage":1,"enemies":"Shell Parasite","floor":20,"turns":5},{"damage":10,"enemies":"downfall:FleeingMerchant","floor":21,"turns":4},{"damage":20,"enemies":"Centurion and Healer","floor":23,"turns":8},{"damage":38,"enemies":"downfall:FleeingMerchant","floor":25,"turns":4},{"damage":28,"enemies":"Snecko","floor":27,"turns":3},{"damage":20,"enemies":"Chosen and Byrds","floor":29,"turns":5},{"damage":4,"enemies":"Slavers","floor":30,"turns":4},{"damage":33,"enemies":"Snake Plant","floor":32,"turns":3},{"damage":74,"enemies":"WA_ARCHETYPE_CALM","floor":33,"turns":10},{"damage":0,"enemies":"Orb Walker","floor":36,"turns":5},{"damage":8,"enemies":"3 Shapes","floor":37,"turns":4},{"damage":12,"enemies":"3 Shapes","floor":39,"turns":3},{"damage":10,"enemies":"Jaw Worm Horde","floor":43,"turns":6},{"damage":7,"enemies":"Sphere and 2 Shapes","floor":44,"turns":5},{"damage":53,"enemies":"3 Darklings","floor":46,"turns":6},{"damage":24,"enemies":"Spire Growth","floor":47,"turns":4},{"damage":60,"enemies":"Maw","floor":49,"turns":8},{"damage":202,"enemies":"DF_ARCHETYPE_ORBS","floor":50,"turns":11}],"seed_played":"-4610693278625259484","potions_obtained":[{"floor":3,"key":"AttackPotion"},{"floor":11,"key":"Milkshake"},{"floor":14,"key":"FearPotion"},{"floor":15,"key":"Block Potion"},{"floor":20,"key":"EntropicBrew"},{"floor":22,"key":"Swift Potion"},{"floor":23,"key":"Reflective Coating"},{"floor":27,"key":"Block Potion"},{"floor":30,"key":"FearPotion"},{"floor":32,"key":"LiquidBronze"},{"floor":36,"key":"champ:UltimateStancePotion"},{"floor":39,"key":"LifebloodPotion"}],"is_trial":false,"path_per_floor":["R_BF","$","M","M","M","$","T","?","$","?","M","?","R","E","M","B",null,"R","M","M","$","?","M","T","$","R","M","T","M","E","$","M","B",null,"R","M","M","?","?","T","T","$","M","M","R","M","M","?","M","B"],"character_chosen":"THE_CHAMP","items_purchased":["champ:ArenaPreparation","champ:DefensiveShout","Tiny Chest","champ:Backstep","ReplayTheSpireMod:TigerMarble","Orichalcum","champ:StanceDance","expansioncontent:StudyTheSpire","champ:RecklessLeap","expansioncontent:Chronoboost","Bronze Scales","Replay:SS_forest_2","Lizard Tail"],"campfire_rested":1,"item_purchase_floors":[2,2,9,9,21,25,25,25,31,31,42,42,42],"current_hp_per_floor":[99,99,94,94,94,94,94,94,84,84,84,89,89,82,82,79,104,104,90,89,89,48,43,43,25,71,63,63,53,49,64,41,53,104,104,104,96,96,94,94,94,104,104,97,97,64,45,104,104,0,0,0],"gold":139,"neow_bonus":"TEN_PERCENT_HP_BONUS","is_daily":false,"chose_seed":false,"campfire_upgraded":4,"win_rate":0.0,"timestamp":1612046969,"path_taken":["R_BF","$","M","M","M","$","T","?","$","?","M","?","R","E","M","BOSS","R","M","M","$","?","M","T","$","R","M","?","?","E","$","M","BOSS","R","M","M","?","?","?","T","$","M","M","R","M","M","?","M","BOSS"],"items_purchased_type":["Card","Card","Relic","Card","Relic","Relic","Card","Card","Card","Card","Relic","Card","Relic"],"build_version":"2020-12-22","purchased_purges":0,"victory":false,"max_hp_per_floor":[99,99,99,99,99,99,99,99,99,99,99,104,104,104,104,104,104,104,104,104,104,104,104,104,104,104,104,104,104,104,104,104,104,104,104,104,104,104,104,104,104,104,104,104,104,104,104,104,104,104,104,104],"card_choices":[{"not_picked":["champ:Backstep","champ:BladeFlurry"],"picked":"champ:BringItOn","floor":2},{"not_picked":["champ:EnGarde","champ:StanceDance"],"picked":"champ:ShieldSlam","floor":3},{"not_picked":["champ:IronFortress","champ:BladeFlurry"],"picked":"champ:FaceSlap","floor":4},{"not_picked":["champ:Shatter","champ:PreciseThrust","champ:CrookedStrike"],"picked":"SKIP","floor":5},{"not_picked":["champ:FalseCounter","champ:IronFortress"],"picked":"champ:GladiatorStyle","floor":6},{"not_picked":["champ:DeathBlow","champ:SkillfulDodge"],"picked":"champ:TornadoPunch","floor":9},{"not_picked":["champ:GutPunch","champ:Improvising"],"picked":"champ:Shatter","floor":11},{"not_picked":["champ:GutPunch","champ:Backstep"],"picked":"champ:FocusedDefense","floor":14},{"not_picked":["champ:CrownThrow","champ:Shatter"],"picked":"champ:AdrenalArmor","floor":15},{"not_picked":["champ:Improvising","champ:IgnorePain"],"picked":"champ:Devastate","floor":16},{"not_picked":["champ:HeartStrike","champ:RapidStrikes"],"picked":"champ:StanceDance","floor":19},{"not_picked":["champ:BringItOn+1","champ:Backstep"],"picked":"champ:Circumvent+1","floor":20},{"not_picked":["champ:PreciseThrust","champ:BringItOn"],"picked":"champ:CrookedStrike","floor":21},{"not_picked":["champ:AdrenalArmor","champ:CrookedStrike"],"picked":"champ:StanceDance","floor":22},{"not_picked":["champ:CrownThrow","champ:BringItOn"],"picked":"champ:Haymaker+1","floor":22},{"not_picked":["champ:CrookedStrike","champ:StanceDance"],"picked":"champ:Circumvent+1","floor":23},{"not_picked":["champ:SkillfulDodge","champ:Shatter"],"picked":"champ:IronFortress","floor":25},{"not_picked":["champ:BladeFlurry","champ:AdrenalArmor"],"picked":"champ:DancingMaster","floor":27},{"not_picked":["champ:EnGarde","champ:PreciseThrust"],"picked":"champ:BladeFlurry+1","floor":29},{"not_picked":["champ:FocusedDefense+1","champ:PerfectedStrike"],"picked":"champ:StanceDance+1","floor":30},{"not_picked":["champ:EnGarde","champ:BladeFlurry"],"picked":"champ:PreemptiveStrike+1","floor":32},{"not_picked":["champ:GladiatorForm","champ:HeavySlash"],"picked":"champ:UltimateStance","floor":33},{"not_picked":["champ:PreemptiveStrike+1","champ:FalseCounter"],"picked":"champ:ShieldSlam+1","floor":36},{"not_picked":["champ:CrookedStrike","champ:Backstep"],"picked":"champ:CalledShot+1","floor":37},{"not_picked":["champ:FanOfKnives+1","champ:FlashCut+1"],"picked":"champ:RisingSlash+1","floor":39},{"not_picked":["champ:FancyFootwork","champ:FalseCounter+1","champ:AdrenalArmor+1"],"picked":"SKIP","floor":43},{"not_picked":["champ:AdrenalArmor","champ:Parry+1"],"picked":"champ:BerserkersShout+1","floor":44},{"not_picked":["champ:Duel","champ:StanceDance"],"picked":"champ:AdrenalArmor","floor":46},{"not_picked":["champ:FanOfKnives+1","champ:Shatter+1","champ:FlashCut"],"picked":"SKIP","floor":47},{"not_picked":["champ:EnGarde","champ:PreemptiveStrike+1"],"picked":"champ:TripleStrike","floor":49}],"player_experience":252521,"relics_obtained":[{"floor":7,"key":"Replay:WaspNest"},{"floor":14,"key":"Regal Pillow"},{"floor":22,"key":"Lantern"},{"floor":24,"key":"PreservedInsect"},{"floor":28,"key":"Ancient Tea Set"},{"floor":30,"key":"MealTicket"},{"floor":39,"key":"downfall:GremlinSack"},{"floor":40,"key":"Nunchaku"},{"floor":41,"key":"Old Coin"}],"event_choices":[{"damage_healed":0,"gold_gain":0,"player_choice":"Donut","damage_taken":0,"max_hp_gain":5,"max_hp_loss":0,"event_name":"Big Fish","floor":12,"gold_loss":0},{"cards_removed":["champ:IronFortress"],"damage_healed":0,"gold_gain":0,"player_choice":"Removed Power","damage_taken":0,"max_hp_gain":0,"max_hp_loss":0,"event_name":"Falling","floor":38,"gold_loss":0}],"is_beta":false,"boss_relics":[{"not_picked":["ChewingGum","Runic Dome"],"picked":"SacredBark"},{"not_picked":["Replay:Wanted Poster","Kintsugi"],"picked":"Pandora\u0027s Box"}],"items_purged_floors":[],"is_endless":false,"potions_floor_spawned":[3,11,14,15,20,23,27,30,32,36,39],"killed_by":"DF_ARCHETYPE_ORBS","ascension_level":0}}