{"host":"BaronFel","time":1612045649,"event":{"mods":["BaseMod","Filter the Spire","Highlight Path","Minty Spire (QoL Compilation)","Relic Stats","ojb\u0027s Info Mod"],"gold_per_floor":[111,128,24,24,39,39,63,63,63,75,109,109,109,134,134,208,208,222,235,254,254,52,81,81,115,115,148,148,159,259,276,276,350,350,362,362,28,45,58,58,91,91,91,91,111,111,137,147,147,147,147,147,147,36,62,62],"floor_reached":57,"language":"ENG","playtime":6782,"items_purged":["Decay"],"score":2756,"play_id":"20013c64-8e1a-4dba-88e6-9531d886eeae","local_time":"20210130162729","is_ascension_mode":true,"campfire_choices":[{"data":"Inflame","floor":6.0,"key":"SMITH"},{"data":"Anger","floor":8.0,"key":"SMITH"},{"data":"Disarm","floor":12.0,"key":"SMITH"},{"data":"Feel No Pain","floor":15.0,"key":"SMITH"},{"floor":24.0,"key":"REST"},{"data":"Sword Boomerang","floor":28.0,"key":"SMITH"},{"data":"1","floor":32.0,"key":"LIFT"},{"data":"2","floor":40.0,"key":"LIFT"},{"data":"Pommel Strike","floor":42.0,"key":"SMITH"},{"data":"Pommel Strike","floor":44.0,"key":"SMITH"},{"floor":46.0,"key":"RECALL"},{"floor":49.0,"key":"REST"},{"data":"3","floor":53.0,"key":"LIFT"}],"circlet_count":0,"master_deck":["AscendersBane","Defend_R","Defend_R","Defend_R","Defend_R","Bash","Master of Strategy","Pommel Strike+1","Anger+1","Pommel Strike+1","Inflame+1","Disarm+1","Feel No Pain+1","Seeing Red","Disarm","Corruption","Shrug It Off+1","Sword Boomerang+1","Corruption","Twin Strike","Disarm","Burning Pact+1","Impervious","Spot Weakness+1","Thunderclap+1","Reaper","Headbutt+1","Sentinel","Clumsy","Spot Weakness","Shrug It Off","Feel No Pain+1"],"relics":["Burning Blood","Odd Mushroom","TungstenRod","Art of War","Self Forming Clay","Cursed Key","OrangePellets","Peace Pipe","Bag of Marbles","Kunai","Girya","Bottled Lightning","Empty Cage","Torii","Incense Burner","InkBottle","Anchor"],"acts_visited":["Exordium","TheCity","TheBeyond","TheEnding"],"potions_floor_usage":[56],"damage_taken":[{"damage":23.0,"enemies":"Small Slimes","floor":1.0,"turns":5.0},{"damage":8.0,"enemies":"2 Louse","floor":2.0,"turns":2.0},{"damage":4.0,"enemies":"Jaw Worm","floor":5.0,"turns":3.0},{"damage":8.0,"enemies":"The Mushroom Lair","floor":7.0,"turns":4.0},{"damage":6.0,"enemies":"Looter","floor":10.0,"turns":3.0},{"damage":1.0,"enemies":"Lagavulin","floor":11.0,"turns":5.0},{"damage":3.0,"enemies":"Gremlin Nob","floor":14.0,"turns":3.0},{"damage":39.0,"enemies":"Slime Boss","floor":16.0,"turns":11.0},{"damage":5.0,"enemies":"2 Thieves","floor":18.0,"turns":4.0},{"damage":3.0,"enemies":"3 Byrds","floor":19.0,"turns":6.0},{"damage":5.0,"enemies":"Centurion and Healer","floor":20.0,"turns":6.0},{"damage":43.0,"enemies":"Slavers","floor":23.0,"turns":9.0},{"damage":0.0,"enemies":"Gremlin Leader","floor":25.0,"turns":6.0},{"damage":5.0,"enemies":"Book of Stabbing","floor":27.0,"turns":4.0},{"damage":11.0,"enemies":"Cultist and Chosen","floor":29.0,"turns":6.0},{"damage":8.0,"enemies":"Colosseum Slavers","floor":30.0,"turns":4.0},{"damage":5.0,"enemies":"Colosseum Nobs","floor":30.0,"turns":3.0},{"damage":5.0,"enemies":"Snecko","floor":31.0,"turns":4.0},{"damage":44.0,"enemies":"Automaton","floor":33.0,"turns":7.0},{"damage":15.0,"enemies":"3 Darklings","floor":35.0,"turns":5.0},{"damage":8.0,"enemies":"3 Shapes","floor":38.0,"turns":7.0},{"damage":6.0,"enemies":"3 Darklings","floor":39.0,"turns":5.0},{"damage":37.0,"enemies":"Giant Head","floor":41.0,"turns":7.0},{"damage":16.0,"enemies":"Maw","floor":45.0,"turns":6.0},{"damage":39.0,"enemies":"Reptomancer","floor":47.0,"turns":8.0},{"damage":56.0,"enemies":"Jaw Worm Horde","floor":48.0,"turns":4.0},{"damage":26.0,"enemies":"Time Eater","floor":50.0,"turns":10.0},{"damage":39.0,"enemies":"Donu and Deca","floor":51.0,"turns":11.0},{"damage":57.0,"enemies":"Shield and Spear","floor":55.0,"turns":6.0},{"damage":65,"enemies":"The Heart","floor":56,"turns":10}],"seed_played":"1617083209050636216","potions_obtained":[{"floor":5.0,"key":"SkillPotion"},{"floor":7.0,"key":"EntropicBrew"},{"floor":11.0,"key":"SpeedPotion"},{"floor":16.0,"key":"AttackPotion"},{"floor":20.0,"key":"Explosive Potion"},{"floor":23.0,"key":"PowerPotion"},{"floor":29.0,"key":"Energy Potion"},{"floor":30.0,"key":"SpeedPotion"},{"floor":33.0,"key":"FearPotion"},{"floor":35.0,"key":"FairyPotion"},{"floor":45.0,"key":"Fire Potion"},{"floor":48.0,"key":"Weak Potion"}],"is_trial":false,"path_per_floor":["M","M","$","?","M","R","?","R","T","M","E","R","?","E","R","B",null,"M","M","M","?","$","E","R","E","T","E","R","M","?","M","R","B",null,"M","?","$","M","M","R","E","R","T","R","M","R","E","M","R","B","B",null,"R","$","E","B",null],"character_chosen":"IRONCLAD","items_purchased":["Pommel Strike","OrangePellets","Disarm","Torii","Shrug It Off","Strength Potion"],"campfire_rested":2,"item_purchase_floors":[3,22,22,37,54,54],"current_hp_per_floor":[51,49,49,49,51,51,49,49,49,49,54,54,48,51,51,18,61,62,65,66,66,66,29,51,57,57,58,58,53,52,53,53,15,60,71,71,71,75,75,75,67,67,67,67,65,65,74,41,63,66,65,73,73,73,44,28],"gold":62,"neow_bonus":"RANDOM_COLORLESS_2","is_daily":false,"chose_seed":false,"campfire_upgraded":7,"win_rate":0.0,"timestamp":1612045649,"path_taken":["M","M","$","?","M","R","?","R","T","M","E","R","?","E","R","BOSS","M","M","M","?","$","E","R","E","T","E","R","M","?","M","R","BOSS","M","?","$","M","M","R","E","R","T","R","M","R","E","M","R","BOSS","BOSS","R","$","E","BOSS"],"items_purchased_type":["Card","Relic","Card","Relic","Card","Potion"],"build_version":"2020-12-18","purchased_purges":1,"victory":true,"max_hp_per_floor":[75,75,75,75,75,75,75,75,75,75,75,75,75,75,75,75,75,75,75,75,75,75,75,75,75,75,75,75,75,75,75,75,75,75,75,75,75,75,75,75,75,75,75,75,75,75,75,75,75,75,75,75,75,75,75,75],"relic_stats":{"Peace Pipe":0,"OrangePellets":[14],"Torii":59,"counters":[30,174],"Self Forming Clay":[210],"Art of War":[14],"Kunai":[38],"Cursed Key":1,"obtain_stats":[{"Girya":30,"Torii":37,"Self Forming Clay":14,"Incense Burner":41,"Odd Mushroom":7,"Cursed Key":17,"Empty Cage":34,"Burning Blood":0,"Peace Pipe":23,"OrangePellets":22,"Anchor":55,"Art of War":11,"Bag of Marbles":25,"Kunai":27,"Bottled Lightning":30,"TungstenRod":9,"InkBottle":47},{"Girya":17,"Torii":20,"Self Forming Clay":7,"Incense Burner":23,"Odd Mushroom":4,"Cursed Key":8,"Empty Cage":19,"Burning Blood":0,"Peace Pipe":12,"OrangePellets":11,"Anchor":29,"Art of War":6,"Bag of Marbles":13,"Kunai":14,"Bottled Lightning":17,"TungstenRod":4,"InkBottle":25},{"Girya":84,"Torii":100,"Self Forming Clay":25,"Incense Burner":119,"Odd Mushroom":14,"Cursed Key":36,"Empty Cage":95,"Burning Blood":0,"Peace Pipe":61,"OrangePellets":52,"Anchor":164,"Art of War":22,"Bag of Marbles":67,"Kunai":71,"Bottled Lightning":84,"TungstenRod":14,"InkBottle":133}],"Burning Blood":174,"TungstenRod":111,"InkBottle":[17]},"card_choices":[{"not_picked":["Metamorphosis","Secret Weapon"],"picked":"Master of Strategy","floor":0.0},{"not_picked":["Iron Wave","Dropkick"],"picked":"Pommel Strike","floor":1.0},{"not_picked":["Body Slam","Clash"],"picked":"Anger","floor":2.0},{"not_picked":["Carnage","Dropkick"],"picked":"Inflame","floor":5.0},{"not_picked":["Intimidate","Wild Strike"],"picked":"Disarm","floor":7.0},{"not_picked":["Dual Wield","Pommel Strike"],"picked":"Feel No Pain","floor":10.0},{"not_picked":["Flex","Anger"],"picked":"Seeing Red","floor":11.0},{"not_picked":["Feel No Pain","Havoc"],"picked":"Disarm","floor":14.0},{"not_picked":["Berserk","Feed"],"picked":"Corruption","floor":16.0},{"not_picked":["Cleave","Twin Strike"],"picked":"Shrug It Off+1","floor":18.0},{"not_picked":["True Grit","Fire Breathing","Warcry"],"picked":"SKIP","floor":19.0},{"not_picked":["Anger","Wild Strike"],"picked":"Sword Boomerang","floor":20.0},{"not_picked":["Clothesline","Shrug It Off"],"picked":"Burning Pact+1","floor":23.0},{"not_picked":["Burning Pact","Power Through"],"picked":"Offering","floor":25.0},{"not_picked":["Heavy Blade","Warcry"],"picked":"Impervious","floor":27.0},{"not_picked":["Pommel Strike","Fire Breathing+1"],"picked":"Spot Weakness+1","floor":29.0},{"not_picked":["Iron Wave","True Grit"],"picked":"Thunderclap+1","floor":31.0},{"not_picked":["Feed","Double Tap"],"picked":"Reaper","floor":33.0},{"not_picked":["Thunderclap","Searing Blow","Wild Strike"],"picked":"SKIP","floor":35.0},{"not_picked":["Rampage","Carnage"],"picked":"Headbutt+1","floor":38.0},{"not_picked":["Havoc","Clash"],"picked":"Sentinel","floor":39.0},{"not_picked":["Havoc","Combust","Clash+1"],"picked":"SKIP","floor":41.0},{"not_picked":["Entrench","Heavy Blade"],"picked":"Spot Weakness","floor":45.0},{"not_picked":["Cleave+1","Clash+1","Searing Blow+1"],"picked":"SKIP","floor":47.0},{"not_picked":["True Grit","Havoc","Metallicize"],"picked":"SKIP","floor":48.0},{"not_picked":["Anger","Carnage+1"],"picked":"Feel No Pain+1","floor":55.0}],"player_experience":1100032,"relics_obtained":[{"floor":7.0,"key":"Odd Mushroom"},{"floor":9.0,"key":"TungstenRod"},{"floor":11.0,"key":"Art of War"},{"floor":14.0,"key":"Self Forming Clay"},{"floor":23.0,"key":"Peace Pipe"},{"floor":25.0,"key":"Bag of Marbles"},{"floor":27.0,"key":"Kunai"},{"floor":30.0,"key":"Girya"},{"floor":30.0,"key":"Bottled Lightning"},{"floor":41.0,"key":"Incense Burner"},{"floor":47.0,"key":"InkBottle"},{"floor":55.0,"key":"Anchor"}],"event_choices":[{"damage_healed":0.0,"max_hp_gain":0.0,"max_hp_loss":0.0,"gold_gain":0.0,"event_name":"Scrap Ooze","player_choice":"Fled","floor":4.0,"gold_loss":0.0,"damage_taken":0.0},{"damage_healed":0.0,"max_hp_gain":0.0,"max_hp_loss":0.0,"gold_gain":0.0,"event_name":"Mushrooms","player_choice":"Fought Mushrooms","floor":7.0,"gold_loss":0.0,"damage_taken":0.0},{"cards_removed":["Strike_R"],"damage_healed":0.0,"max_hp_gain":0.0,"max_hp_loss":0.0,"gold_gain":0.0,"event_name":"Golden Wing","player_choice":"Card Removal","floor":13.0,"gold_loss":0.0,"damage_taken":7.0},{"damage_healed":0.0,"max_hp_gain":0.0,"max_hp_loss":0.0,"gold_gain":0.0,"cards_transformed":["Strike_R","Strike_R"],"event_name":"Drug Dealer","player_choice":"Became Test Subject","floor":21.0,"gold_loss":0.0,"damage_taken":0.0,"cards_obtained":["Corruption","Twin Strike"]},{"damage_healed":0.0,"max_hp_gain":0.0,"max_hp_loss":0.0,"gold_gain":0.0,"event_name":"Colosseum","player_choice":"Fight","floor":30.0,"gold_loss":0.0,"damage_taken":0.0},{"damage_healed":0.0,"max_hp_gain":0.0,"max_hp_loss":0.0,"gold_gain":0.0,"event_name":"Colosseum","player_choice":"Fought Nobs","floor":30.0,"gold_loss":0.0,"damage_taken":0.0},{"cards_removed":["Offering"],"damage_healed":0.0,"max_hp_gain":0.0,"max_hp_loss":0.0,"gold_gain":0.0,"event_name":"Falling","player_choice":"Removed Skill","floor":36.0,"gold_loss":0.0,"damage_taken":0.0}],"is_beta":true,"boss_relics":[{"not_picked":["Runic Pyramid","Philosopher\u0027s Stone"],"picked":"Cursed Key"},{"not_picked":["Velvet Choker","Black Star"],"picked":"Empty Cage"}],"items_purged_floors":[3],"is_endless":false,"potions_floor_spawned":[5,7,11,16,20,23,29,30,31,33,35,45,48],"ascension_level":20}}