{"host":"312klq0911jlgvh2","time":1612047067,"event":{"mods":["100% Spire Juice","2.2 Compatiblity","AchievementEnabler","Act Like it!","Ascension Unlocker","Aspiration","Astrologer","BaseMod","Beaked The Cultist","Block Reminder","Chen","Clockwork Mod","Colored Powertips","Conspire","Custom Start","Downfall","Energized Spire","Evolution","Friendly Minions","Gensokyo","GifTheSpireLib","Gold Saver","GungeonMod","Halation","Hermit","HololiveMod","Hubris","Infinite Spire","Jedi Mod","Koishi","Marisa????????","Mimic Mod","Minty Spire (QoL Compilation)","Prisma Mod","Random Character Button","Reimu??????","Relic Sorter","Reliquary","Remilia??????","Replay The Spire","Retaliation","RumiaBox-????????","Spikes Relics","StS++","StSLib","Stuff the Spire","Synergy Search","The Animator","The Blue Laboratory","The Bug Knight","The Poker Player","TheVacant","Trackpad","Uncapped","UnlockEverythingMod","yUi"],"gold_per_floor":[326,358,369,369,386,386,418,416,416,430,430,442,473,490,490,586,586,602,527,540,540,555,555,555,555,593,48,62,94,105,121,121,224,224,241,241,259,258,268,296,296,309,346,346,366,383,383,383,383,383],"floor_reached":51,"language":"ENG","playtime":2666,"items_purged":[],"score":815,"play_id":"c6173aff-10b1-42ee-9ce8-327e0ca84707","local_time":"20210130175107","is_ascension_mode":false,"campfire_choices":[{"data":"Bash","floor":6.0,"key":"SMITH"},{"data":"Uppercut","floor":11.0,"key":"SMITH"},{"data":"Sword Boomerang","floor":15.0,"key":"SMITH"},{"data":"Replay:Undeath\u0027s Touch","floor":23.0,"key":"SMITH"},{"data":"ReplayTheSpireMod:Strike From Hell","floor":25.0,"key":"SMITH"},{"data":"Defend_R","floor":32,"key":"SMITH"},{"data":"infinitespire:FinalStrike","floor":41,"key":"SMITH"},{"floor":49,"key":"RECALL"},{"data":"infinitespire:SevenWalls","floor":49,"key":"SMITH"}],"circlet_count":0,"master_deck":["ReplayTheSpireMod:Strike From Hell+1","ReplayTheSpireMod:Strike From Hell","Strike_R","Strike_R","Strike_R","Defend_R+1","Defend_R","Defend_R","Bash+1","Replay:Undeath\u0027s Touch+1","Sword Boomerang+1","Uppercut+1","Iron Wave","DDmod:SpikedSkill+1","Shrug It Off+1","Flame Barrier+1","ReplayTheSpireMod:Limb From Limb","Cleave","Flame Barrier+1","conspire:ExplosiveBarrier+1","True Grit+1","infinitespire:Collect+1","Double Tap+1","Infernal Blade+1","Crow Ritual","Jack Of All Trades+1","Armaments+1","StSpp:CounterStrike+1","DDmod:RechargeSkill+1","DDmod:UnstoppableAttack+1","infinitespire:FinalStrike+1","Spot Weakness+1","Metallicize","Warcry+1","Shrug It Off+1","Fire Breathing+1","Replay:Undeath\u0027s Touch+1","CurseOfTheBell","CurseOfTheBell","Fire Breathing+1","infinitespire:SevenWalls+1"],"relics":["Burning Blood","EVO:Axolotl","reliquary:PorcupineQuills","Toxic Egg 2","AntiCross","DemoMod:ClearGuonStone","Garlic","energizedSpire:OgreHead","MiniBlackHole","halation:EternalFortune","Onion Ring","SnailShell","King of Hearts","halation:TwoAmDonut","Painkiller Herb","reliquary:RoseTintedGlasses","Replay:Bronze Core","DemoMod:GlassGuonStoneRelic","StSpp:WoodenStick","halation:PenCase","downfall:ExtraCursedBell","beaked:ShinyBauble","hubris:CuriousFeather","DemoMod:WeirdEgg"],"acts_visited":["Exordium","TheCity","TheBeyond"],"potions_floor_usage":[50,50],"damage_taken":[{"damage":0.0,"enemies":"2 Louse","floor":1.0,"turns":3.0},{"damage":23.0,"enemies":"conspire:MimicChest","floor":2.0,"turns":4.0},{"damage":6.0,"enemies":"Jaw Worm","floor":3.0,"turns":3.0},{"damage":5.0,"enemies":"Small Slimes","floor":5.0,"turns":3.0},{"damage":25.0,"enemies":"Lagavulin","floor":7.0,"turns":8.0},{"damage":1.0,"enemies":"Exordium Wildlife","floor":8.0,"turns":3.0},{"damage":5.0,"enemies":"Gremlin Gang","floor":10.0,"turns":4.0},{"damage":1.0,"enemies":"3 Louse","floor":12.0,"turns":3.0},{"damage":15.0,"enemies":"3 Sentries","floor":13.0,"turns":5.0},{"damage":0.0,"enemies":"Blue Slaver","floor":14.0,"turns":2.0},{"damage":27.0,"enemies":"The Guardian","floor":16.0,"turns":5.0},{"damage":0.0,"enemies":"3 Byrds","floor":18.0,"turns":1.0},{"damage":0.0,"enemies":"2 Thieves","floor":20.0,"turns":3.0},{"damage":4.0,"enemies":"Snake Plant","floor":22.0,"turns":3.0},{"damage":0.0,"enemies":"Snecko","floor":26.0,"turns":3.0},{"damage":0.0,"enemies":"Snecko","floor":28.0,"turns":3.0},{"damage":0.0,"enemies":"Book of Stabbing","floor":29.0,"turns":3.0},{"damage":0,"enemies":"Shelled Parasite and Fungi","floor":30,"turns":3},{"damage":2,"enemies":"3 Cultists","floor":31,"turns":4},{"damage":14,"enemies":"Collector","floor":33,"turns":7},{"damage":0,"enemies":"3 Shapes","floor":35,"turns":3},{"damage":0,"enemies":"3 Darklings","floor":37,"turns":4},{"damage":0,"enemies":"Transient","floor":38,"turns":5},{"damage":0,"enemies":"Jaw Worm Horde","floor":39,"turns":4},{"damage":7,"enemies":"HollowMod:StalkingDevout","floor":40,"turns":6},{"damage":2,"enemies":"Spire Growth","floor":42,"turns":4},{"damage":0,"enemies":"Transient","floor":43,"turns":5},{"damage":0,"enemies":"Transient","floor":45,"turns":5},{"damage":0,"enemies":"Maw","floor":46,"turns":5},{"damage":0,"enemies":"Awakened One","floor":50,"turns":8}],"seed_played":"-4170975625502050184","potions_obtained":[{"floor":3.0,"key":"EssenceOfSteel"},{"floor":5.0,"key":"ZuzhouPotion:ReiMu"},{"floor":8.0,"key":"DDmod:CleansePotion"},{"floor":13.0,"key":"BlessingOfTheForge"},{"floor":18.0,"key":"SpeedPotion"},{"floor":22.0,"key":"blueLaboratory:BottledHope"},{"floor":29,"key":"blueLaboratory:FrostheartPotion"},{"floor":45,"key":"hexamod:SoulburnPotion"}],"is_trial":false,"path_per_floor":["M","?","M","?","M","R","E","M","T","M","R","M","E","M","R","B",null,"M","?","M","AVR","M","R","?","R","MIM","$","M","E","M","M","R","B",null,"?","AVR","?","?","?","E","T","?","MIM","?","?","?","?","?","T","B",null],"character_chosen":"IRONCLAD","items_purchased":["SnailShell","Crow Ritual","Jack Of All Trades+1","King of Hearts"],"campfire_rested":0,"item_purchase_floors":[27,27,27,27],"current_hp_per_floor":[80,63,63,63,64,64,45,50,50,51,51,56,47,53,53,32,80,80,80,80,80,80,80,83,83,83,83,86,86,86,86,86,78,86,86,86,86,86,86,85,85,86,86,86,86,86,86,65,65,86],"gold":383,"neow_bonus":"TRANSFORM_CARD","is_daily":false,"chose_seed":false,"campfire_upgraded":8,"win_rate":0.0,"timestamp":1612047067,"path_taken":["M","?","M","?","?","R","E","?","T","M","R","M","E","M","R","BOSS","M","?","M","AVR","M","R","?","R","MIM","$","M","E","M","M","R","BOSS","?","AVR","?","?","?","E","T","?","MIM","?","?","?","?","?","T","BOSS"],"items_purchased_type":["Relic","Card","Card","Relic"],"build_version":"2020-12-22","purchased_purges":0,"victory":true,"max_hp_per_floor":[80,80,80,80,80,80,80,80,80,80,80,80,80,80,80,80,80,80,80,80,80,80,80,83,83,83,83,86,86,86,86,86,86,86,86,86,86,86,86,86,86,86,86,86,86,86,86,86,86,86],"card_choices":[{"not_picked":["Body Slam","StSpp:CounterStrike"],"picked":"Sword Boomerang","floor":1.0},{"not_picked":["Pommel Strike","Defy Death"],"picked":"Uppercut","floor":2.0},{"not_picked":["DDmod:EasePowerCard","DDmod:SpikeMailSkill"],"picked":"Iron Wave","floor":3.0},{"not_picked":["Clothesline","Anger"],"picked":"DDmod:SpikedSkill+1","floor":5.0},{"not_picked":["Bludgeon","Wild Strike"],"picked":"Shrug It Off+1","floor":7.0},{"not_picked":["Combust","DDmod:CallousedSkill+1","Flex+1"],"picked":"SKIP","floor":8.0},{"not_picked":["StSpp:CounterStrike+1","Anger"],"picked":"Flame Barrier+1","floor":10.0},{"not_picked":["Second Wind+1","Flex+1"],"picked":"ReplayTheSpireMod:Limb From Limb","floor":12.0},{"not_picked":["Warcry+1","Clash"],"picked":"Cleave","floor":13.0},{"not_picked":["Pommel Strike","StSpp:Succumb+1"],"picked":"Flame Barrier+1","floor":14.0},{"not_picked":["StSpp:CounterStrike+1","StuffTheSpire:RockThrow+1"],"picked":"conspire:ExplosiveBarrier+1","floor":18.0},{"not_picked":["DDmod:PokeAttack","Clash"],"picked":"True Grit+1","floor":20.0},{"not_picked":["Warcry+1","Whirlwind"],"picked":"Double Tap+1","floor":22.0},{"not_picked":["Heavy Blade","StuffTheSpire:RockThrow+1"],"picked":"Infernal Blade+1","floor":26.0},{"not_picked":["StSpp:Succumb+1","Run Through"],"picked":"Armaments+1","floor":28.0},{"not_picked":["Dropkick","DDmod:SpikeShotSkill+1","DemoMod:BlackBlade+1"],"picked":"SKIP","floor":29},{"not_picked":["StuffTheSpire:Incineration","Wild Strike","StSpp:TheBiggerTheyAre"],"picked":"SKIP","floor":30},{"not_picked":["ReplayTheSpireMod:LeadingStrike","Flex+1"],"picked":"StSpp:CounterStrike+1","floor":31},{"not_picked":["DDmod:GrandUltimatumAttack","Eclipse+1"],"picked":"DDmod:RechargeSkill+1","floor":33},{"not_picked":["jedi:suffering+1","StSpp:Succumb+1"],"picked":"DDmod:UnstoppableAttack+1","floor":35},{"not_picked":["Clash+1","DDmod:CallousedSkill+1"],"picked":"Spot Weakness+1","floor":37},{"not_picked":["Replay:Undeath\u0027s Touch","Twin Strike+1"],"picked":"Metallicize","floor":38},{"not_picked":["StSpp:Succumb+1","Clothesline+1"],"picked":"Warcry+1","floor":39},{"not_picked":["Body Slam","Run Through+1"],"picked":"Shrug It Off+1","floor":40},{"not_picked":["Blood for Blood","StSpp:CounterStrike+1"],"picked":"Fire Breathing+1","floor":42},{"not_picked":["Fiend Fire","StuffTheSpire:BloodClot+1"],"picked":"Replay:Undeath\u0027s Touch+1","floor":43},{"not_picked":["DDmod:CallousedSkill+1","Power Through+1","Wild Strike"],"picked":"SKIP","floor":45},{"not_picked":["True Grit+1","Blood for Blood+1"],"picked":"Fire Breathing+1","floor":46},{"not_picked":["Replay:Fractal Strike","infinitespire:Menacing"],"picked":"infinitespire:SevenWalls","floor":48}],"player_experience":548184,"relics_obtained":[{"floor":2.0,"key":"reliquary:PorcupineQuills"},{"floor":7.0,"key":"AntiCross"},{"floor":9.0,"key":"DemoMod:ClearGuonStone"},{"floor":13.0,"key":"Garlic"},{"floor":26.0,"key":"Onion Ring"},{"floor":28.0,"key":"halation:EternalFortune"},{"floor":29,"key":"halation:TwoAmDonut"},{"floor":40,"key":"StSpp:WoodenStick"},{"floor":43,"key":"halation:PenCase"},{"floor":44,"key":"beaked:ShinyBauble"},{"floor":44,"key":"hubris:CuriousFeather"},{"floor":44,"key":"DemoMod:WeirdEgg"}],"event_choices":[{"cards_removed":["Injury"],"damage_healed":0.0,"max_hp_gain":0.0,"max_hp_loss":0.0,"gold_gain":0.0,"event_name":"Beggar","player_choice":"Gave Gold","floor":19.0,"gold_loss":75.0,"damage_taken":0.0}],"is_beta":false,"boss_relics":[{"not_picked":["Cursed Key","StSpp:Magatama"],"picked":"energizedSpire:OgreHead"},{"not_picked":["StSpp:CrystalBall","jedi:hotpepper"],"picked":"Painkiller Herb"}],"items_purged_floors":[],"is_endless":false,"potions_floor_spawned":[3,5,8,13,18,22,29,33,35,40,45,46],"ascension_level":0}}