{"host":"5yoj846f700ld8qy","time":1612044555,"event":{"mods":["AchievementEnabler","Aspiration","BaseMod","Better Altar","Better Match","Better Note","Better Sensory Stone","Better Skull","Better Third Choice","Colored Map","Colored Powertips","Minty Spire (QoL Compilation)","StSLib","UnlockEverythingMod"],"gold_per_floor":[10,10,10,30,40,40,55,83,83,116,132,132,145,161,161,161,161],"floor_reached":16,"language":"ENG","playtime":716,"items_purged":[],"score":278,"play_id":"311ca991-0c93-4cc4-b97b-59079bb33db4","local_time":"20210131000915","is_ascension_mode":true,"campfire_choices":[{"floor":6,"key":"REST"},{"floor":15,"key":"REST"}],"circlet_count":0,"master_deck":["AscendersBane","Strike_G","Strike_G","Strike_G","Strike_G","Defend_G","Defend_G+1","Defend_G","Defend_G","Defend_G","Survivor","Neutralize","Riddle With Holes","Concentrate","Dagger Throw","Backflip+1","Choke","Dagger Spray","PiercingWail","Eviscerate"],"relics":["Ring of the Snake","Tough Bandages","Anchor","Question Card","aspiration:AnachronicSnailShell","War Paint"],"acts_visited":["Exordium"],"potions_floor_usage":[8,8,11,13],"damage_taken":[{"damage":11,"enemies":"Small Slimes","floor":1,"turns":5},{"damage":1,"enemies":"Cultist","floor":4,"turns":4},{"damage":10,"enemies":"Jaw Worm","floor":5,"turns":5},{"damage":10,"enemies":"Exordium Wildlife","floor":7,"turns":4},{"damage":0,"enemies":"Gremlin Nob","floor":8,"turns":1},{"damage":11,"enemies":"3 Sentries","floor":10,"turns":11},{"damage":12,"enemies":"Large Slime","floor":11,"turns":6},{"damage":1,"enemies":"Exordium Thugs","floor":13,"turns":4},{"damage":2,"enemies":"Looter","floor":14,"turns":3},{"damage":21,"enemies":"The Guardian","floor":16,"turns":3}],"seed_played":"-236587220487942939","potions_obtained":[{"floor":1,"key":"SteroidPotion"},{"floor":4,"key":"DuplicationPotion"},{"floor":8,"key":"DuplicationPotion"},{"floor":11,"key":"ColorlessPotion"}],"is_trial":false,"path_per_floor":["M","?","?","M","M","R","M","E","T","E","M","?","M","M","R","B"],"character_chosen":"THE_SILENT","items_purchased":[],"campfire_rested":2,"item_purchase_floors":[],"current_hp_per_floor":[48,30,30,29,19,38,28,28,28,17,5,5,4,2,21,0,0],"gold":161,"neow_bonus":"ONE_RARE_RELIC","is_daily":false,"chose_seed":false,"campfire_upgraded":0,"win_rate":0.0,"timestamp":1612044555,"path_taken":["M","?","?","M","M","R","M","E","T","E","M","?","?","M","R","BOSS"],"items_purchased_type":[],"build_version":"2020-12-22","purchased_purges":0,"victory":false,"max_hp_per_floor":[66,66,66,66,66,66,66,66,66,66,66,66,66,66,66,66,66],"card_choices":[{"not_picked":["Cloak And Dagger","Choke"],"picked":"Riddle With Holes","floor":1},{"not_picked":["Slice","Blur"],"picked":"Concentrate","floor":4},{"not_picked":["Flechettes","Masterful Stab"],"picked":"Dagger Throw","floor":5},{"not_picked":["Outmaneuver","Quick Slash"],"picked":"Backflip","floor":7},{"not_picked":["Flechettes","Finisher"],"picked":"Choke","floor":8},{"not_picked":["Cloak And Dagger","Backstab","Well Laid Plans"],"picked":"Dagger Spray","floor":10},{"not_picked":["Finisher","Backstab","Dodge and Roll"],"picked":"PiercingWail","floor":11},{"not_picked":["Bane","Backstab","Heel Hook"],"picked":"Eviscerate","floor":13},{"not_picked":["Deadly Poison","Outmaneuver","Flying Knee","Dodge and Roll"],"picked":"SKIP","floor":14}],"player_experience":420148,"relics_obtained":[{"floor":8,"key":"Question Card"},{"floor":9,"key":"aspiration:AnachronicSnailShell"},{"floor":10,"key":"War Paint"}],"event_choices":[{"damage_healed":0,"gold_gain":0,"player_choice":"Relic ","damage_taken":18,"max_hp_gain":0,"max_hp_loss":0,"event_name":"betterThird:BetterScrap","floor":2,"gold_loss":0,"cards_obtained":["Offering"]},{"damage_healed":0,"gold_gain":0,"player_choice":"Ignored","damage_taken":0,"max_hp_gain":0,"max_hp_loss":0,"event_name":"Golden Wing","floor":3,"gold_loss":0},{"cards_removed":["Strike_G"],"damage_healed":0,"gold_gain":0,"player_choice":"Offered Basic","damage_taken":0,"max_hp_gain":0,"max_hp_loss":0,"event_name":"Bonfire Elementals","floor":12,"gold_loss":0}],"is_beta":false,"boss_relics":[],"items_purged_floors":[],"is_endless":false,"potions_floor_spawned":[1,4,5,8,11],"killed_by":"The Guardian","ascension_level":20}}