{"host":"1c52r9kaxdyo25eq","time":1612004766,"event":{"mods":["AchievementEnabler","BaseMod","DeckTracker","Minty Spire (QoL Compilation)","Rare Cards Sparkle","SuperFastMode","everything is the same but u backflip on backflip"],"gold_per_floor":[114,114,114,39,51,83,111,123,159,171,198,210,322,351,363,446,458,485,526,549,576,588,600,447,447,447,477,477,477,215,215,215],"floor_reached":31,"language":"KOR","playtime":916,"items_purged":["Strike_R","Strike_R"],"score":464,"play_id":"3a656483-f8a1-42ad-b9c8-377176a39aa2","local_time":"20210130200606","is_ascension_mode":true,"campfire_choices":[{"data":"Pommel Strike","floor":10,"key":"SMITH"},{"data":"Uppercut","floor":15,"key":"SMITH"},{"data":"Shrug It Off","floor":23,"key":"SMITH"},{"data":"Armaments","floor":28,"key":"SMITH"}],"circlet_count":0,"master_deck":["AscendersBane","Defend_R+1","Defend_R","Defend_R+1","Bash","Shrug It Off+1","Uppercut+1","Power Through","Pommel Strike+1","Barricade","Armaments+1","Body Slam","Dark Embrace"],"relics":["Burning Blood","War Paint","Centennial Puzzle","MawBank","Juzu Bracelet","Snecko Eye","Red Mask","Self Forming Clay","Toxic Egg 2","Dream Catcher"],"acts_visited":["Exordium","TheCity"],"potions_floor_usage":[12,16,19,19,27,31],"damage_taken":[{"damage":11.0,"enemies":"Jaw Worm","floor":1.0,"turns":3.0},{"damage":0.0,"enemies":"2 Louse","floor":5.0,"turns":2.0},{"damage":24.0,"enemies":"Gremlin Nob","floor":6.0,"turns":4.0},{"damage":15.0,"enemies":"Small Slimes","floor":7.0,"turns":5.0},{"damage":0,"enemies":"2 Fungi Beasts","floor":11,"turns":4},{"damage":25,"enemies":"Gremlin Gang","floor":14,"turns":8},{"damage":17,"enemies":"The Guardian","floor":16,"turns":13},{"damage":7,"enemies":"3 Byrds","floor":18,"turns":8},{"damage":53,"enemies":"Masked Bandits","floor":19,"turns":6},{"damage":0,"enemies":"Shell Parasite","floor":20,"turns":3},{"damage":12,"enemies":"Shelled Parasite and Fungi","floor":21,"turns":5},{"damage":35,"enemies":"Book of Stabbing","floor":27,"turns":8},{"damage":51,"enemies":"3 Cultists","floor":31,"turns":9}],"seed_played":"5156989436283974173","potions_obtained":[{"floor":5.0,"key":"Fruit Juice"},{"floor":6.0,"key":"Swift Potion"},{"floor":12,"key":"Energy Potion"},{"floor":18,"key":"BloodPotion"},{"floor":19,"key":"FairyPotion"},{"floor":20,"key":"LiquidBronze"},{"floor":27,"key":"Swift Potion"}],"is_trial":false,"path_per_floor":["M","?","?","?","M","E","M","?","T","R","M","?","?","M","R","B",null,"M","?","M","M","?","R","$","?","T","E","R","?","$","M"],"character_chosen":"IRONCLAD","items_purchased":["Dark Embrace","Dream Catcher"],"campfire_rested":0,"item_purchase_floors":[24,30],"current_hp_per_floor":[63,58,51,51,57,39,30,30,30,30,36,41,41,22,22,11,63,62,31,37,31,80,80,80,80,80,51,51,28,28,19,19],"gold":215,"neow_bonus":"RANDOM_COMMON_RELIC","is_daily":false,"chose_seed":false,"campfire_upgraded":4,"win_rate":0.0,"timestamp":1612004766,"path_taken":["M","?","?","?","M","E","M","?","T","R","M","?","?","M","R","BOSS","M","?","M","M","?","R","$","?","T","E","R","?","$","M"],"items_purchased_type":["Card","Relic"],"build_version":"2020-12-22","purchased_purges":2,"victory":false,"max_hp_per_floor":[75,75,75,75,75,75,75,75,75,75,75,80,80,80,80,80,80,80,80,80,80,80,80,80,80,80,80,80,85,85,85,85],"card_choices":[{"not_picked":["Twin Strike","Inflame"],"picked":"Shrug It Off","floor":1.0},{"not_picked":["Clash","Armaments"],"picked":"Uppercut","floor":5.0},{"not_picked":["Sever Soul","Intimidate"],"picked":"Power Through","floor":6.0},{"not_picked":["Hemokinesis","Twin Strike"],"picked":"Pommel Strike","floor":7.0},{"not_picked":["Uppercut","Disarm","Ghostly Armor"],"picked":"SKIP","floor":11},{"not_picked":["Spot Weakness","Searing Blow","Pommel Strike"],"picked":"SKIP","floor":14},{"not_picked":["Juggernaut","Feed"],"picked":"Barricade","floor":16},{"not_picked":["Heavy Blade+1","Power Through"],"picked":"Armaments","floor":18},{"not_picked":["Clothesline","Thunderclap"],"picked":"Body Slam","floor":19},{"not_picked":["Warcry+1","Power Through","Shrug It Off"],"picked":"SKIP","floor":20},{"not_picked":["Intimidate","Dual Wield","Headbutt"],"picked":"SKIP","floor":21},{"not_picked":["Seeing Red+1","Armaments+1","Iron Wave"],"picked":"SKIP","floor":27}],"player_experience":632911,"relics_obtained":[{"floor":6.0,"key":"MawBank"},{"floor":9,"key":"Juzu Bracelet"},{"floor":19,"key":"Red Mask"},{"floor":26,"key":"Self Forming Clay"},{"floor":27,"key":"Toxic Egg 2"}],"event_choices":[{"damage_healed":0.0,"max_hp_gain":0.0,"max_hp_loss":0.0,"gold_gain":0.0,"event_name":"Scrap Ooze","player_choice":"Success","floor":2.0,"gold_loss":0.0,"damage_taken":5.0,"relics_obtained":["Centennial Puzzle"]},{"cards_removed":["Defend_R"],"damage_healed":0.0,"max_hp_gain":0.0,"max_hp_loss":0.0,"gold_gain":0.0,"event_name":"Golden Wing","player_choice":"Card Removal","floor":3.0,"gold_loss":0.0,"damage_taken":7.0},{"cards_removed":["Strike_R"],"damage_healed":0.0,"max_hp_gain":0.0,"max_hp_loss":0.0,"gold_gain":0.0,"event_name":"The Cleric","player_choice":"Card Removal","floor":4.0,"gold_loss":75.0,"damage_taken":0.0},{"cards_removed":["Strike_R"],"damage_healed":0,"gold_gain":0,"player_choice":"Forget","damage_taken":0,"max_hp_gain":0,"max_hp_loss":0,"event_name":"Living Wall","floor":8,"gold_loss":0},{"damage_healed":0,"gold_gain":0,"player_choice":"Got Potions","damage_taken":0,"max_hp_gain":0,"max_hp_loss":0,"event_name":"Lab","floor":12,"gold_loss":0},{"damage_healed":0,"gold_gain":100,"player_choice":"Gold","damage_taken":0,"max_hp_gain":0,"max_hp_loss":0,"event_name":"Wheel of Change","floor":13,"gold_loss":0},{"damage_healed":0,"gold_gain":0,"player_choice":"Fought Bandits","damage_taken":0,"max_hp_gain":0,"max_hp_loss":0,"event_name":"Masked Bandits","floor":19,"gold_loss":0},{"damage_healed":49,"gold_gain":0,"player_choice":"Full Heal","damage_taken":0,"max_hp_gain":0,"max_hp_loss":0,"event_name":"Wheel of Change","floor":22,"gold_loss":0},{"cards_removed":["Strike_R"],"damage_healed":0,"gold_gain":0,"player_choice":"Elegance","damage_taken":0,"max_hp_gain":0,"max_hp_loss":0,"event_name":"Back to Basics","floor":25,"gold_loss":0},{"damage_healed":0,"gold_gain":0,"player_choice":"Shed Blood","damage_taken":28,"max_hp_gain":5,"max_hp_loss":0,"event_name":"Forgotten Altar","floor":29,"gold_loss":0}],"is_beta":false,"boss_relics":[{"not_picked":["Black Star","Runic Dome"],"picked":"Snecko Eye"}],"items_purged_floors":[24,30],"is_endless":false,"potions_floor_spawned":[5,6,14,18,19,20,27],"killed_by":"3 Cultists","ascension_level":17}}