{"host":"0hb9w7uizu7y13wj","time":1612030172,"event":{"mods":["Act Like it!","Aspiration","BaseMod","BetterRewards","Colored Map","Conspire","Downfall","Energized Spire","FTL Soundtrack","Friendly Minions","Halation","Hubris","Infinite Spire","Minty Spire (QoL Compilation)","Quick Restart","Replay The Spire","StSLib","Synergy Search","The Hierophant","The Jungle","The Poker Player","Trackpad","everything is the same but u backflip on backflip"],"gold_per_floor":[131,142,174,174,204,204,229,35,87,134,134,208,246,279,279,380,380,415,469,507,389,426,426,426],"floor_reached":23,"language":"ENG","playtime":1305,"items_purged":[],"score":501,"play_id":"a9801789-7a81-47d8-a5f8-56ec82dd5c90","local_time":"20210130180932","is_ascension_mode":true,"campfire_choices":[{"data":"Zap","floor":6,"key":"SMITH"},{"data":"Echo Form","floor":15,"key":"SMITH"}],"circlet_count":0,"master_deck":["AscendersBane","Strike_B","Strike_B","Strike_B","Strike_B","Defend_B","Defend_B+1","Defend_B","Defend_B","Zap+1","Dualcast","Self Repair","Self Repair","hubris:EnhanceAbility","FIFO Queue","ReplayUltimateDefense","HandOfGreed","Coolheaded","Sunder","Echo Form+1","Doom and Gloom","Biased Cognition","Glacier+1"],"relics":["Cracked Core","Raider\u0027s Mask","infinitespire:Freezer","halation:Trompette","trackpad:BiPhaseBiplane","conspire:IceCreamScoop","Onion Ring","Darkstone Periapt","hubris:TinFlute","trackpad:AdjectivePendant","trackpad:Mousetrap","Omamori","hubris:ToyBattleship","War Paint"],"acts_visited":["Exordium","TheCity"],"potions_floor_usage":[7,16,20],"damage_taken":[{"damage":0,"enemies":"conspire:RoseBush","floor":1,"turns":4},{"damage":5,"enemies":"Jaw Worm","floor":2,"turns":3},{"damage":0,"enemies":"Cultist","floor":3,"turns":3},{"damage":0,"enemies":"2 Fungi Beasts","floor":5,"turns":4},{"damage":22,"enemies":"Gremlin Nob","floor":7,"turns":4},{"damage":4,"enemies":"Replay:BlueRogue","floor":10,"turns":7},{"damage":20,"enemies":"3 Sentries","floor":12,"turns":8},{"damage":1,"enemies":"Gremlin Gang","floor":13,"turns":3},{"damage":13,"enemies":"3 Louse","floor":14,"turns":3},{"damage":47,"enemies":"The Guardian","floor":16,"turns":10},{"damage":39,"enemies":"Shell Parasite","floor":18,"turns":6},{"damage":14,"enemies":"3 Byrds","floor":20,"turns":7},{"damage":16,"enemies":"Centurion and Healer","floor":22,"turns":9},{"damage":27,"enemies":"conspire:SneckoGhost","floor":23,"turns":5}],"seed_played":"-1032687549854435225","potions_obtained":[{"floor":1,"key":"Swift Potion"},{"floor":5,"key":"Swift Potion"},{"floor":12,"key":"Languid Potion"},{"floor":16,"key":"FocusPotion"},{"floor":22,"key":"SpeedPotion"}],"is_trial":false,"path_per_floor":["M","M","M","?","M","R","E","$","T","E","?","E","M","M","R","B",null,"M","T","M","?","M","E"],"character_chosen":"DEFECT","items_purchased":["Raider\u0027s Mask","infinitespire:Freezer","Self Repair","trackpad:BiPhaseBiplane","hubris:EnhanceAbility","FIFO Queue","ReplayUltimateDefense","Onion Ring","Darkstone Periapt","HandOfGreed","trackpad:AdjectivePendant","Sunder"],"campfire_rested":0,"item_purchase_floors":[0,0,0,0,0,0,0,0,0,0,8,8],"current_hp_per_floor":[35,44,58,58,72,72,57,57,57,67,67,61,74,75,75,49,69,44,44,44,44,42,15,15],"gold":426,"neow_bonus":"","is_daily":false,"chose_seed":false,"campfire_upgraded":2,"win_rate":0.0,"timestamp":1612030172,"path_taken":["M","M","M","?","M","R","E","$","T","E","?","E","?","M","R","BOSS","M","?","M","?","M","E"],"items_purchased_type":["Relic","Relic","Card","Relic","Card","Card","Card","Relic","Relic","Card","Relic","Card"],"build_version":"2020-12-22","purchased_purges":0,"victory":false,"max_hp_per_floor":[75,75,75,75,75,75,75,75,75,75,75,75,75,75,75,75,75,75,75,75,75,75,75,75],"card_choices":[{"not_picked":["Conserve Battery","Hologram","Barrage"],"picked":"SKIP","floor":1},{"not_picked":["Melter","Stack"],"picked":"Coolheaded","floor":2},{"not_picked":["Scrape","Leap","ReplayTheSpireMod:Omega Cannon"],"picked":"SKIP","floor":3},{"not_picked":["ReplayTheSpireMod:Dual Polarity","Streamline","Compile Driver"],"picked":"SKIP","floor":5},{"not_picked":["Leap","Coolheaded","Blizzard"],"picked":"SKIP","floor":7},{"not_picked":["hubris:SpecializedCircuitry","Ball Lightning"],"picked":"Echo Form","floor":10},{"not_picked":["Gash","Stack","Go for the Eyes"],"picked":"SKIP","floor":12},{"not_picked":["Time Bomb","Hologram"],"picked":"Doom and Gloom","floor":13},{"not_picked":["Sweeping Beam","Coolheaded","conspire:SharedLibrary"],"picked":"SKIP","floor":14},{"not_picked":["Hyperbeam","Buffer"],"picked":"Biased Cognition","floor":16},{"not_picked":["Go for the Eyes","Reprogram+1"],"picked":"Glacier","floor":18},{"not_picked":["Sweeping Beam","Cold Snap","Streamline"],"picked":"SKIP","floor":20},{"not_picked":["Redo","BasicCrystalCard","Hologram"],"picked":"SKIP","floor":22}],"player_experience":952293,"relics_obtained":[{"floor":7,"key":"hubris:TinFlute"},{"floor":10,"key":"trackpad:Mousetrap"},{"floor":12,"key":"Omamori"},{"floor":19,"key":"hubris:ToyBattleship"}],"event_choices":[{"damage_healed":0,"gold_gain":0,"player_choice":"Ignored","damage_taken":0,"max_hp_gain":0,"max_hp_loss":0,"event_name":"Golden Idol","floor":4,"gold_loss":0},{"damage_healed":0,"gold_gain":0,"player_choice":"Paid Gold","damage_taken":0,"relics_obtained":["War Paint"],"max_hp_gain":0,"max_hp_loss":0,"event_name":"WeMeetAgain","floor":21,"gold_loss":118}],"is_beta":false,"boss_relics":[{"not_picked":["energizedSpire:DeadBattery","halation:CatFaceCupcake","aspiration:FutureDiary"]}],"items_purged_floors":[],"is_endless":false,"potions_floor_spawned":[1,5,12,13,16,18,22],"killed_by":"conspire:SneckoGhost","ascension_level":12}}