{"host":"b5jaqh8y266k2cz4","time":1612047048,"event":{"mods":["AchievementEnabler","Aspiration","BaseMod","Colored Powertips","Conspire","Downfall","Googly Eyes","Hermit","Highlight Path","Hubris","Infinite Spire","MarisaÅiñ∂âJÅ@ñÇóùçπÅj","Mimic Mod","Minty Spire (QoL Compilation)","Replay The Spire","SOSÅiézîb?îVéqÅj","Spikes Relics","StSLib","Synergy Search","The Animator","The Cursed","The Jungle","The Necromancer","The Servant 0.9.4","The Wild Card","slay the spire mod where everything is the same but ironclad has a cowboy hat","Åyå˜î\ModÅz?ñæìIç≈?Boss"],"gold_per_floor":[111,123,139,89,89,116,116,116,116,116,38,69,69,87,87,182,182,199,211,211,225,242,277,277,287,287,287,298,313,313,43,43,147,147,161,161,176,193,47,72,88,115,115,149,149,168,168,221,221,221],"floor_reached":51,"language":"ENG","playtime":1852,"items_purged":["theWildCard:CallToAdventure"],"score":921,"play_id":"8046d489-0f2c-49c3-98b2-57c8e06ca60a","local_time":"20210130175048","is_ascension_mode":true,"campfire_choices":[{"data":"theWildCard:TheGreatSeal","floor":7,"key":"SMITH"},{"data":"theWildCard:Abstinence","floor":13,"key":"SMITH"},{"floor":15,"key":"REST"},{"data":"theWildCard:TheGreatSeal","floor":27,"key":"SMITH"},{"data":"theWildCard:Desolation","floor":30,"key":"SMITH"},{"data":"theWildCard:Desolation","floor":45,"key":"SMITH"},{"data":"theWildCard:Desolation","floor":49,"key":"SMITH"}],"circlet_count":0,"master_deck":["theWildCard:BasicStrike","theWildCard:BasicStrike","theWildCard:BasicStrike","theWildCard:BasicStrike","theWildCard:BasicDefend","theWildCard:BasicDefend","theWildCard:BasicDefend","theWildCard:BasicDefend","theWildCard:FinalHour","theWildCard:TheGreatSeal+1","theWildCard:Patience+1","theWildCard:Salvation","theWildCard:Abstinence+1","theWildCard:CryOfAgony","theWildCard:Desolation+1","theWildCard:SacrificialStroke","theWildCard:TheGreatSeal+1","Pot Of Greed","Pot Of Greed","theWildCard:Patience+1","theWildCard:Desolation+1","theWildCard:Abstinence+1","Apotheosis+1","ReplayTheSpireMod:Faulty Equipment","theWildCard:TheGreatSeal+1","Pot Of Greed+1","theWildCard:Desolation+1"],"relics":["theWildCard:VelvetContract","Pantograph","hubris:Towel","hubris:TenFootPole","Nunchaku","theWildCard:Wildcard","Grinning Jar","Toxic Egg 2","BlackRope","Cursed Key","Happy Flower","Blue Doll","Blood Vial","Replay:Accelerometer","MiniBlackHole","BranchBurnRelic"],"acts_visited":["Exordium","TheCity","TheBeyond"],"potions_floor_usage":[3,42,44,50,50,50],"damage_taken":[{"damage":0,"enemies":"2 Louse","floor":1,"turns":2},{"damage":4,"enemies":"Small Slimes","floor":2,"turns":4},{"damage":2,"enemies":"Jaw Worm","floor":3,"turns":4},{"damage":4,"enemies":"Lagavulin","floor":6,"turns":5},{"damage":8,"enemies":"3 Sentries","floor":12,"turns":8},{"damage":3,"enemies":"Exordium Wildlife","floor":14,"turns":4},{"damage":2,"enemies":"Hexaghost","floor":16,"turns":8},{"damage":1,"enemies":"Shell Parasite","floor":18,"turns":3},{"damage":0,"enemies":"3 Byrds","floor":19,"turns":2},{"damage":2,"enemies":"Snake Plant","floor":21,"turns":3},{"damage":8,"enemies":"Sentry and Sphere","floor":22,"turns":4},{"damage":4,"enemies":"Gremlin Leader","floor":23,"turns":4},{"damage":0,"enemies":"Snecko","floor":25,"turns":2},{"damage":0,"enemies":"Shelled Parasite and Fungi","floor":28,"turns":2},{"damage":3,"enemies":"Snake Plant","floor":29,"turns":2},{"damage":2,"enemies":"hubris:MusketHawk","floor":33,"turns":6},{"damage":0,"enemies":"Orb Walker","floor":35,"turns":2},{"damage":0,"enemies":"3 Darklings","floor":37,"turns":1},{"damage":6,"enemies":"Sphere and 2 Shapes","floor":38,"turns":2},{"damage":12,"enemies":"Reptomancer","floor":40,"turns":4},{"damage":11,"enemies":"Writhing Mass","floor":41,"turns":3},{"damage":3,"enemies":"R_Hoarder","floor":42,"turns":8},{"damage":0,"enemies":"Giant Head","floor":44,"turns":6},{"damage":0,"enemies":"Jaw Worm Horde","floor":46,"turns":1},{"damage":0,"enemies":"2 Orb Walkers","floor":48,"turns":1},{"damage":18,"enemies":"infinitespire:MassOfShapes","floor":50,"turns":6}],"seed_played":"-8727799354135111474","potions_obtained":[{"floor":2,"key":"Flashbang"},{"floor":3,"key":"Strength Potion"},{"floor":18,"key":"Adrenaline Potion"},{"floor":22,"key":"hexamod:SoulburnPotion"},{"floor":23,"key":"Dexterity Potion"},{"floor":25,"key":"Adrenaline Potion"},{"floor":42,"key":"AttackPotion"},{"floor":46,"key":"Ancient Potion"},{"floor":48,"key":"Dexterity Potion"}],"is_trial":false,"path_per_floor":["M","M","M","?","?","E","R","?","T","?","$","E","R","M","R","B",null,"M","M","?","M","M","E","T","M","T","R","M","M","R","$","R","B",null,"M","?","M","M","$","E","M","E","T","E","R","M","?","?","R","B",null],"character_chosen":"THE_WILD_CARD","items_purchased":["theWildCard:Abstinence","theWildCard:Desolation","theWildCard:Abstinence","Happy Flower"],"campfire_rested":1,"item_purchase_floors":[11,31,31,39],"current_hp_per_floor":[60,56,54,54,54,50,50,50,50,50,50,42,42,39,57,58,60,59,59,59,57,49,45,45,45,45,45,45,42,42,42,60,58,60,60,60,60,54,54,42,31,28,28,30,30,32,32,34,34,56],"gold":221,"neow_bonus":"ONE_RANDOM_RARE_CARD","is_daily":false,"chose_seed":false,"campfire_upgraded":6,"win_rate":0.0,"timestamp":1612047048,"path_taken":["M","M","M","?","?","E","R","?","T","?","$","E","R","M","R","BOSS","M","M","?","M","M","E","?","M","T","R","M","M","R","$","R","BOSS","M","?","M","M","$","E","M","E","T","E","R","M","?","?","R","BOSS"],"items_purchased_type":["Card","Card","Card","Relic"],"build_version":"2020-12-22","purchased_purges":1,"victory":true,"max_hp_per_floor":[60,60,60,60,60,60,60,60,60,60,60,60,60,60,60,60,60,60,60,60,60,60,60,60,60,60,60,60,60,60,60,60,60,60,60,60,60,60,60,60,60,60,60,60,60,60,60,60,60,60],"card_choices":[{"not_picked":["theWildCard:PaleRider","theWildCard:EnergizedStroke","theWildCard:Safeguard"],"picked":"SKIP","floor":1},{"not_picked":["theWildCard:Proficiency","theWildCard:SeveringSlash"],"picked":"theWildCard:TheGreatSeal","floor":2},{"not_picked":["theWildCard:TheArcanaUnleashed","theWildCard:StingingStrike"],"picked":"theWildCard:Patience","floor":3},{"not_picked":["theWildCard:Proficiency","theWildCard:ArchaicAssault"],"picked":"theWildCard:Salvation","floor":6},{"not_picked":["theWildCard:MaskChange","theWildCard:StalwartBlade"],"picked":"theWildCard:CryOfAgony","floor":12},{"not_picked":["theWildCard:StalwartBlade","theWildCard:SeveringSlash","theWildCard:Polydeuces"],"picked":"SKIP","floor":14},{"not_picked":["theWildCard:FinalHour","theWildCard:ChangingDestiny"],"picked":"theWildCard:Desolation","floor":16},{"not_picked":["theWildCard:Michael","theWildCard:MagicMettle","theWildCard:StingingStrike"],"picked":"SKIP","floor":18},{"not_picked":["theWildCard:PowerOfTheArcana","theWildCard:ArcaneArts","theWildCard:PaleRider"],"picked":"SKIP","floor":19},{"not_picked":["theWildCard:StingingStrike","theWildCard:ArcanaArtistry"],"picked":"theWildCard:SacrificialStroke","floor":21},{"not_picked":["theWildCard:MagicMettle","theWildCard:Abstinence"],"picked":"theWildCard:TheGreatSeal","floor":22},{"not_picked":["theWildCard:UnendingRitual","theWildCard:TheUniverse","theWildCard:MaskChange+1"],"picked":"SKIP","floor":23},{"not_picked":["theWildCard:Sakuya+1","theWildCard:SeveringSlash"],"picked":"theWildCard:Patience+1","floor":25},{"not_picked":["theWildCard:PaleRider+1","theWildCard:Unburden+1","theWildCard:StalwartBlade"],"picked":"SKIP","floor":28},{"not_picked":["theWildCard:MaskChange+1","theWildCard:Alice+1","theWildCard:Polydeuces+1"],"picked":"SKIP","floor":29},{"not_picked":["theWildCard:BladeOfGenerations+1","theWildCard:MagicMettle+1","theWildCard:Unburden+1"],"picked":"SKIP","floor":35},{"not_picked":["PlatinumSkin","Mind Blast"],"picked":"Apotheosis+1","floor":36},{"not_picked":["theWildCard:EnergyTheft+1","theWildCard:ArcaneArts+1","theWildCard:PaleRider+1"],"picked":"SKIP","floor":37},{"not_picked":["theWildCard:Unburden+1","theWildCard:Polydeuces+1","theWildCard:StingingStrike"],"picked":"SKIP","floor":38},{"not_picked":["theWildCard:Sakuya+1","theWildCard:SeveringSlash+1","theWildCard:PaleRider+1"],"picked":"SKIP","floor":40},{"not_picked":["theWildCard:Scathach+1","theWildCard:Michael+1","theWildCard:MasterPlan+1"],"picked":"SKIP","floor":41},{"not_picked":["theWildCard:ArcaneArts+1","theWildCard:Loki+1","theWildCard:MagicalMight+1"],"picked":"SKIP","floor":42},{"not_picked":["theWildCard:ArcaneArts+1","theWildCard:Loki+1","theWildCard:MagicalMight+1"],"picked":"SKIP","floor":42},{"not_picked":["theWildCard:Loki+1","theWildCard:StingingStrike","theWildCard:Unburden+1"],"picked":"SKIP","floor":44},{"not_picked":["theWildCard:ArcaneArts+1","theWildCard:ShieldOfMany+1"],"picked":"theWildCard:TheGreatSeal+1","floor":46},{"not_picked":["theWildCard:SacrificialStroke","theWildCard:Polydeuces+1"],"picked":"theWildCard:Desolation","floor":48}],"player_experience":334851,"relics_obtained":[{"floor":6,"key":"Pantograph"},{"floor":9,"key":"hubris:TenFootPole"},{"floor":12,"key":"Nunchaku"},{"floor":23,"key":"Grinning Jar"},{"floor":24,"key":"Toxic Egg 2"},{"floor":26,"key":"BlackRope"},{"floor":40,"key":"Blue Doll"},{"floor":42,"key":"Blood Vial"},{"floor":43,"key":"Replay:Accelerometer"},{"floor":44,"key":"MiniBlackHole"},{"floor":48,"key":"Dead Branch"}],"event_choices":[{"cards_removed":["theWildCard:Arsene"],"damage_healed":0,"gold_gain":0,"player_choice":"Card Removal","damage_taken":0,"max_hp_gain":0,"max_hp_loss":0,"event_name":"The Cleric","floor":4,"gold_loss":50},{"damage_healed":0,"gold_gain":0,"player_choice":"Ignored","damage_taken":0,"max_hp_gain":0,"max_hp_loss":0,"event_name":"Ghosts","floor":20,"gold_loss":0},{"damage_healed":0,"gold_gain":0,"player_choice":"Memory 1","damage_taken":0,"max_hp_gain":0,"max_hp_loss":0,"event_name":"SensoryStone","floor":36,"gold_loss":0},{"damage_healed":0,"gold_gain":0,"player_choice":"Leave","damage_taken":0,"max_hp_gain":0,"max_hp_loss":0,"event_name":"conspire:Investor","floor":47,"gold_loss":0},{"damage_healed":0,"gold_gain":0,"player_choice":"Fight","damage_taken":0,"max_hp_gain":0,"max_hp_loss":0,"event_name":"Mysterious Sphere","floor":48,"gold_loss":0}],"is_beta":false,"boss_relics":[{"not_picked":["Replay:Ancient Bell","aspiration:DefectSkillbook"],"picked":"theWildCard:Wildcard"},{"not_picked":["aspiration:ServantSkillbook","Busted Crown"],"picked":"Cursed Key"}],"items_purged_floors":[31],"is_endless":false,"potions_floor_spawned":[2,3,18,22,23,25,35,42,46,48],"ascension_level":2}}