{"host":"6xsbn6ynqlzwllfm","time":1612040923,"event":{"mods":["2.2 Compatiblity","BaseMod","Bestiary","Colored Map","Colored Powertips","Curses Come First","Highlight Path","Keyboard Shortcuts","Minty Spire (QoL Compilation)","Relic Stats","Slay the Relics Exporter","StSLib","SuperFastMode"],"gold_per_floor":[112,132,1,19,19,63,114,149,173,186,186,209,240,259,259,357,357,380,380,380,380,380,415,415,453,504,190,190,213,213,257,257,355,355,398,150,170,229,562,594,594,625,650,677,705,438,495,522,522,522,522,522,522,190,224,224,224],"floor_reached":56,"language":"ENG","playtime":2139,"items_purged":["Strike_P","Strike_P+1","Strike_P+1","Strike_P+1"],"score":2326,"play_id":"7d0a4129-cc32-4231-94d2-fca0dca5283a","local_time":"20210130160843","is_ascension_mode":true,"campfire_choices":[{"data":"BattleHymn","floor":11.0,"key":"SMITH"},{"data":"Worship","floor":15.0,"key":"SMITH"},{"floor":24.0,"key":"REST"},{"floor":28.0,"key":"REST"},{"floor":32.0,"key":"RECALL"},{"floor":41,"key":"REST"},{"floor":49,"key":"REST"},{"floor":53,"key":"REST"}],"circlet_count":0,"master_deck":["AscendersBane","Defend_P+1","Defend_P+1","Defend_P+1","Defend_P+1","Eruption+1","Vigilance+1","FlyingSleeves","Conclude+1","LessonLearned+1","BattleHymn+1","WheelKick","Protect+1","Worship+1","EmptyFist","Vault","Necronomicurse","MasterReality","Tantrum","Worship+1","SandsOfTime","Wish","Prostrate+1","Pray+1","ThirdEye+1","Meditate","Swivel+1"],"relics":["SacredBark","Tiny Chest","Nunchaku","Ancient Tea Set","Bag of Marbles","Strawberry","Fusion Hammer","GoldenEye","Necronomicon","MutagenicStrength","Happy Flower","MealTicket","War Paint","Membership Card","Blood Vial","Dream Catcher","Black Star","WingedGreaves","Calipers","Meat on the Bone","Whetstone","Mummified Hand","TeardropLocket","Anchor","Damaru","Shuriken","Turnip","Oddly Smooth Stone","Akabeko","ClockworkSouvenir","Question Card","Yang","Omamori","Art of War","InkBottle","Lantern","Bird Faced Urn"],"acts_visited":["Exordium","TheCity","TheBeyond","TheEnding"],"potions_floor_usage":[38,51],"damage_taken":[{"damage":0.0,"enemies":"Cultist","floor":1.0,"turns":4.0},{"damage":11.0,"enemies":"Jaw Worm","floor":2.0,"turns":6.0},{"damage":8.0,"enemies":"2 Louse","floor":4.0,"turns":3.0},{"damage":0.0,"enemies":"Lagavulin","floor":6.0,"turns":4.0},{"damage":20.0,"enemies":"3 Sentries","floor":8.0,"turns":3.0},{"damage":0.0,"enemies":"2 Fungi Beasts","floor":10.0,"turns":2.0},{"damage":12.0,"enemies":"Looter","floor":12.0,"turns":4.0},{"damage":0.0,"enemies":"Lagavulin","floor":13.0,"turns":5.0},{"damage":6.0,"enemies":"Large Slime","floor":14.0,"turns":6.0},{"damage":19.0,"enemies":"Hexaghost","floor":16.0,"turns":9.0},{"damage":10.0,"enemies":"Spheric Guardian","floor":18.0,"turns":6.0},{"damage":2.0,"enemies":"Book of Stabbing","floor":23.0,"turns":3.0},{"damage":16.0,"enemies":"Slavers","floor":25.0,"turns":4.0},{"damage":19.0,"enemies":"Book of Stabbing","floor":31.0,"turns":4.0},{"damage":42.0,"enemies":"Automaton","floor":33.0,"turns":9.0},{"damage":18.0,"enemies":"3 Shapes","floor":35.0,"turns":9.0},{"damage":20.0,"enemies":"3 Darklings","floor":37.0,"turns":8.0},{"damage":24,"enemies":"2 Orb Walkers","floor":38,"turns":4},{"damage":17,"enemies":"Giant Head","floor":40,"turns":6},{"damage":55,"enemies":"Reptomancer","floor":42,"turns":7},{"damage":0,"enemies":"Giant Head","floor":44,"turns":5},{"damage":17,"enemies":"Nemesis","floor":45,"turns":3},{"damage":40,"enemies":"Reptomancer","floor":47,"turns":5},{"damage":31,"enemies":"Donu and Deca","floor":50,"turns":10},{"damage":3,"enemies":"Time Eater","floor":51,"turns":6},{"damage":60,"enemies":"Shield and Spear","floor":55,"turns":6},{"damage":46,"enemies":"The Heart","floor":56,"turns":3}],"seed_played":"-3322207421135505491","potions_obtained":[{"floor":2.0,"key":"SteroidPotion"},{"floor":6.0,"key":"GamblersBrew"},{"floor":8.0,"key":"LiquidBronze"},{"floor":10.0,"key":"FairyPotion"},{"floor":18.0,"key":"Dexterity Potion"},{"floor":25.0,"key":"Fruit Juice"},{"floor":31.0,"key":"Fruit Juice"},{"floor":35.0,"key":"Weak Potion"},{"floor":38,"key":"Fruit Juice"},{"floor":47,"key":"SpeedPotion"}],"is_trial":false,"path_per_floor":["M","M","$","M","?","E","T","E","T","M","R","M","E","M","R","B",null,"M","T","?","?","?","E","R","E","T","$","R","T","?","E","R","B",null,"M","$","M","?","?","E","R","E","T","E","E","$","E","T","R","B","B",null,"R","$","E","B"],"character_chosen":"WATCHER","items_purchased":["LessonLearned","AttackPotion","Membership Card","Blood Vial","SpeedPotion","WingedGreaves","Strength Potion","Akabeko","ClockworkSouvenir","Meditate","Art of War","InkBottle","SteroidPotion"],"campfire_rested":5,"item_purchase_floors":[3,3,27,27,27,36,36,46,46,46,54,54,54],"current_hp_per_floor":[61,50,50,42,42,42,42,22,22,22,22,10,17,11,11,41,62,52,52,31,31,31,29,49,33,33,58,79,79,79,70,70,30,74,58,73,55,43,43,28,57,16,16,30,27,42,16,16,45,28,39,84,99,99,51,9,9],"gold":224,"neow_bonus":"BOSS_RELIC","is_daily":false,"chose_seed":false,"campfire_upgraded":2,"win_rate":0.0,"timestamp":1612040923,"path_taken":["M","M","$","M","?","E","?","E","T","?","R","M","E","M","R","BOSS","M","?","?","?","?","E","R","E","T","$","R","?","?","E","R","BOSS","M","$","M","?","?","E","R","E","T","E","E","$","E","?","R","BOSS","BOSS","R","$","E","BOSS"],"items_purchased_type":["Card","Potion","Relic","Relic","Potion","Relic","Potion","Relic","Relic","Card","Relic","Relic","Potion"],"build_version":"2020-12-22","purchased_purges":4,"victory":false,"max_hp_per_floor":[68,68,68,68,62,62,62,62,62,62,62,62,69,69,69,69,69,69,69,69,69,69,69,69,69,69,79,79,79,79,89,89,89,89,89,89,89,99,99,99,99,99,99,99,99,99,99,99,99,99,99,99,99,99,99,99,99],"relic_stats":{"Happy Flower":[29],"counters":[27,144],"Yang":[37],"Whetstone":["LessonLearned","Conclude"],"War Paint":["Defend_P","Vigilance"],"GoldenEye":[14],"Question Card":3,"Blood Vial":24,"Nunchaku":[22],"Dream Catcher":3,"Mummified Hand":[21],"Shuriken":[9],"Bird Faced Urn":[2],"Tiny Chest":3,"MealTicket":45,"Turnip":[3],"Necronomicon":[23],"Black Star":6,"Art of War":[2],"obtain_stats":[{"Lantern":55,"Calipers":38,"SacredBark":0,"Yang":47,"Whetstone":40,"TeardropLocket":42,"Ancient Tea Set":8,"ClockworkSouvenir":46,"Blood Vial":27,"Nunchaku":7,"Dream Catcher":31,"Mummified Hand":42,"Strawberry":13,"Tiny Chest":6,"MealTicket":25,"Fusion Hammer":17,"WingedGreaves":36,"Necronomicon":20,"InkBottle":54,"Happy Flower":23,"Golden Idol":5,"Damaru":44,"Oddly Smooth Stone":45,"Omamori":48,"War Paint":26,"GoldenEye":19,"Question Card":47,"Akabeko":46,"Anchor":43,"Shuriken":44,"MutagenicStrength":21,"Bird Faced Urn":55,"Turnip":45,"Bag of Marbles":9,"Black Star":34,"Art of War":54,"Membership Card":27,"PureWater":0,"Meat on the Bone":40},{"Lantern":26,"Calipers":18,"SacredBark":0,"Yang":23,"Whetstone":19,"TeardropLocket":20,"Ancient Tea Set":5,"ClockworkSouvenir":22,"Blood Vial":13,"Nunchaku":4,"Dream Catcher":14,"Mummified Hand":20,"Strawberry":8,"Tiny Chest":4,"MealTicket":13,"Fusion Hammer":10,"WingedGreaves":16,"Necronomicon":11,"InkBottle":25,"Happy Flower":12,"Golden Idol":3,"Damaru":21,"Oddly Smooth Stone":22,"Omamori":23,"War Paint":13,"GoldenEye":11,"Question Card":23,"Akabeko":22,"Anchor":20,"Shuriken":21,"MutagenicStrength":11,"Bird Faced Urn":26,"Turnip":22,"Bag of Marbles":5,"Black Star":15,"Art of War":25,"Membership Card":13,"PureWater":0,"Meat on the Bone":19},{"Lantern":141,"Calipers":93,"SacredBark":0,"Yang":119,"Whetstone":99,"TeardropLocket":106,"Ancient Tea Set":20,"ClockworkSouvenir":114,"Blood Vial":59,"Nunchaku":17,"Dream Catcher":63,"Mummified Hand":106,"Strawberry":31,"Tiny Chest":17,"MealTicket":59,"Fusion Hammer":46,"WingedGreaves":81,"Necronomicon":52,"InkBottle":135,"Happy Flower":55,"Golden Idol":13,"Damaru":111,"Oddly Smooth Stone":114,"Omamori":119,"War Paint":59,"GoldenEye":52,"Question Card":119,"Akabeko":114,"Anchor":106,"Shuriken":111,"MutagenicStrength":52,"Bird Faced Urn":141,"Turnip":114,"Bag of Marbles":20,"Black Star":72,"Art of War":135,"Membership Card":59,"PureWater":0,"Meat on the Bone":99}],"InkBottle":[3],"Meat on the Bone":84},"card_choices":[{"not_picked":["ThirdEye","Study"],"picked":"FlyingSleeves","floor":1.0},{"not_picked":["FollowUp","CutThroughFate"],"picked":"Conclude","floor":2.0},{"not_picked":["InnerPeace","Adaptation"],"picked":"BattleHymn","floor":4.0},{"not_picked":["FollowUp","Evaluate"],"picked":"WheelKick","floor":6.0},{"not_picked":["Crescendo","Weave"],"picked":"Protect","floor":8.0},{"not_picked":["Crescendo","SpiritShield"],"picked":"Worship","floor":12.0},{"not_picked":["FlurryOfBlows","Halt"],"picked":"EmptyFist","floor":14.0},{"not_picked":["ConjureBlade","Judgement"],"picked":"Vault","floor":16.0},{"not_picked":["SashWhip","EmptyBody"],"picked":"MasterReality","floor":23.0},{"not_picked":["Evaluate","Halt"],"picked":"Tantrum","floor":25.0},{"not_picked":["ClearTheMind","Weave"],"picked":"SandsOfTime","floor":31.0},{"not_picked":["LessonLearned","SpiritShield"],"picked":"Wish","floor":33.0},{"not_picked":["EmptyFist","Consecrate"],"picked":"Prostrate","floor":37.0},{"not_picked":["CrushJoints","EmptyMind"],"picked":"Pray+1","floor":38},{"not_picked":["Halt","Study+1"],"picked":"ThirdEye+1","floor":42},{"not_picked":["WindmillStrike+1","EmptyFist","Worship+1"],"picked":"Swivel+1","floor":53}],"player_experience":1299815,"relics_obtained":[{"floor":6.0,"key":"Tiny Chest"},{"floor":7.0,"key":"Nunchaku"},{"floor":8.0,"key":"Ancient Tea Set"},{"floor":9.0,"key":"Bag of Marbles"},{"floor":13.0,"key":"Strawberry"},{"floor":19.0,"key":"GoldenEye"},{"floor":20.0,"key":"Necronomicon"},{"floor":23.0,"key":"Happy Flower"},{"floor":25.0,"key":"MealTicket"},{"floor":26.0,"key":"War Paint"},{"floor":31.0,"key":"Dream Catcher"},{"floor":38,"key":"Calipers"},{"floor":40,"key":"Meat on the Bone"},{"floor":40,"key":"Whetstone"},{"floor":42,"key":"Mummified Hand"},{"floor":42,"key":"TeardropLocket"},{"floor":43,"key":"Anchor"},{"floor":44,"key":"Damaru"},{"floor":44,"key":"Shuriken"},{"floor":45,"key":"Turnip"},{"floor":45,"key":"Oddly Smooth Stone"},{"floor":47,"key":"Question Card"},{"floor":47,"key":"Yang"},{"floor":48,"key":"Omamori"},{"floor":55,"key":"Lantern"},{"floor":55,"key":"Bird Faced Urn"}],"event_choices":[{"damage_healed":0.0,"max_hp_gain":0.0,"max_hp_loss":6.0,"gold_gain":0.0,"event_name":"Golden Idol","player_choice":"Lose Max HP","floor":5.0,"gold_loss":0.0,"damage_taken":0.0,"relics_obtained":["Golden Idol"]},{"damage_healed":0.0,"max_hp_gain":0.0,"max_hp_loss":0.0,"gold_gain":0.0,"event_name":"Cursed Tome","player_choice":"Obtained Book","floor":20.0,"gold_loss":0.0,"damage_taken":21.0},{"damage_healed":0.0,"max_hp_gain":0.0,"max_hp_loss":0.0,"gold_gain":0.0,"event_name":"Drug Dealer","player_choice":"Inject Mutagens","floor":21.0,"gold_loss":0.0,"damage_taken":0.0,"relics_obtained":["MutagenicStrength"]},{"damage_healed":0.0,"max_hp_gain":0.0,"max_hp_loss":0.0,"gold_gain":0.0,"event_name":"The Mausoleum","player_choice":"Ignored","floor":22.0,"gold_loss":0.0,"damage_taken":0.0},{"damage_healed":0.0,"max_hp_gain":0.0,"max_hp_loss":0.0,"gold_gain":0.0,"event_name":"The Library","player_choice":"Read","floor":30.0,"gold_loss":0.0,"damage_taken":0.0,"cards_obtained":["Worship"]},{"damage_healed":0,"gold_gain":0,"player_choice":"Fight","damage_taken":0,"max_hp_gain":0,"max_hp_loss":0,"event_name":"Mysterious Sphere","floor":38,"gold_loss":0},{"damage_healed":0,"gold_gain":333,"player_choice":"Gave Idol","damage_taken":0,"max_hp_gain":0,"max_hp_loss":0,"event_name":"The Moai Head","floor":39,"relics_lost":["Golden Idol"],"gold_loss":0}],"is_beta":false,"boss_relics":[{"not_picked":["VioletLotus","Coffee Dripper"],"picked":"Fusion Hammer"},{"not_picked":["Velvet Choker","Snecko Eye"],"picked":"Black Star"}],"items_purged_floors":[27,36,46,54],"is_endless":false,"potions_floor_spawned":[2,6,8,10,13,18,25,31,35,38,47],"killed_by":"The Heart","ascension_level":20}}