{"host":"yyfz7fpozqrhk2m1","time":1612034801,"event":{"mods":["BaseMod","Minty Spire (QoL Compilation)","Relic Stats"],"gold_per_floor":[113,288,305,44,58,58,58,86,86,11,25,43,43,58,58,154,154,134,151,151,151],"floor_reached":20,"language":"ENG","playtime":3185,"items_purged":["Doubt"],"score":220,"play_id":"da04ad96-03e5-4bb7-b08c-cfe8b717ea36","local_time":"20210130142641","is_ascension_mode":true,"campfire_choices":[{"data":"Genetic Algorithm","floor":6,"key":"SMITH"},{"floor":15,"key":"REST"}],"circlet_count":0,"master_deck":["Strike_B","Strike_B","Strike_B","Defend_B","Defend_B","Defend_B","Defend_B","Zap","Dualcast+1","Turbo+1","Genetic Algorithm+1","White Noise","Reinforced Body","Darkness","Tempest","Biased Cognition","Conserve Battery"],"relics":["Cracked Core","Singing Bowl","TungstenRod","Thread and Needle","SlaversCollar"],"acts_visited":["Exordium","TheCity"],"potions_floor_usage":[12,16,20,20],"damage_taken":[{"damage":3,"enemies":"2 Louse","floor":1,"turns":3},{"damage":9,"enemies":"Small Slimes","floor":3,"turns":4},{"damage":7,"enemies":"Jaw Worm","floor":5,"turns":3},{"damage":27,"enemies":"Lagavulin","floor":8,"turns":9},{"damage":1,"enemies":"Exordium Wildlife","floor":11,"turns":7},{"damage":0,"enemies":"Blue Slaver","floor":12,"turns":4},{"damage":0,"enemies":"Large Slime","floor":14,"turns":3},{"damage":28,"enemies":"Hexaghost","floor":16,"turns":10},{"damage":28,"enemies":"2 Thieves","floor":18,"turns":5},{"damage":22,"enemies":"Chosen","floor":19,"turns":5},{"damage":18,"enemies":"3 Cultists","floor":20,"turns":5}],"seed_played":"-5985091543012966701","potions_obtained":[{"floor":11,"key":"Block Potion"},{"floor":12,"key":"Weak Potion"},{"floor":14,"key":"ColorlessPotion"},{"floor":16,"key":"DuplicationPotion"},{"floor":19,"key":"Block Potion"}],"is_trial":false,"path_per_floor":["M","?","M","$","M","R","?","E","T","$","M","M","$","M","R","B",null,"M","M","M"],"character_chosen":"DEFECT","items_purchased":["Singing Bowl"],"campfire_rested":1,"item_purchase_floors":[4],"current_hp_per_floor":[72,72,63,63,56,56,41,16,16,16,15,17,17,17,40,12,62,36,14,0,0],"gold":151,"neow_bonus":"TRANSFORM_CARD","is_daily":false,"chose_seed":false,"campfire_upgraded":1,"win_rate":0.0,"timestamp":1612034801,"path_taken":["M","?","M","$","M","R","?","E","T","$","M","M","?","M","R","BOSS","M","M","M"],"items_purchased_type":["Relic"],"build_version":"2020-12-22","purchased_purges":1,"victory":false,"max_hp_per_floor":[75,75,75,75,75,75,75,77,77,77,77,79,79,79,79,79,79,81,81,81,81],"relic_stats":{"Singing Bowl":6,"counters":[11,58],"obtain_stats":[{"SlaversCollar":17,"Singing Bowl":4,"Thread and Needle":9,"Cracked Core":0,"TungstenRod":8},{"SlaversCollar":8,"Singing Bowl":2,"Thread and Needle":4,"Cracked Core":0,"TungstenRod":4},{"SlaversCollar":43,"Singing Bowl":7,"Thread and Needle":19,"Cracked Core":0,"TungstenRod":19}],"TungstenRod":18},"card_choices":[{"not_picked":["Go for the Eyes","Steam"],"picked":"Genetic Algorithm","floor":1},{"not_picked":["Stack","Turbo"],"picked":"White Noise","floor":3},{"not_picked":["Redo","Steam"],"picked":"Reinforced Body","floor":5},{"not_picked":["Hello World","Thunder Strike","Go for the Eyes"],"picked":"Singing Bowl","floor":8},{"not_picked":["Sweeping Beam","Auto Shields"],"picked":"Darkness","floor":11},{"not_picked":["Cold Snap","Consume","Coolheaded"],"picked":"Singing Bowl","floor":12},{"not_picked":["Beam Cell","Hologram"],"picked":"Tempest","floor":14},{"not_picked":["Creative AI","Meteor Strike"],"picked":"Biased Cognition","floor":16},{"not_picked":["Coolheaded","Steam","Sweeping Beam"],"picked":"Singing Bowl","floor":18},{"not_picked":["Coolheaded","Sweeping Beam+1"],"picked":"Conserve Battery","floor":19}],"player_experience":652950,"relics_obtained":[{"floor":8,"key":"TungstenRod"},{"floor":9,"key":"Thread and Needle"}],"event_choices":[{"damage_healed":0,"gold_gain":175,"player_choice":"AGREE","damage_taken":0,"max_hp_gain":0,"max_hp_loss":0,"event_name":"Liars Game","floor":2,"gold_loss":0,"cards_obtained":["Doubt"]},{"damage_healed":0,"gold_gain":0,"player_choice":"Entered Light","damage_taken":15,"max_hp_gain":0,"max_hp_loss":0,"event_name":"Shining Light","floor":7,"gold_loss":0,"cards_upgraded":["Turbo","Dualcast"]}],"is_beta":false,"boss_relics":[{"not_picked":["Coffee Dripper","Velvet Choker"],"picked":"SlaversCollar"}],"items_purged_floors":[10],"is_endless":false,"potions_floor_spawned":[11,12,14,16,19],"killed_by":"3 Cultists","ascension_level":5}}