{"host":"5jyeqch4fosnsiz2","time":1612028873,"event":{"mods":["BaseMod","Bestiary","Colored Map","Colored Powertips","Filter the Spire","Minty Spire (QoL Compilation)","Relic Stats","StSLib","Waifu the Spire","ojb\u0027s Better Paths Mod","ojb\u0027s Info Mod"],"gold_per_floor":[117,192,192,209,209,235,254,254,266,305,317,329,354,399,411,423,423],"floor_reached":16,"language":"ENG","playtime":454,"items_purged":[],"score":118,"play_id":"ed195686-da5b-42b2-926c-60235b0ad0ff","local_time":"20210130124753","is_ascension_mode":false,"campfire_choices":[{"floor":8,"key":"DIG"},{"floor":15,"key":"DIG"}],"circlet_count":0,"master_deck":["Strike_G","Strike_G","Strike_G+1","Strike_G","Strike_G","Defend_G","Defend_G","Defend_G","Defend_G","Defend_G","Survivor","Neutralize","Deadly Poison+1","Blur","Bane","Deadly Poison","Backflip","Flying Knee+1","Outmaneuver","Dagger Throw+1"],"relics":["SacredBark","Gambling Chip","Shovel","MawBank","Molten Egg 2","Peace Pipe","WingedGreaves","Pen Nib"],"acts_visited":["Exordium"],"potions_floor_usage":[6,14],"damage_taken":[{"damage":0,"enemies":"2 Louse","floor":1,"turns":3},{"damage":0,"enemies":"Small Slimes","floor":4,"turns":3},{"damage":20,"enemies":"Gremlin Nob","floor":6,"turns":5},{"damage":0,"enemies":"Jaw Worm","floor":7,"turns":4},{"damage":16,"enemies":"Lagavulin","floor":10,"turns":6},{"damage":6,"enemies":"Blue Slaver","floor":13,"turns":3},{"damage":9,"enemies":"3 Sentries","floor":14,"turns":8},{"damage":14,"enemies":"The Guardian","floor":16,"turns":5}],"seed_played":"-1994605238856853785","potions_obtained":[{"floor":1,"key":"Regen Potion"},{"floor":10,"key":"GhostInAJar"}],"is_trial":false,"path_per_floor":["M","?","?","M","T","E","M","R","T","E","$","?","M","E","R","B"],"character_chosen":"THE_SILENT","items_purchased":[],"campfire_rested":0,"item_purchase_floors":[],"current_hp_per_floor":[70,59,45,45,45,44,44,44,44,28,28,28,22,13,13,0,0],"gold":423,"neow_bonus":"BOSS_RELIC","is_daily":false,"chose_seed":false,"campfire_upgraded":0,"win_rate":0.0,"timestamp":1612028873,"path_taken":["M","?","?","M","?","E","M","R","T","E","?","?","M","E","R","BOSS"],"items_purchased_type":[],"build_version":"2020-12-22","purchased_purges":0,"victory":false,"max_hp_per_floor":[70,70,70,70,70,70,70,70,70,70,70,70,70,70,70,70,70],"relic_stats":{"Peace Pipe":1,"Shovel":2,"counters":[8,37],"Gambling Chip":[13],"Pen Nib":[0],"MawBank":96,"obtain_stats":[{"Peace Pipe":10,"Shovel":6,"SacredBark":0,"Gambling Chip":5,"Molten Egg 2":9,"WingedGreaves":14,"Pen Nib":15,"MawBank":8,"Ring of the Snake":0},{"Peace Pipe":5,"Shovel":3,"SacredBark":0,"Gambling Chip":2,"Molten Egg 2":4,"WingedGreaves":7,"Pen Nib":7,"MawBank":4,"Ring of the Snake":0},{"Peace Pipe":21,"Shovel":11,"SacredBark":0,"Gambling Chip":6,"Molten Egg 2":15,"WingedGreaves":32,"Pen Nib":32,"MawBank":15,"Ring of the Snake":0}]},"card_choices":[{"not_picked":["Blur","Bane"],"picked":"Deadly Poison","floor":1},{"not_picked":["Setup","Catalyst"],"picked":"Blur","floor":4},{"not_picked":["Poisoned Stab","Caltrops"],"picked":"Bane","floor":6},{"not_picked":["Escape Plan","Concentrate"],"picked":"Deadly Poison","floor":7},{"not_picked":["Wraith Form v2","Skewer+1"],"picked":"Backflip","floor":10},{"not_picked":["Backflip","Skewer+1"],"picked":"Outmaneuver","floor":13},{"not_picked":["Accuracy","Quick Slash+1"],"picked":"Dagger Throw+1","floor":14}],"player_experience":341720,"relics_obtained":[{"floor":5,"key":"Gambling Chip"},{"floor":6,"key":"Shovel"},{"floor":8,"key":"MawBank"},{"floor":9,"key":"Molten Egg 2"},{"floor":10,"key":"Peace Pipe"},{"floor":14,"key":"WingedGreaves"},{"floor":15,"key":"Pen Nib"}],"event_choices":[{"damage_healed":0,"gold_gain":75,"player_choice":"Gather Gold","damage_taken":11,"max_hp_gain":0,"max_hp_loss":0,"event_name":"World of Goop","floor":2,"gold_loss":0},{"damage_healed":0,"gold_gain":0,"player_choice":"Entered Light","damage_taken":14,"max_hp_gain":0,"max_hp_loss":0,"event_name":"Shining Light","floor":3,"gold_loss":0,"cards_upgraded":["Strike_G","Deadly Poison"]},{"damage_healed":0,"gold_gain":0,"player_choice":"1 cards matched","damage_taken":0,"max_hp_gain":0,"max_hp_loss":0,"event_name":"Match and Keep!","floor":12,"gold_loss":0,"cards_obtained":["Flying Knee"]}],"is_beta":false,"boss_relics":[],"items_purged_floors":[],"is_endless":false,"potions_floor_spawned":[1,10],"killed_by":"The Guardian","ascension_level":0}}