{"host":"5waj3nq586zfb9qv","time":1612012329,"event":{"mods":["Arknights The Spire","BaseMod","Better Vampires","Colored Map","Colored Powertips","GifTheSpireLib","Highlight Path","Marisa£®ÏF”Í°°ƒß¿Ì…≥£©","Minty Spire (QoL Compilation)","Quick Restart","Shop Mod","StSLib","SuperFastMode","The Servant 0.9.4","Waifu the Spire"],"gold_per_floor":[114,114,114,128,7,7,45,66,66,82,82,82,118,137,137,263,263,283,283,308,331,181,181,224,224,249,289,214,214,214,235,235,363,363,377,710,724,724,373,398,398,398,422,1,1,35,35,35,35,35],"floor_reached":51,"language":"ZHS","playtime":3690,"items_purged":["ats:Defend","Wraith","Decay"],"score":822,"play_id":"a3f5368c-924d-49b3-a913-9e263d05d3e7","local_time":"20210130211209","is_ascension_mode":false,"campfire_choices":[{"data":"ats:Neurotoxin","floor":6.0,"key":"SMITH"},{"data":"ats:Ambush","floor":12.0,"key":"SMITH"},{"data":"ats:Armor Crushing Shot","floor":15.0,"key":"SMITH"},{"data":"ats:Thorns","floor":23.0,"key":"SMITH"},{"data":"ats:Shadow Assault","floor":29.0,"key":"SMITH"},{"data":"ats:Assault Order","floor":32.0,"key":"SMITH"},{"data":"ats:Poison Spread","floor":45,"key":"SMITH"},{"data":"ats:Flexible Camouflage","floor":49,"key":"SMITH"}],"circlet_count":0,"master_deck":["ats:Strike S","ats:Armor Crushing Shot+1","ats:Defend","ats:Defend","ats:Emotion Absorption","ats:Neurotoxin+1","ats:Poison Spread+1","ats:Ambush+1","ats:Explosion Area Strengthen","ats:Shadow Raid","ats:Charging Defense","ats:Soul Absorption","ats:Disruption Kick","ats:Flexible Camouflage+1","ats:Fractured Body","ats:Shell Defense+1","ats:Nebulous Foxfire","ats:Thorns+1","Writhe","ats:Shadow Assault+1","ats:Wolf Pack","ats:Thorns+1","ats:Assault Order+1","ats:Apocalypse+1","ats:Thermite Blade+1","ats:Phantom+1","Apotheosis","ats:Absolute Focus","Forethought","Dramatic Entrance","ats:Consecutive Shot Auto+1"],"relics":["ats:Sanity","NeowsBlessing","ats:Originium","Pantograph","Eternal Feather","Juzu Bracelet","Sundial","ats:Tactical Delivery","White Beast Statue","WingedGreaves","The Courier","ats:Berate","Mummified Hand","Astrolabe","Bag of Preparation","ats:Lavender","ats:Rhine Circuitry","Toolbox","Bottled Flame","Boot"],"acts_visited":["Exordium","TheCity","TheBeyond"],"potions_floor_usage":[50,50],"damage_taken":[{"damage":0.0,"enemies":"Small Slimes","floor":1.0,"turns":1.0},{"damage":0.0,"enemies":"Cultist","floor":4.0,"turns":1.0},{"damage":0.0,"enemies":"Lagavulin","floor":7.0,"turns":1.0},{"damage":1.0,"enemies":"Jaw Worm","floor":8.0,"turns":4.0},{"damage":6.0,"enemies":"2 Fungi Beasts","floor":10.0,"turns":4.0},{"damage":19.0,"enemies":"Gremlin Nob","floor":13.0,"turns":6.0},{"damage":0.0,"enemies":"Looter","floor":14.0,"turns":3.0},{"damage":0.0,"enemies":"Slime Boss","floor":16.0,"turns":12.0},{"damage":10.0,"enemies":"Spheric Guardian","floor":18.0,"turns":6.0},{"damage":15.0,"enemies":"2 Thieves","floor":20.0,"turns":3.0},{"damage":13.0,"enemies":"Snake Plant","floor":21.0,"turns":6.0},{"damage":27.0,"enemies":"Slavers","floor":24.0,"turns":7.0},{"damage":10.0,"enemies":"Gremlin Leader","floor":27.0,"turns":8.0},{"damage":0.0,"enemies":"Cultist and Chosen","floor":31.0,"turns":8.0},{"damage":22.0,"enemies":"Collector","floor":33.0,"turns":10.0},{"damage":27.0,"enemies":"3 Shapes","floor":35.0,"turns":6.0},{"damage":23.0,"enemies":"Orb Walker","floor":37.0,"turns":5.0},{"damage":0.0,"enemies":"Giant Head","floor":40.0,"turns":12.0},{"damage":44,"enemies":"Reptomancer","floor":46,"turns":6},{"damage":92,"enemies":"Donu and Deca","floor":50,"turns":9}],"seed_played":"-6913956241002664771","potions_obtained":[{"floor":1.0,"key":"LiquidBronze"},{"floor":4.0,"key":"LiquidMemories"},{"floor":10.0,"key":"SmokeBomb"},{"floor":13.0,"key":"ColorlessPotion"},{"floor":14.0,"key":"Fire Potion"},{"floor":20.0,"key":"Weak Potion"},{"floor":21.0,"key":"BlessingOfTheForge"},{"floor":24.0,"key":"Ancient Potion"},{"floor":27.0,"key":"SteroidPotion"},{"floor":33.0,"key":"PowerPotion"},{"floor":40.0,"key":"EssenceOfSteel"}],"is_trial":false,"path_per_floor":["M","?","?","M","$","R","E","M","T","M","?","R","E","M","R","B",null,"M","?","M","M","$","R","E","?","T","E","?","R","?","M","R","B",null,"M","?","M","?","$","E","?","?","T","$","R","E","$","?","R","B",null],"character_chosen":"DOCTOR_CLASS","items_purchased":["ats:Ambush","ats:Explosion Area Strengthen","ats:Thorns","Apotheosis","Bag of Preparation","Toolbox","Bottled Flame"],"campfire_rested":0,"item_purchase_floors":[5,5,22,39,39,44,44],"current_hp_per_floor":[72,65,47,47,47,47,47,46,46,40,37,46,27,27,36,61,72,62,62,47,49,49,61,43,43,43,45,45,57,44,59,71,77,77,77,77,65,65,65,77,72,72,72,72,77,49,49,49,67,2],"gold":35,"neow_bonus":"THREE_ENEMY_KILL","is_daily":false,"chose_seed":false,"campfire_upgraded":8,"win_rate":0.0,"timestamp":1612012329,"path_taken":["M","?","?","M","$","R","E","M","T","M","?","R","E","M","R","BOSS","M","?","M","M","$","R","E","?","T","E","?","R","?","M","R","BOSS","M","?","M","?","$","E","?","?","T","$","R","E","?","?","R","BOSS"],"items_purchased_type":["Card","Card","Card","Card","Relic","Relic","Relic"],"build_version":"2020-12-22","purchased_purges":3,"victory":true,"max_hp_per_floor":[72,72,72,72,72,72,72,72,72,72,72,72,72,72,72,72,72,72,72,72,72,72,72,72,72,72,72,72,72,77,77,77,77,77,77,77,77,77,77,77,77,77,77,77,77,77,77,77,77,77],"card_choices":[{"not_picked":["ats:LN2 Cannon","ats:Literary Storm"],"picked":"ats:Neurotoxin","floor":1.0},{"not_picked":["ats:Blood Oath","ats:Composite Medical Shells"],"picked":"ats:Poison Spread","floor":4.0},{"not_picked":["ats:Red Shift","ats:Directed Diagnosis"],"picked":"ats:Shadow Raid","floor":7.0},{"not_picked":["ats:Flexible Camouflage","ats:Very Hot Blade"],"picked":"ats:Charging Defense","floor":8.0},{"not_picked":["ats:Beaten Up","ats:Powerful Strike"],"picked":"ats:Soul Absorption","floor":10.0},{"not_picked":["ats:Collapsing Strike","ats:Encircling Forest"],"picked":"ats:Disruption Kick","floor":13.0},{"not_picked":["ats:Absolute Focus","ats:Revitalization"],"picked":"ats:Flexible Camouflage","floor":14.0},{"not_picked":["ats:Shadow Assault","ats:Ambush"],"picked":"ats:Fractured Body","floor":16.0},{"not_picked":["ats:Apocalypse","ats:Flexible Camouflage"],"picked":"ats:Shell Defense+1","floor":18.0},{"not_picked":["ats:Thorns","ats:Demon Strength"],"picked":"ats:Nebulous Foxfire","floor":20.0},{"not_picked":["ats:Burning Ground","ats:Sunburst","ats:Curse Doll"],"picked":"SKIP","floor":21.0},{"not_picked":["ats:Leaping Hammer","ats:Thermite Blade"],"picked":"ats:Assault Order","floor":24.0},{"not_picked":["ats:Soul Absorption","ats:Assault Order"],"picked":"ats:Shadow Assault","floor":27.0},{"not_picked":["ats:Very Hot Blade","ats:Explosion Area Strengthen","ats:Revitalization"],"picked":"SKIP","floor":31.0},{"not_picked":["ats:Calcification","ats:Roar Of Ursus"],"picked":"ats:Wolf Pack","floor":33.0},{"not_picked":["ats:Absolute Focus+1","ats:Revitalization"],"picked":"ats:Thermite Blade+1","floor":35.0},{"not_picked":["ats:Apocalypse","ats:Very Hot Blade+1"],"picked":"ats:Phantom+1","floor":37.0},{"not_picked":["ats:Assault Order","ats:Apocalypse+1"],"picked":"ats:Absolute Focus","floor":40.0},{"not_picked":["Impatience","Enlightenment"],"picked":"Forethought","floor":41},{"not_picked":["Trip","Discovery"],"picked":"Dramatic Entrance","floor":41},{"not_picked":["ats:Thermite Blade","ats:Absolute Focus+1"],"picked":"ats:Consecutive Shot Auto","floor":46}],"player_experience":66954,"relics_obtained":[{"floor":7.0,"key":"ats:Originium"},{"floor":7.0,"key":"Pantograph"},{"floor":9.0,"key":"Eternal Feather"},{"floor":13.0,"key":"ats:Originium"},{"floor":13.0,"key":"Sundial"},{"floor":24.0,"key":"WingedGreaves"},{"floor":26.0,"key":"ats:Berate"},{"floor":27.0,"key":"Mummified Hand"},{"floor":40.0,"key":"ats:Lavender"},{"floor":43,"key":"ats:Rhine Circuitry"},{"floor":46,"key":"Boot"}],"event_choices":[{"cards_removed":["ats:Strike G"],"damage_healed":0.0,"max_hp_gain":0.0,"max_hp_loss":0.0,"gold_gain":0.0,"event_name":"Golden Wing","player_choice":"Card Removal","floor":2.0,"gold_loss":0.0,"damage_taken":7.0},{"damage_healed":0.0,"max_hp_gain":0.0,"max_hp_loss":0.0,"gold_gain":0.0,"event_name":"Golden Idol","player_choice":"Take Damage","floor":3.0,"gold_loss":0.0,"damage_taken":18.0,"relics_obtained":["Golden Idol"]},{"damage_healed":0.0,"max_hp_gain":0.0,"max_hp_loss":0.0,"gold_gain":0.0,"event_name":"Scrap Ooze","player_choice":"Success","floor":11.0,"gold_loss":0.0,"damage_taken":3.0,"relics_obtained":["Juzu Bracelet"]},{"damage_healed":0.0,"max_hp_gain":0.0,"max_hp_loss":0.0,"gold_gain":0.0,"event_name":"WeMeetAgain","player_choice":"Gave Potion","floor":19.0,"gold_loss":0.0,"damage_taken":0.0,"relics_obtained":["White Beast Statue"]},{"damage_healed":0.0,"max_hp_gain":0.0,"max_hp_loss":0.0,"gold_gain":0.0,"event_name":"The Mausoleum","player_choice":"Opened","floor":25.0,"gold_loss":0.0,"damage_taken":0.0,"relics_obtained":["The Courier"],"cards_obtained":["Writhe"]},{"cards_removed":["ats:Strike C"],"damage_healed":0.0,"max_hp_gain":0.0,"max_hp_loss":0.0,"gold_gain":0.0,"event_name":"Beggar","player_choice":"Gave Gold","floor":28.0,"gold_loss":75.0,"damage_taken":0.0},{"damage_healed":0.0,"max_hp_gain":5.0,"max_hp_loss":0.0,"gold_gain":0.0,"event_name":"Forgotten Altar","player_choice":"Shed Blood","floor":30.0,"gold_loss":0.0,"damage_taken":18.0},{"damage_healed":0.0,"max_hp_gain":0.0,"max_hp_loss":0.0,"gold_gain":333.0,"event_name":"The Moai Head","player_choice":"Gave Idol","floor":36.0,"relics_lost":["Golden Idol"],"gold_loss":0.0,"damage_taken":0.0},{"damage_healed":0.0,"max_hp_gain":0.0,"max_hp_loss":0.0,"gold_gain":0.0,"event_name":"OrinTheCat","player_choice":"Ignored","floor":38.0,"gold_loss":0.0,"damage_taken":0.0},{"damage_healed":0,"gold_gain":0,"player_choice":"Memory 2","damage_taken":5,"max_hp_gain":0,"max_hp_loss":0,"event_name":"SensoryStone","floor":41,"gold_loss":0},{"damage_healed":0,"gold_gain":0,"player_choice":"Cursed","damage_taken":0,"max_hp_gain":0,"max_hp_loss":0,"event_name":"Wheel of Change","floor":42,"gold_loss":0,"cards_obtained":["Decay"]},{"damage_healed":0,"gold_gain":0,"player_choice":"Upgraded","damage_taken":0,"max_hp_gain":0,"max_hp_loss":0,"event_name":"Upgrade Shrine","floor":48,"gold_loss":0,"cards_upgraded":["ats:Consecutive Shot Auto"]}],"is_beta":false,"boss_relics":[{"not_picked":["Snecko Eye","Fusion Hammer"],"picked":"ats:Tactical Delivery"},{"not_picked":["Sozu","SacredBark"],"picked":"Astrolabe"}],"items_purged_floors":[22,39,44],"is_endless":false,"potions_floor_spawned":[1,4,10,13,14,20,21,24,27,31,33,35,37,40,46],"ascension_level":0}}