{"host":"fubl5olmpa6illow","time":1612043714,"event":{"mods":["BaseMod","Colored Map","Colored Powertips","Highlight Path","Minty Spire (QoL Compilation)","Quick Restart","Random Character Button","Relic Sorter","Relic Stats"],"gold_per_floor":[110,110,123,136,161,196,196,97,123,141,141,168,168,184,184,279,329,342,35,55,70,85,85,112,112,112,112,143,143,143,159,159,264,264,276,276,288,307,307,307,335,184,232,232,51,84,84,84,84,84,84,84,12,42,42,42],"floor_reached":55,"language":"ENG","playtime":8541,"items_purged":["Defend_R"],"score":858,"play_id":"59f94c6e-aca1-46f2-a310-6a364df055c0","local_time":"20210130225514","is_ascension_mode":true,"campfire_choices":[{"data":"Pommel Strike","floor":7,"key":"SMITH"},{"floor":11,"key":"REST"},{"data":"Bash","floor":13,"key":"SMITH"},{"data":"Heavy Blade","floor":15,"key":"SMITH"},{"data":"Armaments","floor":23,"key":"SMITH"},{"data":"Second Wind","floor":25,"key":"SMITH"},{"data":"Feel No Pain","floor":27,"key":"SMITH"},{"data":"Fiend Fire","floor":29,"key":"SMITH"},{"data":"Dark Embrace","floor":32,"key":"SMITH"},{"data":"Havoc","floor":40,"key":"SMITH"},{"floor":44,"key":"REST"},{"floor":47,"key":"RECALL"},{"data":"Barricade","floor":49,"key":"SMITH"},{"data":"Demon Form","floor":52,"key":"SMITH"}],"circlet_count":0,"master_deck":["Strike_R+1","Strike_R+1","Strike_R+1","Strike_R+1","Defend_R+1","Defend_R+1","Defend_R+1","Bash+1","Pommel Strike+1","Thunderclap","Dark Embrace+1","Shrug It Off","Clash+1","Heavy Blade+1","Fiend Fire+1","Headbutt","Battle Trance","Armaments+1","Intimidate+1","Feel No Pain+1","Second Wind+1","Spot Weakness","Shockwave","Barricade+1","Infernal Blade+1","True Grit","Havoc+1","Demon Form+1","Cleave","Warcry","Feel No Pain","Disarm+1"],"relics":["Mark of Pain","Happy Flower","Ornamental Fan","Akabeko","Vajra","Tiny House","Eternal Feather","Omamori","Lizard Tail","Bag of Preparation","Runic Cube","Boot","Strange Spoon","Darkstone Periapt","Molten Egg 2","Bottled Lightning"],"acts_visited":["Exordium","TheCity","TheBeyond","TheEnding"],"potions_floor_usage":[4,6,16,20,20,20,21,33,38,38,41,46,50,50],"damage_taken":[{"damage":3,"enemies":"Small Slimes","floor":1,"turns":4},{"damage":2,"enemies":"Jaw Worm","floor":3,"turns":3},{"damage":1,"enemies":"Cultist","floor":4,"turns":3},{"damage":18,"enemies":"Gremlin Nob","floor":6,"turns":4},{"damage":8,"enemies":"Blue Slaver","floor":10,"turns":3},{"damage":1,"enemies":"3 Sentries","floor":12,"turns":4},{"damage":0,"enemies":"2 Fungi Beasts","floor":14,"turns":2},{"damage":51,"enemies":"The Guardian","floor":16,"turns":9},{"damage":2,"enemies":"Spheric Guardian","floor":18,"turns":3},{"damage":9,"enemies":"2 Thieves","floor":20,"turns":3},{"damage":0,"enemies":"Centurion and Healer","floor":21,"turns":4},{"damage":8,"enemies":"Cultist and Chosen","floor":22,"turns":5},{"damage":56,"enemies":"Book of Stabbing","floor":24,"turns":6},{"damage":23,"enemies":"Slavers","floor":28,"turns":6},{"damage":7,"enemies":"Snecko","floor":31,"turns":4},{"damage":47,"enemies":"Automaton","floor":33,"turns":9},{"damage":3,"enemies":"Orb Walker","floor":35,"turns":3},{"damage":16,"enemies":"3 Shapes","floor":37,"turns":3},{"damage":9,"enemies":"Transient","floor":38,"turns":5},{"damage":58,"enemies":"Nemesis","floor":41,"turns":5},{"damage":23,"enemies":"Reptomancer","floor":46,"turns":4},{"damage":19,"enemies":"Time Eater","floor":50,"turns":9},{"damage":42,"enemies":"Shield and Spear","floor":54,"turns":9},{"damage":57,"enemies":"The Heart","floor":55,"turns":3}],"seed_played":"-6524508218157735526","potions_obtained":[{"floor":1,"key":"Block Potion"},{"floor":3,"key":"Swift Potion"},{"floor":12,"key":"Fire Potion"},{"floor":16,"key":"HeartOfIron"},{"floor":17,"key":"DistilledChaos"},{"floor":18,"key":"Regen Potion"},{"floor":20,"key":"Block Potion"},{"floor":28,"key":"AttackPotion"},{"floor":33,"key":"Explosive Potion"},{"floor":37,"key":"Block Potion"},{"floor":38,"key":"AttackPotion"},{"floor":46,"key":"LiquidMemories"}],"is_trial":false,"path_per_floor":["M","?","M","M","T","E","R","$","T","M","R","E","R","M","R","B",null,"M","$","M","M","M","R","E","R","T","R","E","R","?","M","R","B",null,"M","?","M","M","?","R","E","$","T","R","$","E","R","T","R","B",null,"R","$","E","B"],"character_chosen":"IRONCLAD","items_purchased":["Shrug It Off","Armaments","Eternal Feather","Cleave","AttackPotion","Dexterity Potion","Strange Spoon","Warcry","Feel No Pain"],"campfire_rested":2,"item_purchase_floors":[8,19,19,42,42,42,45,45,53],"current_hp_per_floor":[77,77,75,74,74,56,56,56,56,48,72,71,71,71,71,20,85,83,83,79,79,71,83,27,39,39,51,28,40,40,33,45,40,85,82,82,66,57,57,72,14,14,14,54,54,31,49,49,67,48,85,85,85,43,0,0],"gold":42,"neow_bonus":"BOSS_RELIC","is_daily":false,"chose_seed":false,"campfire_upgraded":11,"win_rate":0.0,"timestamp":1612043714,"path_taken":["M","?","M","M","?","E","R","$","T","?","R","E","R","M","R","BOSS","M","$","M","M","M","R","E","R","T","R","E","R","?","M","R","BOSS","M","?","M","M","?","R","E","$","T","R","?","E","R","?","R","BOSS","R","$","E","BOSS"],"items_purchased_type":["Card","Card","Relic","Card","Potion","Potion","Relic","Card","Card"],"build_version":"2020-12-22","purchased_purges":1,"victory":false,"max_hp_per_floor":[80,80,80,80,80,80,80,80,80,80,80,80,80,80,80,80,85,85,85,85,85,85,85,85,85,85,85,85,85,85,85,85,85,85,85,85,85,85,85,85,85,85,85,85,85,85,85,85,85,85,85,85,85,85,85,85],"relic_stats":{"Darkstone Periapt":0,"Strange Spoon":[14],"Lizard Tail":42,"Happy Flower":[34],"counters":[24,113],"Ornamental Fan":[112],"Eternal Feather":126,"Bag of Preparation":[20],"Boot":[4],"obtain_stats":[{"Darkstone Periapt":46,"Tiny House":17,"Happy Flower":5,"Vajra":12,"Eternal Feather":19,"Omamori":24,"Bag of Preparation":28,"Boot":41,"Burning Blood":0,"Akabeko":9,"Strange Spoon":45,"Lizard Tail":26,"Ornamental Fan":6,"Molten Egg 2":48,"Mark of Pain":0,"Bottled Lightning":54,"Runic Cube":34},{"Darkstone Periapt":21,"Tiny House":8,"Happy Flower":3,"Vajra":6,"Eternal Feather":9,"Omamori":13,"Bag of Preparation":14,"Boot":20,"Burning Blood":0,"Akabeko":4,"Strange Spoon":20,"Lizard Tail":13,"Ornamental Fan":4,"Molten Egg 2":21,"Mark of Pain":0,"Bottled Lightning":23,"Runic Cube":16},{"Darkstone Periapt":92,"Tiny House":32,"Happy Flower":10,"Vajra":21,"Eternal Feather":35,"Omamori":53,"Bag of Preparation":59,"Boot":88,"Burning Blood":0,"Akabeko":14,"Strange Spoon":88,"Lizard Tail":53,"Ornamental Fan":14,"Molten Egg 2":92,"Mark of Pain":0,"Bottled Lightning":110,"Runic Cube":72}],"Runic Cube":[22]},"card_choices":[{"not_picked":["Combust","Sentinel"],"picked":"Pommel Strike","floor":1},{"not_picked":["Warcry","Twin Strike"],"picked":"Dark Embrace","floor":3},{"not_picked":["True Grit","Headbutt"],"picked":"Cleave","floor":4},{"not_picked":["Searing Blow","Thunderclap","Sword Boomerang"],"picked":"SKIP","floor":6},{"not_picked":["Spot Weakness","Clothesline","Dual Wield"],"picked":"SKIP","floor":10},{"not_picked":["Headbutt","Whirlwind"],"picked":"Clash","floor":12},{"not_picked":["Pommel Strike","Searing Blow"],"picked":"Heavy Blade","floor":14},{"not_picked":["Feed","Exhume"],"picked":"Fiend Fire","floor":16},{"not_picked":["Havoc","Clash"],"picked":"Headbutt","floor":17},{"not_picked":["Wild Strike","Headbutt"],"picked":"Battle Trance","floor":18},{"not_picked":["Pummel","Anger","Wild Strike"],"picked":"SKIP","floor":20},{"not_picked":["Pummel","Anger","Wild Strike"],"picked":"SKIP","floor":20},{"not_picked":["Spot Weakness","Perfected Strike"],"picked":"Intimidate+1","floor":21},{"not_picked":["Anger+1","Double Tap"],"picked":"Feel No Pain","floor":22},{"not_picked":["Shrug It Off+1","Fire Breathing"],"picked":"Second Wind","floor":24},{"not_picked":["Heavy Blade","Body Slam"],"picked":"Spot Weakness","floor":28},{"not_picked":["Dual Wield+1","Warcry"],"picked":"Shockwave","floor":31},{"not_picked":["Reaper","Corruption"],"picked":"Barricade","floor":33},{"not_picked":["Perfected Strike","Twin Strike+1"],"picked":"Infernal Blade+1","floor":35},{"not_picked":["Whirlwind","Uppercut+1"],"picked":"True Grit","floor":37},{"not_picked":["Reckless Charge","Flex"],"picked":"Havoc","floor":38},{"not_picked":["Pommel Strike+1","Bloodletting"],"picked":"Demon Form","floor":41},{"not_picked":["Pummel+1","Reckless Charge","Heavy Blade"],"picked":"SKIP","floor":46},{"not_picked":["Rupture+1","Dual Wield+1"],"picked":"Disarm+1","floor":54}],"player_experience":367983,"relics_obtained":[{"floor":5,"key":"Happy Flower"},{"floor":6,"key":"Ornamental Fan"},{"floor":9,"key":"Akabeko"},{"floor":12,"key":"Vajra"},{"floor":24,"key":"Omamori"},{"floor":26,"key":"Lizard Tail"},{"floor":28,"key":"Bag of Preparation"},{"floor":41,"key":"Boot"},{"floor":46,"key":"Darkstone Periapt"},{"floor":48,"key":"Molten Egg 2"},{"floor":54,"key":"Bottled Lightning"}],"event_choices":[{"damage_healed":0,"gold_gain":0,"cards_transformed":["Strike_R"],"player_choice":"Change","damage_taken":0,"max_hp_gain":0,"max_hp_loss":0,"event_name":"Living Wall","floor":2,"gold_loss":0,"cards_obtained":["Thunderclap"]},{"damage_healed":0,"gold_gain":0,"player_choice":"Simplicity","damage_taken":0,"max_hp_gain":0,"max_hp_loss":0,"event_name":"Back to Basics","floor":30,"gold_loss":0,"cards_upgraded":["Strike_R","Strike_R","Strike_R","Strike_R","Defend_R","Defend_R","Defend_R"]},{"cards_removed":["Cleave"],"damage_healed":0,"gold_gain":0,"player_choice":"Removed Attack","damage_taken":0,"max_hp_gain":0,"max_hp_loss":0,"event_name":"Falling","floor":36,"gold_loss":0},{"damage_healed":0,"gold_gain":0,"player_choice":"Ignored","damage_taken":0,"max_hp_gain":0,"max_hp_loss":0,"event_name":"Tomb of Lord Red Mask","floor":39,"gold_loss":0}],"is_beta":false,"boss_relics":[{"not_picked":["Velvet Choker","SlaversCollar"],"picked":"Tiny House"},{"not_picked":["SacredBark","Astrolabe"],"picked":"Runic Cube"}],"items_purged_floors":[8],"is_endless":false,"potions_floor_spawned":[1,3,12,16,18,20,28,33,37,38,46],"killed_by":"The Heart","ascension_level":3}}