{"host":"sc0o2qwpf9j16a4i","time":1612000250,"event":{"mods":["AchievementEnabler","BaseMod","BetterRewards","Block Reminder","Colored Map","Colored Powertips","Custom Start","Highlight Path","Minty Spire (QoL Compilation)","Relic Stats"],"gold_per_floor":[119,129,140,153,165,193,193,227,227,241,241,241,241,20,20,119,119,130,310,310,328,29,29,59,92,92,92,7,39,51,63,75,185,197,220,454,478,138,154,188,203,221,221,246,296,321,321,333,333,333],"floor_reached":51,"language":"ENG","playtime":2090,"items_purged":[],"score":912,"play_id":"8d49b913-390c-4fd6-a378-dc6cf0499ff6","local_time":"20210130115050","daily_mods":["Heirloom","Purple Cards","Lethality"],"is_ascension_mode":false,"campfire_choices":[{"data":"Scrawl","floor":7,"key":"SMITH"},{"data":"Wireheading","floor":12,"key":"SMITH"},{"floor":15,"key":"REST"},{"data":"A Thousand Cuts","floor":23,"key":"SMITH"},{"floor":27,"key":"REST"},{"floor":30,"key":"REST"},{"floor":32,"key":"REST"},{"data":"After Image","floor":49,"key":"SMITH"}],"circlet_count":0,"master_deck":["Survivor","Neutralize","Sucker Punch","Consecrate+1","Scrawl+1","Choke+1","After Image+1","Outmaneuver","Wireheading+1","Footwork","A Thousand Cuts+1","Deflect","Noxious Fumes+1","Noxious Fumes+1","Cloak And Dagger","Skewer","RitualDagger","After Image+1","DeceiveReality","Footwork","Unload","InnerPeace","Slice","LikeWater","Slice","Deflect","FollowUp","Crippling Poison","Backstab+1","Concentrate","Dodge and Roll","Wallop+1","FearNoEvil+1","EmptyMind","Cloak And Dagger+1"],"relics":["Ring of the Snake","Lizard Tail","Happy Flower","Bag of Preparation","Peace Pipe","Whetstone","Black Star","Lee\u0027s Waffle","Pen Nib","Mummified Hand","Mango","Red Mask","Orichalcum","MawBank","Pandora\u0027s Box","PreservedInsect","TwistedFunnel","Ice Cream","Blue Candle","Darkstone Periapt","Boot","Du-Vu Doll","Calipers","Dead Branch","Ancient Tea Set"],"acts_visited":["Exordium","TheCity","TheBeyond"],"potions_floor_usage":[6,6,18,20,24,30,39,40,41,46],"damage_taken":[{"damage":5,"enemies":"Small Slimes","floor":1,"turns":3},{"damage":0,"enemies":"2 Louse","floor":2,"turns":3},{"damage":0,"enemies":"Jaw Worm","floor":3,"turns":3},{"damage":0,"enemies":"Exordium Thugs","floor":4,"turns":4},{"damage":0,"enemies":"Blue Slaver","floor":5,"turns":3},{"damage":10,"enemies":"Lagavulin","floor":6,"turns":7},{"damage":10,"enemies":"Gremlin Nob","floor":8,"turns":3},{"damage":1,"enemies":"3 Louse","floor":10,"turns":2},{"damage":46,"enemies":"The Guardian","floor":16,"turns":17},{"damage":31,"enemies":"2 Thieves","floor":18,"turns":4},{"damage":0,"enemies":"3 Byrds","floor":20,"turns":1},{"damage":13,"enemies":"Cultist and Chosen","floor":21,"turns":7},{"damage":52,"enemies":"Book of Stabbing","floor":24,"turns":6},{"damage":36,"enemies":"Masked Bandits","floor":25,"turns":4},{"damage":1,"enemies":"Centurion and Healer","floor":29,"turns":4},{"damage":43,"enemies":"Collector","floor":33,"turns":7},{"damage":5,"enemies":"3 Darklings","floor":35,"turns":3},{"damage":0,"enemies":"3 Shapes","floor":37,"turns":5},{"damage":0,"enemies":"3 Darklings","floor":39,"turns":3},{"damage":0,"enemies":"Giant Head","floor":40,"turns":5},{"damage":0,"enemies":"4 Shapes","floor":41,"turns":3},{"damage":0,"enemies":"Spire Growth","floor":42,"turns":3},{"damage":0,"enemies":"Mind Bloom Boss Battle","floor":45,"turns":3},{"damage":0,"enemies":"Nemesis","floor":46,"turns":2},{"damage":0,"enemies":"Maw","floor":48,"turns":5},{"damage":33,"enemies":"Awakened One","floor":50,"turns":12}],"seed_played":"1577698688567771395","potions_obtained":[{"floor":3,"key":"SkillPotion"},{"floor":4,"key":"AttackPotion"},{"floor":6,"key":"SmokeBomb"},{"floor":16,"key":"FearPotion"},{"floor":21,"key":"PowerPotion"},{"floor":25,"key":"Fruit Juice"},{"floor":35,"key":"Block Potion"},{"floor":37,"key":"Block Potion"},{"floor":40,"key":"SkillPotion"},{"floor":45,"key":"Explosive Potion"}],"is_trial":true,"path_per_floor":["M","M","M","M","M","E","R","E","T","M","?","R","$","$","R","B",null,"M","?","M","M","$","R","E","?","T","R","?","M","R","?","R","B",null,"M","?","M","$","M","E","M","M","T","T","?","E","?","M","R","B",null],"character_chosen":"THE_SILENT","items_purchased":["Footwork","Whetstone","Lee\u0027s Waffle","Pen Nib","PreservedInsect","TwistedFunnel","PowerPotion"],"campfire_rested":4,"item_purchase_floors":[14,14,22,22,38,38,38],"current_hp_per_floor":[65,65,65,65,65,55,55,45,45,44,44,44,44,44,65,19,70,39,20,20,7,77,77,39,3,3,30,30,29,62,56,84,41,96,91,91,91,91,91,91,91,91,91,91,91,91,91,91,91,58],"gold":333,"neow_bonus":"","is_daily":false,"chose_seed":false,"campfire_upgraded":4,"win_rate":0.0,"timestamp":1612000250,"path_taken":["M","?","M","M","M","E","R","E","T","M","?","R","?","$","R","BOSS","M","?","M","?","$","R","E","?","T","R","?","M","R","?","R","BOSS","M","?","M","$","M","E","M","M","T","?","?","E","?","?","R","BOSS"],"items_purchased_type":["Card","Relic","Relic","Relic","Relic","Relic","Potion"],"build_version":"2020-12-22","purchased_purges":0,"victory":true,"max_hp_per_floor":[70,70,70,70,70,70,70,70,70,70,70,70,70,70,70,70,70,70,70,70,70,77,77,91,91,91,91,91,91,96,96,96,96,96,96,96,96,96,96,96,96,96,96,96,96,96,96,96,96,96],"relic_stats":{"Darkstone Periapt":0,"Lee\u0027s Waffle":70,"Happy Flower":[33],"counters":[26,122],"Blue Candle":[0],"Dead Branch":[26],"Pen Nib":[16],"PreservedInsect":172,"Bag of Preparation":[38],"Whetstone":["Consecrate","Choke"],"Orichalcum":[0],"MawBank":120,"Boot":[20],"Peace Pipe":0,"Lizard Tail":0,"Mummified Hand":[96],"Pandora\u0027s Box":["DeceiveReality","Footwork","Unload","InnerPeace","Slice","LikeWater","Slice","Deflect","FollowUp","Crippling Poison"],"Black Star":3,"obtain_stats":[{"TwistedFunnel":38,"Ice Cream":40,"Darkstone Periapt":43,"Calipers":46,"Mango":24,"Bag of Preparation":8,"Whetstone":14,"Boot":44,"Ancient Tea Set":47,"Lizard Tail":0,"Mummified Hand":24,"Red Mask":25,"Ring of the Snake":0,"Lee\u0027s Waffle":22,"Happy Flower":6,"Blue Candle":40,"Dead Branch":46,"Pen Nib":22,"PreservedInsect":38,"Orichalcum":26,"MawBank":28,"Peace Pipe":9,"Du-Vu Doll":45,"Pandora\u0027s Box":34,"Black Star":17},{"TwistedFunnel":18,"Ice Cream":20,"Darkstone Periapt":22,"Calipers":24,"Mango":13,"Bag of Preparation":7,"Whetstone":8,"Boot":22,"Ancient Tea Set":24,"Lizard Tail":0,"Mummified Hand":13,"Red Mask":14,"Ring of the Snake":0,"Lee\u0027s Waffle":12,"Happy Flower":6,"Blue Candle":20,"Dead Branch":24,"Pen Nib":12,"PreservedInsect":18,"Orichalcum":14,"MawBank":14,"Peace Pipe":7,"Du-Vu Doll":23,"Pandora\u0027s Box":16,"Black Star":9},{"TwistedFunnel":86,"Ice Cream":94,"Darkstone Periapt":100,"Calipers":105,"Mango":63,"Bag of Preparation":26,"Whetstone":28,"Boot":100,"Ancient Tea Set":105,"Lizard Tail":0,"Mummified Hand":63,"Red Mask":67,"Ring of the Snake":0,"Lee\u0027s Waffle":57,"Happy Flower":23,"Blue Candle":94,"Dead Branch":105,"Pen Nib":57,"PreservedInsect":86,"Orichalcum":67,"MawBank":67,"Peace Pipe":26,"Du-Vu Doll":103,"Pandora\u0027s Box":78,"Black Star":45}],"Ring of the Snake":[52]},"card_choices":[{"not_picked":["ClearTheMind","FollowUp"],"picked":"Sucker Punch","floor":1},{"not_picked":["Halt","Sucker Punch"],"picked":"Consecrate","floor":2},{"not_picked":["PathToVictory","Caltrops"],"picked":"Scrawl","floor":3},{"not_picked":["Collect","BowlingBash"],"picked":"Choke","floor":4},{"not_picked":["BowlingBash","Caltrops","Expertise"],"picked":"SKIP","floor":5},{"not_picked":["BattleHymn","CarveReality"],"picked":"After Image","floor":6},{"not_picked":["Reflex","Perseverance"],"picked":"Outmaneuver","floor":8},{"not_picked":["BowlingBash","CarveReality"],"picked":"Wireheading","floor":10},{"not_picked":["Grand Finale","Burst"],"picked":"A Thousand Cuts","floor":16},{"not_picked":["Bane","ReachHeaven"],"picked":"Deflect","floor":18},{"not_picked":["BowlingBash+1","JustLucky"],"picked":"Noxious Fumes+1","floor":21},{"not_picked":["Quick Slash","Endless Agony"],"picked":"Noxious Fumes+1","floor":24},{"not_picked":["LikeWater","ClearTheMind+1"],"picked":"Cloak And Dagger","floor":25},{"not_picked":["Indignation+1","Collect+1"],"picked":"Skewer","floor":29},{"not_picked":["Envenom","DeusExMachina"],"picked":"After Image","floor":33},{"not_picked":["ThirdEye+1","Skewer+1"],"picked":"Backstab+1","floor":35},{"not_picked":["Predator+1","Accuracy"],"picked":"Concentrate","floor":37},{"not_picked":["ClearTheMind","Blade Dance","Reflex+1"],"picked":"SKIP","floor":39},{"not_picked":["BowlingBash+1","Cloak And Dagger"],"picked":"Dodge and Roll","floor":40},{"not_picked":["Dodge and Roll+1","Infinite Blades"],"picked":"Wallop+1","floor":41},{"not_picked":["PathToVictory","ClearTheMind"],"picked":"FearNoEvil+1","floor":42},{"not_picked":["FlurryOfBlows","Sucker Punch+1"],"picked":"EmptyMind","floor":45},{"not_picked":["JustLucky","Die Die Die","Heel Hook"],"picked":"SKIP","floor":46},{"not_picked":["Consecrate","ThirdEye+1"],"picked":"Cloak And Dagger+1","floor":48}],"player_experience":1072671,"relics_obtained":[{"floor":6,"key":"Happy Flower"},{"floor":8,"key":"Bag of Preparation"},{"floor":9,"key":"Peace Pipe"},{"floor":24,"key":"Mummified Hand"},{"floor":24,"key":"Mango"},{"floor":25,"key":"Red Mask"},{"floor":26,"key":"Orichalcum"},{"floor":40,"key":"Ice Cream"},{"floor":40,"key":"Blue Candle"},{"floor":43,"key":"Darkstone Periapt"},{"floor":44,"key":"Boot"},{"floor":45,"key":"Du-Vu Doll"},{"floor":46,"key":"Calipers"},{"floor":46,"key":"Dead Branch"}],"event_choices":[{"damage_healed":0,"gold_gain":0,"player_choice":"Upgraded","damage_taken":0,"max_hp_gain":0,"max_hp_loss":0,"event_name":"Upgrade Shrine","floor":11,"gold_loss":0,"cards_upgraded":["After Image"]},{"damage_healed":0,"gold_gain":180,"player_choice":"GOLD GOLD ","damage_taken":19,"max_hp_gain":0,"max_hp_loss":0,"event_name":"Knowing Skull","floor":19,"potions_obtained":[],"gold_loss":0,"cards_obtained":[]},{"damage_healed":0,"gold_gain":0,"player_choice":"Fought Bandits","damage_taken":0,"max_hp_gain":0,"max_hp_loss":0,"event_name":"Masked Bandits","floor":25,"gold_loss":0},{"damage_healed":0,"gold_gain":0,"player_choice":"Obtained Relic","damage_taken":0,"relics_obtained":["MawBank"],"max_hp_gain":0,"max_hp_loss":0,"event_name":"Addict","floor":28,"gold_loss":85},{"damage_healed":0,"gold_gain":0,"player_choice":"Joined the Cult","damage_taken":6,"max_hp_gain":0,"max_hp_loss":0,"event_name":"Nest","floor":31,"gold_loss":0,"cards_obtained":["RitualDagger"]},{"damage_healed":0,"gold_gain":222,"player_choice":"Wore Mask","damage_taken":0,"max_hp_gain":0,"max_hp_loss":0,"event_name":"Tomb of Lord Red Mask","floor":36,"gold_loss":0},{"damage_healed":0,"gold_gain":0,"player_choice":"Fight","damage_taken":0,"max_hp_gain":0,"max_hp_loss":0,"event_name":"MindBloom","floor":45,"gold_loss":0},{"damage_healed":0,"gold_gain":0,"player_choice":"Gave Potion","damage_taken":0,"relics_obtained":["Ancient Tea Set"],"max_hp_gain":0,"max_hp_loss":0,"event_name":"WeMeetAgain","floor":47,"gold_loss":0}],"is_beta":false,"boss_relics":[{"not_picked":["Runic Dome","WristBlade"],"picked":"Black Star"},{"not_picked":["Sozu","Philosopher\u0027s Stone"],"picked":"Pandora\u0027s Box"}],"items_purged_floors":[],"is_endless":false,"potions_floor_spawned":[3,4,6,16,21,25,35,37,40,45],"ascension_level":0}}