{"host":"6qo42zgaknezulyg","time":1612013798,"event":{"mods":["2.2 Compatiblity","BaseMod","Faster Ascension Climbing","Keyboard Shortcuts","Minty Spire (QoL Compilation)","Permanent Neow","Quick Restart","StSLib","SuperFastMode","The Necromancer"],"gold_per_floor":[11,25,25,45,45,45,78,78,102,131,131,175,209,218,218,322,322,282,282],"floor_reached":18,"language":"ENG","playtime":867,"items_purged":[],"score":340,"play_id":"bbbc4823-69a8-4f0f-89a5-387ac2367121","local_time":"20210130223638","is_ascension_mode":true,"campfire_choices":[{"data":"Blood_Shield","floor":6.0,"key":"SMITH"},{"data":"Death_March_Dance","floor":8.0,"key":"SMITH"},{"floor":11.0,"key":"REST"},{"data":"Violent_Necrosis","floor":15.0,"key":"SMITH"}],"circlet_count":0,"master_deck":["AscendersBane","Defend_W","Defend_W","Defend_W","Defend_W","Negative_Energy_Arrows","Bone_Wall","Siphon_Strength","Vampiric_Strike","Necrotic_Claws","Death_March_Dance+1","Blood_Shield+1","Scare","Thousand_Bone_Knives","Violent_Necrosis+1","Shackles_Of_Pain","Summon_Undead","Hellfire"],"relics":["Vampire_Amulet","Golden Idol","Ancient Tea Set","CeramicFish","Matryoshka","Snecko Eye"],"acts_visited":["Exordium","TheCity"],"potions_floor_usage":[],"damage_taken":[{"damage":0.0,"enemies":"Small Slimes","floor":1.0,"turns":5.0},{"damage":0.0,"enemies":"Jaw Worm","floor":2.0,"turns":3.0},{"damage":0.0,"enemies":"Cultist","floor":4.0,"turns":4.0},{"damage":30.0,"enemies":"Gremlin Nob","floor":7.0,"turns":4.0},{"damage":7.0,"enemies":"Blue Slaver","floor":10.0,"turns":6.0},{"damage":17.0,"enemies":"Lagavulin","floor":12.0,"turns":7.0},{"damage":7.0,"enemies":"Red Slaver","floor":13.0,"turns":6.0},{"damage":10.0,"enemies":"Hexaghost","floor":16.0,"turns":9.0},{"damage":5,"enemies":"2 Thieves","floor":18,"turns":2}],"seed_played":"-7655801445899789273","potions_obtained":[{"floor":2.0,"key":"FearPotion"},{"floor":10.0,"key":"Swift Potion"}],"is_trial":false,"path_per_floor":["M","M","?","M","?","R","E","R","T","M","R","E","M","?","R","B",null,"M"],"character_chosen":"NECROMANCER","items_purchased":[],"campfire_rested":1,"item_purchase_floors":[],"current_hp_per_floor":[71,71,64,64,57,57,32,32,32,29,48,36,31,31,31,53,61,56,56],"gold":282,"neow_bonus":"TRANSFORM_TWO_CARDS","is_daily":false,"chose_seed":false,"campfire_upgraded":3,"win_rate":0.0,"timestamp":1612013798,"path_taken":["M","M","?","M","?","R","E","R","T","M","R","E","M","?","R","BOSS","M"],"items_purchased_type":[],"build_version":"2020-12-22","purchased_purges":0,"victory":false,"max_hp_per_floor":[71,71,64,64,64,64,64,64,64,64,64,64,64,64,64,64,64,64,64],"card_choices":[{"not_picked":["Death_Coil","Acid_Javelin"],"picked":"Necrotic_Claws","floor":1.0},{"not_picked":["Plague_Bolt","Negative_Energy_Shield"],"picked":"Death_March_Dance","floor":2.0},{"not_picked":["Strike_from_Beyond","Necrotic_Claws"],"picked":"Blood_Shield","floor":4.0},{"not_picked":["Finger_Of_Death","Blood_Shield"],"picked":"Scare","floor":7.0},{"not_picked":["Toxic_Smoke_Screen","Bone_Armor"],"picked":"Thousand_Bone_Knives","floor":10.0},{"not_picked":["Necrotic_Claws","Death_Coil"],"picked":"Violent_Necrosis","floor":12.0},{"not_picked":["Toxic_Smoke_Screen","Negative_Energy_Sphere"],"picked":"Shackles_Of_Pain","floor":13.0},{"not_picked":["Detonate_Bones","Blood_Magic"],"picked":"Hellfire","floor":16.0}],"player_experience":729353,"relics_obtained":[{"floor":7.0,"key":"Ancient Tea Set"},{"floor":9.0,"key":"CeramicFish"},{"floor":12.0,"key":"Matryoshka"}],"event_choices":[{"damage_healed":0.0,"max_hp_gain":0.0,"max_hp_loss":7.0,"gold_gain":0.0,"event_name":"Golden Idol","player_choice":"Lose Max HP","floor":3.0,"gold_loss":0.0,"damage_taken":0.0,"relics_obtained":["Golden Idol"]},{"cards_removed":["Strike_W"],"damage_healed":0.0,"max_hp_gain":0.0,"max_hp_loss":0.0,"gold_gain":0.0,"event_name":"Golden Wing","player_choice":"Card Removal","floor":5.0,"gold_loss":0.0,"damage_taken":7.0},{"damage_healed":0.0,"max_hp_gain":0.0,"max_hp_loss":0.0,"gold_gain":0.0,"cards_transformed":["Strike_W"],"event_name":"Transmorgrifier","player_choice":"Transformed","floor":14.0,"gold_loss":0.0,"damage_taken":0.0,"cards_obtained":["Summon_Undead"]}],"is_beta":false,"boss_relics":[{"not_picked":["Empty Cage","Astrolabe"],"picked":"Snecko Eye"}],"items_purged_floors":[],"is_endless":false,"potions_floor_spawned":[2,10],"killed_by":"2 Thieves","ascension_level":20}}