{"host":"takgv9cv6xf64vhq","time":1612011824,"event":{"mods":["BaseMod","Colored Powertips","Downfall","Hubris","LagranYue(拉格朗・月)","Marisa（F雨　魔理沙）","Minty Spire (QoL Compilation)","Replay The Spire","StSLib","The Animator","The Cursed","The Jungle","TheHeartMod"],"gold_per_floor":[110,313,153,171,171,182,182,192,192,210,210,228,244,142,142,241,241,259,273,273,273],"floor_reached":20,"language":"ZHS","playtime":958,"items_purged":["downfall:Aged"],"score":193,"play_id":"2bf926bd-e267-4994-a17b-e8d7d296c805","local_time":"20210130210344","is_ascension_mode":true,"campfire_choices":[{"data":"Neutralize","floor":7,"key":"SMITH"},{"data":"Wraith Form v2","floor":15,"key":"SMITH"}],"circlet_count":0,"master_deck":["Strike_G","Strike_G","Strike_G","Strike_G","Defend_G","Defend_G","Defend_G","Defend_G","Defend_G","Survivor","Neutralize+1","Crippling Poison","Bane","Fluid Movement","Finisher","Wraith Form v2+1","Masterful Stab","Backflip","Dagger Spray","Deadly Poison","Bane","Acrobatics","Infinite Blades","Infinite Blades","Envenom","Prepared","Dodge and Roll"],"relics":["HoveringKite","ReplayTheSpireMod:CursedCoin","Ancient Tea Set","LagranYue:SoulBurningRelic"],"acts_visited":["Exordium","TheCity"],"potions_floor_usage":[16,16,16,18],"damage_taken":[{"damage":2.0,"enemies":"2 Louse","floor":1.0,"turns":2.0},{"damage":2,"enemies":"Jaw Worm","floor":4,"turns":5},{"damage":3,"enemies":"Cultist","floor":6,"turns":6},{"damage":1,"enemies":"2 Fungi Beasts","floor":8,"turns":4},{"damage":5,"enemies":"Lots of Slimes","floor":10,"turns":4},{"damage":0,"enemies":"3 Louse","floor":12,"turns":3},{"damage":6,"enemies":"Gremlin Gang","floor":13,"turns":6},{"damage":18,"enemies":"Hexaghost","floor":16,"turns":8},{"damage":20,"enemies":"2 Thieves","floor":18,"turns":4},{"damage":13,"enemies":"Shell Parasite","floor":19,"turns":5},{"damage":45,"enemies":"Cultist and Chosen","floor":20,"turns":4}],"seed_played":"-312992904738772270","potions_obtained":[{"floor":4,"key":"BlessingOfTheForge"},{"floor":11,"key":"Doom Potion"},{"floor":11,"key":"Poison Potion"},{"floor":16,"key":"Fire Potion"}],"is_trial":false,"path_per_floor":["M","?","$","M","?","M","R","M","T","M","?","M","M","$","R","B",null,"M","M","M"],"character_chosen":"THE_SILENT","items_purchased":["ReplayTheSpireMod:CursedCoin","Fluid Movement","Ancient Tea Set","Acrobatics","Infinite Blades"],"campfire_rested":0,"item_purchase_floors":[3,3,3,14,14],"current_hp_per_floor":[68,51,51,49,49,46,46,45,45,40,40,40,34,34,34,16,70,50,37,0,0],"gold":273,"neow_bonus":"BOSS_RELIC","is_daily":false,"chose_seed":false,"campfire_upgraded":2,"win_rate":0.0,"timestamp":1612011824,"path_taken":["M","?","$","M","?","M","R","M","T","?","?","M","M","$","R","BOSS","M","?","M"],"items_purchased_type":["Relic","Card","Relic","Card","Card"],"build_version":"2020-12-22","purchased_purges":1,"victory":false,"max_hp_per_floor":[70,70,70,70,70,70,70,70,70,70,70,70,70,70,70,70,70,70,70,70,70],"card_choices":[{"not_picked":["Flying Knee","Sucker Punch"],"picked":"Crippling Poison","floor":1.0},{"not_picked":["Dagger Throw","ReplayTheSpireMod:Exploit Weakness"],"picked":"Bane","floor":2},{"not_picked":["Poisoned Stab","Backstab"],"picked":"Finisher","floor":4},{"not_picked":["Underhanded Strike","Dodge and Roll"],"picked":"Masterful Stab","floor":6},{"not_picked":["Cloak And Dagger","Venomology"],"picked":"Backflip","floor":8},{"not_picked":["Deflect","Dodge and Roll"],"picked":"Dagger Spray","floor":10},{"not_picked":["Backflip","Bane"],"picked":"Deadly Poison","floor":12},{"not_picked":["Sucker Punch","Doppelganger"],"picked":"Bane","floor":13},{"not_picked":["Storm of Steel","Glass Knife"],"picked":"Envenom","floor":16},{"not_picked":["Predator","Slice"],"picked":"Prepared","floor":18},{"not_picked":["hubris:Sniper","Slice"],"picked":"Dodge and Roll","floor":19}],"player_experience":239309,"relics_obtained":[],"event_choices":[{"damage_healed":0,"gold_gain":0,"cards_transformed":["Strike_G"],"player_choice":"Transformed","damage_taken":0,"max_hp_gain":0,"max_hp_loss":0,"event_name":"Transmorgrifier","floor":5,"gold_loss":0,"cards_obtained":["Wraith Form v2"]},{"damage_healed":0,"gold_gain":0,"player_choice":"Got Potions","damage_taken":0,"max_hp_gain":0,"max_hp_loss":0,"event_name":"Lab","floor":11,"gold_loss":0}],"is_beta":false,"boss_relics":[{"not_picked":["Sozu","hubris:Backtick"],"picked":"LagranYue:SoulBurningRelic"}],"items_purged_floors":[3],"is_endless":false,"potions_floor_spawned":[4,13,16],"killed_by":"Cultist and Chosen","ascension_level":3}}