{"host":"nug5xkek4sujf8as","time":1612037070,"event":{"mods":["Act Like it!","Aspiration","BaseMod","Booster Modes","CapriCore","Colored Powertips","Conspire","Energized Spire","Gensokyo","Minty Spire (QoL Compilation)","Permanent Neow","Quick Restart","Replay The Spire","Shop Mod","Spicy Shops","StSLib","¡¾¹¦ÄÜMod¡¿»ìãçÖ®»·ÐÞ¸´²¹¶¡","¡¾ÒÅÎï¿¨ÅÆ¡¿REMEMod","óô»ðÖ¸ÄÏ"],"gold_per_floor":[110,162,175,189,189,219,57,73,73,400,415,430,52,86,86,163,163,206,94,137,187,197,256,279,317,404,441,368,650,697,743,128,245,207,248,364,427,439,451,511,177,288,326,44,196,277,44,56,68,160,172,12,24,230,288],"floor_reached":56,"language":"ZHS","playtime":2971,"items_purged":["Pain","Strike_P","Decay","Strike_P","Strike_P","Strike_P"],"score":2765,"play_id":"58fc3fa7-fa4c-4950-afab-ac492baa6109","local_time":"20210131040430","is_ascension_mode":true,"campfire_choices":[{"floor":15.0,"key":"RECALL"},{"data":"Strike_P","floor":49,"key":"PURGE"}],"circlet_count":0,"master_deck":["AscendersBane","Defend_P","Defend_P+1","Defend_P","Defend_P","Eruption","Vigilance","Immolate","Meditate","SignatureMove","Tantrum","Adaptation","BattleHymn","FlurryOfBlows","DeusExMachina","ForeignInfluence","Thinking Ahead","HandOfGreed","Violence","Purity","Specialist","REME_WheelOfFate","Apotheosis","Judgement","SpiritShield","Blasphemy","REME_WorshipGod+1","REME_WorshipGod","FlurryOfBlows","Protect","Fasting2","InnerPeace","ReplayTheSpireMod:Brewmster","CarveReality","WheelKick","REME_FirmDetermination","TalkToTheHand","TalkToTheHand"],"relics":["REME_ComplimentaryCards","Philosopher\u0027s Stone","WarpedTongs","REME_IWantAll","Sizzling Blood","TeardropLocket","Replay:Wax Seal","Quantum Egg","Black Star","Prayer Wheel","Iron Hammer","Lantern","MawBank","Centennial Puzzle","Anchor","FossilizedHelix","Tiny Chest","Orichalcum","Replay:Accelerometer","Replay:Bandana","Medical Kit","energizedSpire:HugeHouse","Replay:Towering Pillar of Hats","Replay:Rubber Ducky","ReplayTheSpireMod:TigerMarble","Toolbox","Durian","Replay:Multitool","Membership Card","Omamori","MerchantsRug","Turnip","Divine Protection","Replay:Baseball","Mirror","REME_CardOfGreed","OrangePellets","conspire:Dentures","Ice Cream"],"acts_visited":["Exordium","TheCity","TheBeyond","TheEnding"],"potions_floor_usage":[33,36,36,37,37,40,45,45,45,45,46,46,46,46,50,55,55,55,55,55,55],"damage_taken":[{"damage":6.0,"enemies":"conspire:RoseBush","floor":1.0,"turns":1.0},{"damage":7.0,"enemies":"2 Louse","floor":3.0,"turns":2.0},{"damage":0.0,"enemies":"Cultist","floor":4.0,"turns":2.0},{"damage":20.0,"enemies":"Lagavulin","floor":6.0,"turns":3.0},{"damage":1.0,"enemies":"2 Fungi Beasts","floor":8.0,"turns":2.0},{"damage":16.0,"enemies":"Gremlin Nob","floor":10.0,"turns":3.0},{"damage":1.0,"enemies":"Lots of Slimes","floor":11.0,"turns":1.0},{"damage":0.0,"enemies":"Exordium Thugs","floor":12.0,"turns":1.0},{"damage":4.0,"enemies":"Replay:BlueRogue","floor":14.0,"turns":2.0},{"damage":30.0,"enemies":"Hexaghost","floor":16.0,"turns":6.0},{"damage":23.0,"enemies":"2 Thieves","floor":18.0,"turns":4.0},{"damage":0.0,"enemies":"conspire:FuzzyDice","floor":20.0,"turns":1.0},{"damage":0.0,"enemies":"Snake Plant","floor":22.0,"turns":1.0},{"damage":0.0,"enemies":"Replay:Snechameleon","floor":23.0,"turns":1.0},{"damage":0.0,"enemies":"Snecko","floor":24.0,"turns":2.0},{"damage":55.0,"enemies":"Slavers","floor":25.0,"turns":4.0},{"damage":11.0,"enemies":"conspire:HollyBat","floor":30.0,"turns":5.0},{"damage":0,"enemies":"conspire:Head Lice","floor":31,"turns":5},{"damage":38,"enemies":"Collector","floor":33,"turns":6},{"damage":0,"enemies":"Orb Walker","floor":35,"turns":1},{"damage":0,"enemies":"3 Shapes","floor":36,"turns":7},{"damage":0,"enemies":"Spire Growth","floor":37,"turns":2},{"damage":22,"enemies":"R_Hoarder","floor":40,"turns":5},{"damage":0,"enemies":"Nemesis","floor":42,"turns":3},{"damage":7,"enemies":"4 Shapes","floor":45,"turns":10},{"damage":0,"enemies":"Reptomancer","floor":46,"turns":3},{"damage":0,"enemies":"Donu and Deca","floor":50,"turns":4},{"damage":0,"enemies":"Shield and Spear","floor":54,"turns":3},{"damage":0,"enemies":"The Heart","floor":55,"turns":5}],"seed_played":"5511560980902116006","potions_obtained":[{"floor":1.0,"key":"FairyPotion"},{"floor":2.0,"key":"Swift Potion"},{"floor":8.0,"key":"Venom Potion"},{"floor":11.0,"key":"Energy Potion"},{"floor":18.0,"key":"Adrenaline Potion"},{"floor":22.0,"key":"Swift Potion"},{"floor":25.0,"key":"BottledMiracle"},{"floor":33,"key":"BottledMiracle"},{"floor":35,"key":"GamblersBrew"},{"floor":40,"key":"EssenceOfSteel"},{"floor":42,"key":"Explosive Potion"},{"floor":46,"key":"BlessingOfTheForge"}],"is_trial":false,"path_per_floor":["M","?","M","M","?","E","R","M","T","E","M","M","R","E","R","B",null,"M","$","M","?","M","E","M","E","T","T","?","?","M","E","R","B",null,"M","M","M","T","?","E","R","E","T","R","M","E","R","?","R","B",null,"R","$","E","B",null],"character_chosen":"WATCHER","items_purchased":["aspiration:Nostalgia","ReplayTheSpireMod:ShopPack","Replay:Wax Seal","ForeignInfluence","Iron Hammer","Medical Kit","ReplayTheSpireMod:Brewmster","Toolbox","Membership Card","Omamori","MerchantsRug","REME_FirmDetermination","Turnip","Mirror","REME_CardOfGreed","OrangePellets","TalkToTheHand","Flashbang","Elixir"],"campfire_rested":0,"item_purchase_floors":[7,13,13,13,19,32,32,41,44,44,44,44,44,47,47,52,52,52,52],"current_hp_per_floor":[55,55,48,48,48,28,32,35,35,23,29,33,39,39,39,23,69,50,50,54,46,50,64,68,37,37,37,37,10,6,10,10,33,77,81,85,89,89,84,66,66,75,75,75,72,76,76,95,95,97,97,97,97,97,97],"gold":300,"neow_bonus":"BOSS_RELIC","is_daily":false,"chose_seed":false,"campfire_upgraded":0,"win_rate":0.0,"timestamp":1612037070,"path_taken":["M","?","M","M","?","E","R","?","T","E","M","M","R","E","R","BOSS","M","$","M","?","?","E","M","E","T","?","?","?","?","E","R","BOSS","M","M","M","?","?","E","R","E","T","R","M","E","R","?","R","BOSS","R","$","E","BOSS"],"items_purchased_type":["Relic","Relic","Relic","Card","Relic","Relic","Card","Relic","Relic","Relic","Relic","Card","Relic","Relic","Relic","Relic","Card","Potion","Potion"],"build_version":"2020-12-22","purchased_purges":6,"victory":true,"max_hp_per_floor":[68,68,68,68,68,68,72,72,72,72,75,75,81,81,81,84,84,84,84,84,84,84,94,94,94,94,94,94,94,97,97,97,97,92,92,92,92,92,92,92,92,97,97,97,97,97,97,97,97,97,97,97,97,97,97],"card_choices":[{"not_picked":["PathToVictory","FollowUp"],"picked":"Meditate","floor":1.0},{"not_picked":["Consecrate","CutThroughFate"],"picked":"SignatureMove","floor":2.0},{"not_picked":["Consecrate","Replay:AtTheReady"],"picked":"Tantrum","floor":3.0},{"not_picked":["Wish","CrushJoints"],"picked":"Adaptation","floor":4.0},{"not_picked":["CutThroughFate","FollowUp","ThirdEye"],"picked":"SKIP","floor":6.0},{"not_picked":["Replay:ManipulateFuture","ClearTheMind","EmptyBody"],"picked":"SKIP","floor":8.0},{"not_picked":["Protect","Replay:ManipulateFuture","Replay:Cycle"],"picked":"SKIP","floor":10.0},{"not_picked":["BattleHymn","EmptyMind","FlurryOfBlows"],"picked":"Singing Bowl","floor":11.0},{"not_picked":["Meditate","CrushJoints"],"picked":"DeusExMachina","floor":12.0},{"not_picked":["Thinking Ahead","HandOfGreed","Violence"],"picked":"Singing Bowl","floor":13.0},{"not_picked":["Blind","ReplayTheSpireMod:Trickstab"],"picked":"Purity","floor":13.0},{"not_picked":["Specialist","REME_WheelOfFate","Apotheosis"],"picked":"Singing Bowl","floor":13.0},{"not_picked":["BowlingBash","FlurryOfBlows","Wireheading"],"picked":"SKIP","floor":14.0},{"not_picked":["Judgement","SpiritShield","Blasphemy"],"picked":"Singing Bowl","floor":16.0},{"not_picked":["Replay:BluntJabs","REME_Repentance","Swivel"],"picked":"SKIP","floor":18.0},{"not_picked":["FlyingSleeves","Protect","Study"],"picked":"SKIP","floor":18.0},{"not_picked":["Weave","BattleHymn","Swivel"],"picked":"SKIP","floor":20.0},{"not_picked":["ClearTheMind","JustLucky","PathToVictory"],"picked":"SKIP","floor":20.0},{"not_picked":["Replay:ManipulateFuture","FollowUp","ThirdEye"],"picked":"SKIP","floor":22.0},{"not_picked":["Evaluate","Swivel","Halt"],"picked":"SKIP","floor":22.0},{"not_picked":["LikeWater","FlyingSleeves","Protect"],"picked":"SKIP","floor":23.0},{"not_picked":["Replay:AtTheReady","JustLucky","FollowUp"],"picked":"SKIP","floor":24.0},{"not_picked":["Replay:Anticipation","Replay:Cycle","EmptyFist"],"picked":"SKIP","floor":24.0},{"not_picked":["FlurryOfBlows","Protect"],"picked":"REME_WorshipGod","floor":25.0},{"not_picked":["Cold Snap","REME_AllRoundStrike","Gensokyo:BrilliantDragonBullet"],"picked":"Singing Bowl","floor":30.0},{"not_picked":["CrushJoints","FlyingSleeves"],"picked":"Fasting2","floor":30.0},{"not_picked":["ThirdEye","REME_Repentance","WaveOfTheHand"],"picked":"SKIP","floor":30.0},{"not_picked":["Replay:ManipulateFuture","Protect","InnerPeace"],"picked":"SKIP","floor":31},{"not_picked":["Replay:ManipulateFuture","Protect"],"picked":"InnerPeace","floor":31},{"not_picked":["Perseverance+1","Tantrum","Crescendo"],"picked":"SKIP","floor":35},{"not_picked":["BattleHymn+1","CutThroughFate+1","Prostrate"],"picked":"SKIP","floor":35},{"not_picked":["Prostrate","Protect+1","FlyingSleeves"],"picked":"SKIP","floor":36},{"not_picked":["SashWhip","Replay:ManipulateFuture+1","Sanctity"],"picked":"SKIP","floor":36},{"not_picked":["ThirdEye+1","BowlingBash"],"picked":"WheelKick","floor":37},{"not_picked":["Vengeance","Replay:ManipulateFuture","Nirvana+1"],"picked":"SKIP","floor":37},{"not_picked":["WreathOfFlame","Weave","Replay:AtTheReady"],"picked":"SKIP","floor":40},{"not_picked":["EmptyBody","Protect+1","Replay:Battleflow+1"],"picked":"SKIP","floor":42},{"not_picked":["Replay:BluntJabs","PathToVictory"],"picked":"TalkToTheHand","floor":45},{"not_picked":["JustLucky","FollowUp+1","EmptyBody"],"picked":"SKIP","floor":45},{"not_picked":["JustLucky","Replay:AllIn","REME_Repentance"],"picked":"SKIP","floor":46},{"not_picked":["CutThroughFate","Replay:BluntJabs","Sanctity+1"],"picked":"SKIP","floor":54}],"player_experience":718252,"relics_obtained":[{"floor":2.0,"key":"Potion Belt"},{"floor":6.0,"key":"REME_IWantAll"},{"floor":9.0,"key":"TeardropLocket"},{"floor":10.0,"key":"Old Coin"},{"floor":14.0,"key":"Quantum Egg"},{"floor":23.0,"key":"Pear"},{"floor":23.0,"key":"MawBank"},{"floor":25.0,"key":"Anchor"},{"floor":25.0,"key":"FossilizedHelix"},{"floor":27.0,"key":"Tiny Chest"},{"floor":31,"key":"Replay:Accelerometer"},{"floor":31,"key":"Replay:Bandana"},{"floor":38,"key":"Replay:Towering Pillar of Hats"},{"floor":40,"key":"Replay:Rubber Ducky"},{"floor":40,"key":"ReplayTheSpireMod:TigerMarble"},{"floor":42,"key":"Durian"},{"floor":42,"key":"Replay:Multitool"},{"floor":43,"key":"War Paint"},{"floor":46,"key":"Divine Protection"},{"floor":46,"key":"Replay:Baseball"},{"floor":54,"key":"conspire:Dentures"},{"floor":54,"key":"Ice Cream"}],"event_choices":[{"damage_healed":0.0,"max_hp_gain":0.0,"max_hp_loss":0.0,"gold_gain":0.0,"event_name":"Accursed Blacksmith","player_choice":"Rummage","floor":5.0,"gold_loss":0.0,"damage_taken":0.0,"relics_obtained":["WarpedTongs"],"cards_obtained":["Pain"]},{"damage_healed":0.0,"max_hp_gain":0.0,"max_hp_loss":0.0,"gold_gain":50.0,"event_name":"FaceTrader","player_choice":"Touch","floor":21.0,"gold_loss":0.0,"damage_taken":8.0},{"damage_healed":0.0,"max_hp_gain":0.0,"max_hp_loss":0.0,"gold_gain":0.0,"event_name":"Addict","player_choice":"Obtained Relic","floor":28.0,"gold_loss":85.0,"damage_taken":0.0,"relics_obtained":["Orichalcum"]},{"damage_healed":0.0,"max_hp_gain":0.0,"max_hp_loss":0.0,"gold_gain":270.0,"event_name":"Knowing Skull","player_choice":"GOLD GOLD GOLD ","floor":29.0,"potions_obtained":[],"gold_loss":0.0,"damage_taken":27.0,"cards_obtained":[]},{"damage_healed":0,"gold_gain":0,"player_choice":"Leave","damage_taken":0,"max_hp_gain":0,"max_hp_loss":0,"event_name":"conspire:Investor","floor":39,"gold_loss":0},{"damage_healed":19,"gold_gain":0,"player_choice":"Writhe","damage_taken":0,"max_hp_gain":0,"max_hp_loss":0,"event_name":"Winding Halls","floor":48,"gold_loss":0,"cards_obtained":["Writhe"]}],"is_beta":false,"boss_relics":[{"not_picked":["Runic Pyramid","energizedSpire:OgreHead"],"picked":"Black Star"},{"not_picked":["Replay:Ancient Bell","SacredBark"],"picked":"energizedSpire:HugeHouse"}],"items_purged_floors":[13,13,32,32,41,47],"is_endless":false,"potions_floor_spawned":[1,8,11,18,22,25,33,35,40,42,45,46,54],"ascension_level":17}}