{"host":"w8jq41i5zn1fudf9","time":1612043141,"event":{"mods":["AchievementEnabler","BaseMod","Colored Map","Colored Powertips","Curses Come First","GifTheSpireLib","Googly Eyes","Minty Spire (QoL Compilation)","Quick Restart","Rare Cards Sparkle","Relic Stats","StSLib","The Awakened One except there are too many feathers","egg","everything is the same but u backflip on backflip","slay the spire mod where everything is the same but ironclad has a cowboy hat"],"gold_per_floor":[112,58,58,58,74,109,122,147,225,258,258,258,5,5,5,103,103,117,150,163,163,163,163,198,198,198,224,235,235,267,36,36,133,133,149,149,169,69,88,122,122,47,47,47,65,76,76,92,92,92],"floor_reached":51,"language":"ENG","playtime":1914,"items_purged":["Regret","Strike_B+1"],"score":883,"play_id":"128f169b-9a03-49b1-a1c1-4a68a6a8ad9c","local_time":"20210130144541","is_ascension_mode":true,"campfire_choices":[{"data":"Defragment","floor":11,"key":"SMITH"},{"floor":15,"key":"REST"},{"floor":23,"key":"REST"},{"floor":25,"key":"REST"},{"floor":32,"key":"REST"},{"floor":41,"key":"REST"},{"floor":47,"key":"REST"},{"floor":49,"key":"REST"}],"circlet_count":0,"master_deck":["Strike_B+1","Strike_B+1","Strike_B+1","Defend_B+1","Defend_B+1","Defend_B+1","Zap+1","Dualcast+1","Cold Snap","Ball Lightning","Conserve Battery","Defragment+1","Core Surge","Fission+1","Ball Lightning+1","White Noise+1","Core Surge","RitualDagger","Reboot+1","Echo Form","Doom and Gloom+1","Reboot","Fusion+1","Sweeping Beam+1","Machine Learning","Conserve Battery","Leap","Chaos+1"],"relics":["Cracked Core","NeowsBlessing","Du-Vu Doll","Nunchaku","Matryoshka","Darkstone Periapt","Anchor","HornCleat","Happy Flower","Centennial Puzzle","Fusion Hammer","Red Mask","Symbiotic Virus","Toy Ornithopter","Singing Bowl","Bottled Lightning","Dead Branch","War Paint","Inserter","The Courier","Bottled Tornado"],"acts_visited":["Exordium","TheCity","TheBeyond"],"potions_floor_usage":[10,10,19,27,33,50,50],"damage_taken":[{"damage":0,"enemies":"2 Louse","floor":1,"turns":1},{"damage":0,"enemies":"Small Slimes","floor":5,"turns":1},{"damage":0,"enemies":"Gremlin Nob","floor":6,"turns":1},{"damage":0,"enemies":"Cultist","floor":7,"turns":2},{"damage":10,"enemies":"3 Sentries","floor":8,"turns":6},{"damage":2,"enemies":"Gremlin Nob","floor":10,"turns":3},{"damage":25,"enemies":"Slime Boss","floor":16,"turns":9},{"damage":12,"enemies":"2 Thieves","floor":18,"turns":5},{"damage":1,"enemies":"Masked Bandits","floor":19,"turns":4},{"damage":1,"enemies":"3 Byrds","floor":20,"turns":4},{"damage":9,"enemies":"Slavers","floor":24,"turns":4},{"damage":10,"enemies":"Book of Stabbing","floor":27,"turns":5},{"damage":18,"enemies":"Sentry and Sphere","floor":28,"turns":4},{"damage":14,"enemies":"Slavers","floor":30,"turns":3},{"damage":17,"enemies":"Collector","floor":33,"turns":7},{"damage":0,"enemies":"Orb Walker","floor":35,"turns":3},{"damage":0,"enemies":"3 Darklings","floor":37,"turns":3},{"damage":19,"enemies":"Transient","floor":39,"turns":5},{"damage":48,"enemies":"Nemesis","floor":40,"turns":7},{"damage":1,"enemies":"Sphere and 2 Shapes","floor":45,"turns":3},{"damage":11,"enemies":"4 Shapes","floor":46,"turns":2},{"damage":0,"enemies":"Writhing Mass","floor":48,"turns":3},{"damage":46,"enemies":"Time Eater","floor":50,"turns":8}],"seed_played":"-8073069021376398949","potions_obtained":[{"floor":7,"key":"FearPotion"},{"floor":8,"key":"SpeedPotion"},{"floor":10,"key":"Weak Potion"},{"floor":16,"key":"BlessingOfTheForge"},{"floor":18,"key":"Swift Potion"},{"floor":19,"key":"Ancient Potion"},{"floor":28,"key":"Weak Potion"},{"floor":35,"key":"FocusPotion"},{"floor":39,"key":"LiquidBronze"},{"floor":46,"key":"Fire Potion"}],"is_trial":false,"path_per_floor":["M","$","?","?","M","E","M","E","T","E","R","?","$","T","R","B",null,"M","?","M","?","?","R","E","R","T","E","M","?","E","$","R","B",null,"M","?","M","$","M","E","R","$","T","?","M","M","R","M","R","B",null],"character_chosen":"DEFECT","items_purchased":["Ball Lightning","HornCleat","War Paint","Conserve Battery","Leap"],"campfire_rested":7,"item_purchase_floors":[2,13,31,42,42],"current_hp_per_floor":[75,75,60,60,60,60,60,50,50,48,48,54,54,54,78,53,81,69,68,67,67,61,81,72,81,81,73,55,55,41,41,65,53,83,83,83,85,85,66,18,43,43,43,43,42,33,59,61,87,43],"gold":92,"neow_bonus":"THREE_ENEMY_KILL","is_daily":false,"chose_seed":false,"campfire_upgraded":1,"win_rate":0.0,"timestamp":1612043141,"path_taken":["M","$","?","?","?","E","M","E","T","E","R","?","$","?","R","BOSS","M","?","M","?","?","R","E","R","T","E","M","?","E","$","R","BOSS","M","?","M","$","M","E","R","$","T","?","M","M","R","?","R","BOSS"],"items_purchased_type":["Card","Relic","Relic","Card","Card"],"build_version":"2020-12-22","purchased_purges":2,"victory":true,"max_hp_per_floor":[75,75,75,75,75,75,75,75,75,75,75,81,81,81,81,81,81,81,81,81,81,81,81,81,81,81,83,83,83,83,83,83,83,83,83,83,85,85,85,85,85,85,85,85,85,87,87,89,89,89],"relic_stats":{"Darkstone Periapt":6,"Nunchaku":[21],"Centennial Puzzle":[42],"Inserter":[17],"Happy Flower":[26],"Singing Bowl":8,"counters":[23,93],"Dead Branch":[53],"War Paint":["Reboot","Fission"],"obtain_stats":[{"Darkstone Periapt":10,"Inserter":34,"NeowsBlessing":0,"Happy Flower":14,"Singing Bowl":26,"Dead Branch":30,"The Courier":40,"War Paint":31,"Bottled Tornado":43,"Du-Vu Doll":6,"Nunchaku":8,"Anchor":12,"Centennial Puzzle":14,"Matryoshka":9,"HornCleat":13,"Fusion Hammer":17,"Red Mask":19,"Bottled Lightning":27,"Cracked Core":0,"Symbiotic Virus":24,"Toy Ornithopter":26},{"Darkstone Periapt":6,"Inserter":15,"NeowsBlessing":0,"Happy Flower":6,"Singing Bowl":11,"Dead Branch":14,"The Courier":19,"War Paint":14,"Bottled Tornado":19,"Du-Vu Doll":3,"Nunchaku":5,"Anchor":6,"Centennial Puzzle":6,"Matryoshka":5,"HornCleat":6,"Fusion Hammer":7,"Red Mask":9,"Bottled Lightning":12,"Cracked Core":0,"Symbiotic Virus":11,"Toy Ornithopter":11},{"Darkstone Periapt":14,"Inserter":59,"NeowsBlessing":0,"Happy Flower":14,"Singing Bowl":40,"Dead Branch":52,"The Courier":77,"War Paint":52,"Bottled Tornado":77,"Du-Vu Doll":3,"Nunchaku":11,"Anchor":14,"Centennial Puzzle":14,"Matryoshka":11,"HornCleat":14,"Fusion Hammer":23,"Red Mask":32,"Bottled Lightning":45,"Cracked Core":0,"Symbiotic Virus":40,"Toy Ornithopter":40}],"Toy Ornithopter":7},"card_choices":[{"not_picked":["Gash","Sweeping Beam"],"picked":"Cold Snap","floor":1},{"not_picked":["White Noise","Beam Cell"],"picked":"Conserve Battery","floor":5},{"not_picked":["Chill","Sweeping Beam","Reprogram"],"picked":"SKIP","floor":6},{"not_picked":["Glacier","Ball Lightning"],"picked":"Defragment","floor":7},{"not_picked":["Coolheaded","Reinforced Body"],"picked":"Core Surge","floor":8},{"not_picked":["Rebound","Gash","FTL"],"picked":"SKIP","floor":10},{"not_picked":["Meteor Strike","Buffer"],"picked":"Fission","floor":16},{"not_picked":["Reinforced Body","Compile Driver+1"],"picked":"Ball Lightning+1","floor":18},{"not_picked":["Loop","Cold Snap+1"],"picked":"White Noise+1","floor":20},{"not_picked":["Sweeping Beam","Conserve Battery+1"],"picked":"Reboot","floor":24},{"not_picked":["Compile Driver","Blizzard","Stack+1"],"picked":"Singing Bowl","floor":27},{"not_picked":["Ball Lightning","Scrape"],"picked":"Echo Form","floor":28},{"not_picked":["Hologram","Coolheaded"],"picked":"Doom and Gloom+1","floor":30},{"not_picked":["Hyperbeam","Seek"],"picked":"Reboot","floor":33},{"not_picked":["Hologram+1","White Noise"],"picked":"Fusion+1","floor":35},{"not_picked":["Aggregate+1","Sweeping Beam+1","Conserve Battery+1"],"picked":"Singing Bowl","floor":37},{"not_picked":["Leap","Force Field+1"],"picked":"Sweeping Beam+1","floor":39},{"not_picked":["Creative AI","Go for the Eyes"],"picked":"Machine Learning","floor":40},{"not_picked":["Sweeping Beam","Ball Lightning"],"picked":"Chaos+1","floor":45},{"not_picked":["Barrage+1","BootSequence+1","Heatsinks"],"picked":"Singing Bowl","floor":46},{"not_picked":["Steam+1","Conserve Battery+1","Consume+1"],"picked":"Singing Bowl","floor":48}],"player_experience":75912,"relics_obtained":[{"floor":6,"key":"Du-Vu Doll"},{"floor":8,"key":"Nunchaku"},{"floor":9,"key":"Matryoshka"},{"floor":10,"key":"Darkstone Periapt"},{"floor":14,"key":"Happy Flower"},{"floor":14,"key":"Centennial Puzzle"},{"floor":19,"key":"Red Mask"},{"floor":24,"key":"Symbiotic Virus"},{"floor":26,"key":"Toy Ornithopter"},{"floor":26,"key":"Singing Bowl"},{"floor":27,"key":"Bottled Lightning"},{"floor":30,"key":"Dead Branch"},{"floor":40,"key":"The Courier"},{"floor":43,"key":"Bottled Tornado"}],"event_choices":[{"damage_healed":0,"gold_gain":0,"player_choice":"Entered Light","damage_taken":15,"max_hp_gain":0,"max_hp_loss":0,"event_name":"Shining Light","floor":3,"gold_loss":0,"cards_upgraded":["Dualcast","Defend_B"]},{"damage_healed":0,"gold_gain":0,"player_choice":"Upgraded","damage_taken":0,"max_hp_gain":0,"max_hp_loss":0,"event_name":"Upgrade Shrine","floor":4,"gold_loss":0,"cards_upgraded":["Zap"]},{"damage_healed":0,"gold_gain":0,"player_choice":"Box","damage_taken":0,"relics_obtained":["Anchor"],"max_hp_gain":0,"max_hp_loss":0,"event_name":"Big Fish","floor":12,"gold_loss":0,"cards_obtained":["Regret"]},{"damage_healed":0,"gold_gain":0,"player_choice":"Fought Bandits","damage_taken":0,"max_hp_gain":0,"max_hp_loss":0,"event_name":"Masked Bandits","floor":19,"gold_loss":0},{"damage_healed":0,"gold_gain":0,"player_choice":"Read","damage_taken":0,"max_hp_gain":0,"max_hp_loss":0,"event_name":"The Library","floor":21,"gold_loss":0,"cards_obtained":["Core Surge"]},{"damage_healed":0,"gold_gain":0,"player_choice":"Joined the Cult","damage_taken":6,"max_hp_gain":0,"max_hp_loss":0,"event_name":"Nest","floor":22,"gold_loss":0,"cards_obtained":["RitualDagger"]},{"damage_healed":0,"gold_gain":0,"player_choice":"Simplicity","damage_taken":0,"max_hp_gain":0,"max_hp_loss":0,"event_name":"Back to Basics","floor":29,"gold_loss":0,"cards_upgraded":["Strike_B","Strike_B","Strike_B","Strike_B","Defend_B","Defend_B","Defend_B"]},{"cards_removed":["Defend_B"],"damage_healed":0,"gold_gain":0,"player_choice":"Removed Skill","damage_taken":0,"max_hp_gain":0,"max_hp_loss":0,"event_name":"Falling","floor":36,"gold_loss":0},{"damage_healed":0,"gold_gain":0,"player_choice":"Ignored","damage_taken":0,"max_hp_gain":0,"max_hp_loss":0,"event_name":"SecretPortal","floor":44,"gold_loss":0}],"is_beta":false,"boss_relics":[{"not_picked":["Nuclear Battery","Runic Dome"],"picked":"Fusion Hammer"},{"not_picked":["Pandora\u0027s Box","Empty Cage"],"picked":"Inserter"}],"items_purged_floors":[31,38],"is_endless":false,"potions_floor_spawned":[7,8,10,16,18,19,20,28,35,37,39,46],"ascension_level":3}}