{"host":"y1oqg7uy0jc6f5mb","time":1612027984,"event":{"mods":["BaseMod","Better Altar","Better Match","Better Note","Better Sensory Stone","Better Skull","Better Third Choice","Block Reminder","Colored Map","Colored Powertips","Custom Start","DeckTracker","Displayed Cursed Tome","Downfall","Highlight Path","Ironclad Rager","Minty Spire (QoL Compilation)","Permanent Neow","Quick Restart","Relic Sorter","Relic Stats","Replay The Spire","Shop Mod","StSLib"],"gold_per_floor":[99,114,125,138,288,288,288,301,331,348,219,236,236,236,253,253,253,253],"floor_reached":16,"language":"ENG","playtime":1807,"items_purged":["downfall:Icky"],"score":129,"play_id":"93b383d1-ecaa-4f9d-80de-db016877c3e2","local_time":"20210131013304","is_ascension_mode":false,"campfire_choices":[{"data":"champ:Taunt","floor":1.0,"key":"SMITH"},{"data":"champ:StanceDance","floor":6.0,"key":"SMITH"},{"data":"champ:CalledShot","floor":13,"key":"SMITH"}],"circlet_count":0,"master_deck":["champ:Strike","champ:Strike","champ:Strike","champ:Strike","champ:Defend","champ:Defend","champ:Defend","champ:Defend","champ:Execute","champ:Taunt+1","Impatience","champ:Haymaker","champ:StanceDance+1","champ:Parry","champ:ShieldSlam","champ:TornadoPunch","champ:CheapShot","champ:CalledShot+1","champ:FancyFootwork","champ:FanOfKnives","champ:HoldFirm"],"relics":["champ:ChampionCrown","Durian","Omamori","champ:LiftRelic"],"acts_visited":["Exordium"],"potions_floor_usage":[9,16,16,16],"damage_taken":[{"damage":25.0,"enemies":"Cultist","floor":2.0,"turns":4.0},{"damage":4.0,"enemies":"Small Slimes","floor":3.0,"turns":4.0},{"damage":0.0,"enemies":"2 Louse","floor":4.0,"turns":2.0},{"damage":13,"enemies":"Gremlin Gang","floor":8,"turns":10},{"damage":22,"enemies":"Gremlin Nob","floor":9,"turns":2},{"damage":6,"enemies":"Large Slime","floor":10,"turns":6},{"damage":30,"enemies":"downfall:FleeingMerchant","floor":11,"turns":4},{"damage":0,"enemies":"3 Louse","floor":12,"turns":2},{"damage":10,"enemies":"Red Slaver","floor":15,"turns":3},{"damage":60,"enemies":"WA_ARCHETYPE_RETAIN","floor":16,"turns":7}],"seed_played":"5433089962414110697","potions_obtained":[{"floor":2.0,"key":"Death Potion"},{"floor":8,"key":"Ancient Potion"},{"floor":10,"key":"champ:OpenerPotion"},{"floor":12,"key":"ColorlessPotion"}],"is_trial":false,"path_per_floor":["R","M","M","M","?","R","T","M","E","M","$","M","R","?","M","B"],"character_chosen":"THE_CHAMP","items_purchased":["champ:FancyFootwork"],"campfire_rested":0,"item_purchase_floors":[11],"current_hp_per_floor":[90,85,81,81,81,81,86,78,66,60,60,60,60,60,50,0,0,0],"gold":253,"neow_bonus":"RANDOM_COLORLESS","is_daily":false,"chose_seed":false,"campfire_upgraded":3,"win_rate":0.0,"timestamp":1612027984,"path_taken":["R","M","M","M","?","R","T","M","E","M","$","M","R","?","M","BOSS"],"items_purchased_type":["Card"],"build_version":"2020-12-22","purchased_purges":1,"victory":false,"max_hp_per_floor":[90,90,90,90,90,90,95,95,95,95,95,95,95,95,95,95,95,95],"relic_stats":{"counters":[10,44],"obtain_stats":[{"champ:LiftRelic":14,"champ:ChampionCrown":0,"Durian":7,"Omamori":9},{"champ:LiftRelic":8,"champ:ChampionCrown":0,"Durian":3,"Omamori":5},{"champ:LiftRelic":34,"champ:ChampionCrown":0,"Durian":10,"Omamori":22}]},"card_choices":[{"not_picked":["Replay:BasicMightCard","ReplayTheSpireMod:Trickstab"],"picked":"Impatience","floor":0.0},{"not_picked":["champ:Shatter","champ:BerserkersShout"],"picked":"champ:Haymaker","floor":2.0},{"not_picked":["champ:TornadoPunch","champ:Haymaker"],"picked":"champ:StanceDance","floor":3.0},{"not_picked":["champ:PreciseThrust","champ:PerfectedStrike"],"picked":"champ:Parry","floor":4.0},{"not_picked":["champ:PreciseThrust","champ:PerfectedStrike"],"picked":"champ:ShieldSlam","floor":8},{"not_picked":["champ:DefensiveShout","champ:BerserkersShout"],"picked":"champ:TornadoPunch","floor":9},{"not_picked":["champ:TornadoPunch","champ:Circumvent"],"picked":"champ:CheapShot","floor":10},{"not_picked":["champ:FlashCut","champ:RisingSlash"],"picked":"champ:CalledShot","floor":11},{"not_picked":["champ:RapidStrikes","champ:Shatter"],"picked":"champ:FanOfKnives","floor":12},{"not_picked":["champ:DeathBlow","champ:RapidStrikes"],"picked":"champ:HoldFirm","floor":15}],"player_experience":275835,"relics_obtained":[{"floor":7.0,"key":"Durian"},{"floor":9,"key":"Omamori"}],"event_choices":[],"is_beta":false,"boss_relics":[],"items_purged_floors":[11],"is_endless":false,"potions_floor_spawned":[2,8,10,12],"killed_by":"WA_ARCHETYPE_RETAIN","ascension_level":0}}