{"host":"ebj6lkgm8suah319","time":1612015839,"event":{"mods":["2.2 Compatiblity","AchievementEnabler","BaseMod","Block Reminder","Colored Map","Colored Powertips","Minty Spire (QoL Compilation)","Quick Restart","Rare Cards Sparkle","Relic Stats","SuperFastMode"],"gold_per_floor":[110,127,127,137,107,107,135,135,135,135,151,181,33,33,33,133,133,153,153,170,170,71,71,85,110,110,110,138,0,0,35,35,140,140,152,204,204,41,61,87,309,309,309],"floor_reached":42,"language":"ENG","playtime":1537,"items_purged":["Strike_G","Strike_G","Strike_G"],"score":633,"play_id":"6a844552-6f38-418c-a7f0-b732c7dfd7d6","local_time":"20210130091039","is_ascension_mode":true,"campfire_choices":[{"data":"Bane","floor":6.0,"key":"SMITH"},{"data":"Bouncing Flask","floor":8.0,"key":"SMITH"},{"data":"Footwork","floor":10.0,"key":"SMITH"},{"data":"Dodge and Roll","floor":15.0,"key":"SMITH"},{"data":"Wraith Form v2","floor":23.0,"key":"SMITH"},{"floor":27.0,"key":"REST"},{"data":"Footwork","floor":30.0,"key":"SMITH"},{"floor":32.0,"key":"REST"}],"circlet_count":0,"master_deck":["Strike_G","Defend_G","Defend_G","Defend_G","Defend_G","Defend_G","Survivor","Neutralize+1","Footwork+1","Bouncing Flask+1","Bane+1","PiercingWail","Dodge and Roll+1","Wraith Form v2+1","Crippling Poison+1","Footwork+1","Poisoned Stab+1","Bane","Blur","Quick Slash+1","Burst","Escape Plan","Backstab+1","Night Terror","Predator","Sucker Punch+1","Flash of Steel","Footwork","Predator","Skewer+1"],"relics":["Ring of the Snake","Ornamental Fan","Centennial Puzzle","Pear","Anchor","Velvet Choker","Red Mask","Omamori","Vajra","Nunchaku","Cursed Key","Girya","Pen Nib"],"acts_visited":["Exordium","TheCity","TheBeyond"],"potions_floor_usage":[],"damage_taken":[{"damage":0.0,"enemies":"Cultist","floor":1.0,"turns":5.0},{"damage":0.0,"enemies":"Jaw Worm","floor":2.0,"turns":6.0},{"damage":1.0,"enemies":"2 Louse","floor":4.0,"turns":4.0},{"damage":7.0,"enemies":"Lagavulin","floor":7.0,"turns":6.0},{"damage":4.0,"enemies":"Exordium Wildlife","floor":11.0,"turns":3.0},{"damage":9.0,"enemies":"3 Sentries","floor":12.0,"turns":8.0},{"damage":10.0,"enemies":"Hexaghost","floor":16.0,"turns":9.0},{"damage":3.0,"enemies":"3 Byrds","floor":18.0,"turns":7.0},{"damage":2.0,"enemies":"Shell Parasite","floor":20.0,"turns":3.0},{"damage":5.0,"enemies":"Sentry and Sphere","floor":24.0,"turns":5.0},{"damage":0.0,"enemies":"Masked Bandits","floor":25.0,"turns":5.0},{"damage":10.0,"enemies":"Book of Stabbing","floor":28.0,"turns":6.0},{"damage":36.0,"enemies":"Gremlin Leader","floor":31.0,"turns":8.0},{"damage":25.0,"enemies":"Champ","floor":33.0,"turns":11.0},{"damage":2.0,"enemies":"3 Darklings","floor":35.0,"turns":9.0},{"damage":11.0,"enemies":"2 Orb Walkers","floor":36.0,"turns":6.0},{"damage":0,"enemies":"3 Shapes","floor":39,"turns":4},{"damage":11,"enemies":"Nemesis","floor":40,"turns":7},{"damage":43,"enemies":"Giant Head","floor":42,"turns":10}],"seed_played":"-5296869435475937775","potions_obtained":[{"floor":1.0,"key":"LiquidMemories"},{"floor":5.0,"key":"Block Potion"},{"floor":5.0,"key":"EntropicBrew"},{"floor":11.0,"key":"LiquidMemories"},{"floor":12.0,"key":"Weak Potion"},{"floor":25.0,"key":"ColorlessPotion"},{"floor":31.0,"key":"Weak Potion"},{"floor":33.0,"key":"Ancient Potion"},{"floor":36.0,"key":"GamblersBrew"}],"is_trial":false,"path_per_floor":["M","M","?","M","?","R","E","R","T","R","M","E","$","?","R","B",null,"M","?","M","?","$","R","M","?","T","R","E","$","R","E","R","B",null,"M","?","?","$","M","E","?","E"],"character_chosen":"THE_SILENT","items_purchased":["Anchor","Bane","Escape Plan","Footwork"],"campfire_rested":2,"item_purchase_floors":[13,22,29,38],"current_hp_per_floor":[63,63,68,67,67,67,60,60,60,60,56,57,57,50,50,40,74,71,71,69,53,53,53,48,48,48,75,65,65,65,29,56,31,75,73,62,52,52,52,41,41,0,0],"gold":309,"neow_bonus":"UPGRADE_CARD","is_daily":false,"chose_seed":false,"campfire_upgraded":6,"win_rate":0.0,"timestamp":1612015839,"path_taken":["M","M","?","M","?","R","E","R","T","R","?","E","$","?","R","BOSS","M","?","M","?","$","R","M","?","T","R","E","$","R","E","R","BOSS","M","?","?","?","M","E","?","E"],"items_purchased_type":["Relic","Card","Card","Card"],"build_version":"2020-12-22","purchased_purges":3,"victory":false,"max_hp_per_floor":[70,70,75,75,75,75,75,75,75,75,75,85,85,85,85,85,85,85,85,85,90,90,90,90,90,90,90,90,90,90,90,90,90,90,90,90,90,90,90,90,90,90,90],"relic_stats":{"Centennial Puzzle":[39],"Nunchaku":[7],"counters":[19,122],"Ornamental Fan":[72],"Pen Nib":[1],"Cursed Key":0,"obtain_stats":[{"Girya":36,"Pear":12,"Velvet Choker":17,"Vajra":28,"Pen Nib":40,"Omamori":26,"Cursed Key":34,"Centennial Puzzle":9,"Anchor":13,"Nunchaku":31,"Ornamental Fan":7,"Red Mask":25,"Ring of the Snake":0},{"Girya":16,"Pear":6,"Velvet Choker":7,"Vajra":12,"Pen Nib":18,"Omamori":11,"Cursed Key":14,"Centennial Puzzle":4,"Anchor":6,"Nunchaku":13,"Ornamental Fan":4,"Red Mask":11,"Ring of the Snake":0},{"Girya":101,"Pear":32,"Velvet Choker":41,"Vajra":67,"Pen Nib":112,"Omamori":61,"Cursed Key":86,"Centennial Puzzle":21,"Anchor":32,"Nunchaku":75,"Ornamental Fan":21,"Red Mask":61,"Ring of the Snake":0}],"Ring of the Snake":[38]},"card_choices":[{"not_picked":["Finisher","Caltrops"],"picked":"Footwork","floor":1.0},{"not_picked":["Sucker Punch","Cloak And Dagger"],"picked":"Bouncing Flask","floor":2.0},{"not_picked":["Endless Agony","PiercingWail"],"picked":"Bane","floor":4.0},{"not_picked":["Caltrops","Bullet Time"],"picked":"PiercingWail","floor":7.0},{"not_picked":["Underhanded Strike","Expertise","Riddle With Holes"],"picked":"SKIP","floor":11.0},{"not_picked":["Expertise","Backstab"],"picked":"Dodge and Roll","floor":12.0},{"not_picked":["Malaise","Unload"],"picked":"Wraith Form v2","floor":16.0},{"not_picked":["Underhanded Strike","Outmaneuver"],"picked":"Crippling Poison+1","floor":18.0},{"not_picked":["Underhanded Strike","Caltrops"],"picked":"Poisoned Stab+1","floor":20.0},{"not_picked":["Choke","Flechettes"],"picked":"Blur","floor":24.0},{"not_picked":["Reflex","Cloak And Dagger"],"picked":"Quick Slash+1","floor":25.0},{"not_picked":["Deadly Poison","Deflect+1"],"picked":"Burst","floor":28.0},{"not_picked":["Outmaneuver","Dagger Throw"],"picked":"Backstab+1","floor":31.0},{"not_picked":["Phantasmal Killer","After Image"],"picked":"Night Terror","floor":33.0},{"not_picked":["Deflect+1","Outmaneuver"],"picked":"Predator","floor":35.0},{"not_picked":["Deadly Poison+1","Setup"],"picked":"Sucker Punch+1","floor":36.0},{"not_picked":["Mind Blast","Impatience"],"picked":"Flash of Steel","floor":37.0},{"not_picked":["Deflect","Underhanded Strike+1"],"picked":"Predator","floor":39},{"not_picked":["Sucker Punch+1","Infinite Blades"],"picked":"Skewer+1","floor":40}],"player_experience":98743,"relics_obtained":[{"floor":7.0,"key":"Ornamental Fan"},{"floor":9.0,"key":"Centennial Puzzle"},{"floor":12.0,"key":"Pear"},{"floor":25.0,"key":"Red Mask"},{"floor":26.0,"key":"Omamori"},{"floor":28.0,"key":"Vajra"},{"floor":31.0,"key":"Nunchaku"},{"floor":36.0,"key":"Girya"},{"floor":40,"key":"Pen Nib"}],"event_choices":[{"damage_healed":0.0,"max_hp_gain":5.0,"max_hp_loss":0.0,"gold_gain":0.0,"event_name":"Big Fish","player_choice":"Donut","floor":3.0,"gold_loss":0.0,"damage_taken":0.0},{"damage_healed":0.0,"max_hp_gain":0.0,"max_hp_loss":0.0,"gold_gain":0.0,"event_name":"The Woman in Blue","player_choice":"Bought 2 Potions","floor":5.0,"gold_loss":0.0,"damage_taken":0.0},{"cards_removed":["Strike_G"],"damage_healed":0.0,"max_hp_gain":0.0,"max_hp_loss":0.0,"gold_gain":0.0,"event_name":"Golden Wing","player_choice":"Card Removal","floor":14.0,"gold_loss":0.0,"damage_taken":7.0},{"damage_healed":0.0,"max_hp_gain":0.0,"max_hp_loss":0.0,"gold_gain":0.0,"event_name":"The Library","player_choice":"Read","floor":19.0,"gold_loss":0.0,"damage_taken":0.0,"cards_obtained":["Footwork"]},{"damage_healed":0.0,"max_hp_gain":5.0,"max_hp_loss":0.0,"gold_gain":0.0,"event_name":"Forgotten Altar","player_choice":"Shed Blood","floor":21.0,"gold_loss":0.0,"damage_taken":21.0},{"damage_healed":0.0,"max_hp_gain":0.0,"max_hp_loss":0.0,"gold_gain":0.0,"event_name":"Masked Bandits","player_choice":"Fought Bandits","floor":25.0,"gold_loss":0.0,"damage_taken":0.0},{"damage_healed":0.0,"max_hp_gain":0.0,"max_hp_loss":0.0,"gold_gain":0.0,"event_name":"Mysterious Sphere","player_choice":"Fight","floor":36.0,"gold_loss":0.0,"damage_taken":0.0},{"damage_healed":0.0,"max_hp_gain":0.0,"max_hp_loss":0.0,"gold_gain":0.0,"event_name":"SensoryStone","player_choice":"Memory 3","floor":37.0,"gold_loss":0.0,"damage_taken":10.0},{"damage_healed":0,"gold_gain":222,"player_choice":"Wore Mask","damage_taken":0,"max_hp_gain":0,"max_hp_loss":0,"event_name":"Tomb of Lord Red Mask","floor":41,"gold_loss":0}],"is_beta":false,"boss_relics":[{"not_picked":["WristBlade","Empty Cage"],"picked":"Velvet Choker"},{"not_picked":["Black Star","Sozu"],"picked":"Cursed Key"}],"items_purged_floors":[22,29,38],"is_endless":false,"potions_floor_spawned":[1,11,12,20,25,31,33,36,39,40],"killed_by":"Giant Head","ascension_level":6}}