{"host":"kqjncq1jgqa58i7s","time":1612045829,"event":{"mods":["AchievementEnabler","BaseMod","Colored Map","Minty Spire (QoL Compilation)","Relic Stats"],"gold_per_floor":[20,36,53,53,0,25,25,42,42,42,54,74,74,89,89,164,164,175,190,190,207,218,218,218,218,218],"floor_reached":25,"language":"ENG","playtime":1366,"items_purged":[],"score":414,"play_id":"71c31ed5-6310-4504-8249-80ef8827e84a","local_time":"20210130233029","is_ascension_mode":true,"campfire_choices":[{"data":"Skewer","floor":7,"key":"SMITH"},{"floor":10,"key":"REST"},{"floor":13,"key":"REST"},{"data":"Blade Dance","floor":15,"key":"SMITH"},{"floor":23,"key":"REST"}],"circlet_count":0,"master_deck":["AscendersBane","Strike_G","Strike_G","Strike_G","Strike_G","Defend_G","Defend_G","Defend_G","Defend_G","Survivor","Neutralize","Predator","Prepared","Dagger Spray","Skewer+1","Deflect","Noxious Fumes","Night Terror","Blade Dance+1","Blur","Adrenaline","Cloak And Dagger","Accuracy","Blade Dance","Terror","Decay"],"relics":["Ring of the Snake","Pen Nib","Sundial","Shuriken","WristBlade"],"acts_visited":["Exordium","TheCity"],"potions_floor_usage":[6,6,16,21,22],"damage_taken":[{"damage":0,"enemies":"Cultist","floor":1,"turns":3},{"damage":0,"enemies":"Small Slimes","floor":2,"turns":3},{"damage":0,"enemies":"2 Louse","floor":3,"turns":3},{"damage":23,"enemies":"Gremlin Nob","floor":6,"turns":4},{"damage":23,"enemies":"Exordium Wildlife","floor":8,"turns":6},{"damage":20,"enemies":"Gremlin Gang","floor":11,"turns":3},{"damage":5,"enemies":"3 Louse","floor":12,"turns":3},{"damage":0,"enemies":"Looter","floor":14,"turns":2},{"damage":13,"enemies":"Slime Boss","floor":16,"turns":8},{"damage":0,"enemies":"Chosen","floor":18,"turns":2},{"damage":16,"enemies":"Shell Parasite","floor":19,"turns":4},{"damage":16,"enemies":"Snecko","floor":21,"turns":5},{"damage":29,"enemies":"Snake Plant","floor":22,"turns":5},{"damage":31,"enemies":"3 Cultists","floor":25,"turns":3}],"seed_played":"-8521024583183913080","potions_obtained":[{"floor":2,"key":"Fire Potion"},{"floor":3,"key":"EssenceOfSteel"},{"floor":6,"key":"CultistPotion"},{"floor":12,"key":"Dexterity Potion"},{"floor":16,"key":"Fire Potion"},{"floor":21,"key":"Regen Potion"}],"is_trial":false,"path_per_floor":["M","M","M","?","?","E","R","M","T","R","M","M","R","M","R","B",null,"M","M","?","M","M","R","?","M"],"character_chosen":"THE_SILENT","items_purchased":[],"campfire_rested":3,"item_purchase_floors":[],"current_hp_per_floor":[59,59,59,59,59,36,36,13,13,32,12,7,26,26,26,13,53,53,37,37,21,6,25,25,0,0],"gold":218,"neow_bonus":"TRANSFORM_TWO_CARDS","is_daily":false,"chose_seed":false,"campfire_upgraded":2,"win_rate":0.0,"timestamp":1612045829,"path_taken":["M","M","M","?","?","E","R","M","T","R","M","M","R","M","R","BOSS","M","?","?","M","M","R","?","M"],"items_purchased_type":[],"build_version":"2020-12-22","purchased_purges":0,"victory":false,"max_hp_per_floor":[66,66,66,66,66,66,66,66,66,66,66,66,66,66,66,66,66,66,66,66,66,66,66,66,66,66],"relic_stats":{"counters":[14,54],"Sundial":[4],"Shuriken":[20],"Pen Nib":[10],"obtain_stats":[{"WristBlade":17,"Sundial":6,"Shuriken":9,"Pen Nib":5,"Ring of the Snake":0},{"WristBlade":9,"Sundial":4,"Shuriken":5,"Pen Nib":3,"Ring of the Snake":0},{"WristBlade":35,"Sundial":13,"Shuriken":19,"Pen Nib":9,"Ring of the Snake":0}],"Ring of the Snake":[28]},"card_choices":[{"not_picked":["Acrobatics","Blade Dance"],"picked":"Dagger Spray","floor":1},{"not_picked":["Poisoned Stab","Noxious Fumes"],"picked":"Skewer","floor":2},{"not_picked":["Choke","Bane"],"picked":"Deflect","floor":3},{"not_picked":["Underhanded Strike","Infinite Blades"],"picked":"Noxious Fumes","floor":6},{"not_picked":["Accuracy","Deadly Poison"],"picked":"Night Terror","floor":8},{"not_picked":["Deadly Poison","Prepared"],"picked":"Blade Dance","floor":11},{"not_picked":["Flying Knee","PiercingWail"],"picked":"Blur","floor":12},{"not_picked":["Deflect","Outmaneuver","Dagger Spray"],"picked":"SKIP","floor":14},{"not_picked":["Burst","Grand Finale"],"picked":"Adrenaline","floor":16},{"not_picked":["Deflect","Backflip"],"picked":"Cloak And Dagger","floor":18},{"not_picked":["Dagger Spray","Outmaneuver"],"picked":"Accuracy","floor":19},{"not_picked":["Poisoned Stab","Underhanded Strike","Reflex"],"picked":"SKIP","floor":21},{"not_picked":["Poisoned Stab","Underhanded Strike"],"picked":"Terror","floor":22}],"player_experience":1643549,"relics_obtained":[{"floor":6,"key":"Sundial"},{"floor":9,"key":"Shuriken"}],"event_choices":[{"damage_healed":0,"gold_gain":0,"player_choice":"Leave","damage_taken":0,"max_hp_gain":0,"max_hp_loss":0,"event_name":"The Cleric","floor":4,"gold_loss":0},{"damage_healed":0,"gold_gain":0,"player_choice":"Paid Gold","damage_taken":0,"relics_obtained":["Pen Nib"],"max_hp_gain":0,"max_hp_loss":0,"event_name":"WeMeetAgain","floor":5,"gold_loss":53},{"damage_healed":0,"gold_gain":0,"player_choice":"Read","damage_taken":0,"max_hp_gain":0,"max_hp_loss":0,"event_name":"The Library","floor":20,"gold_loss":0,"cards_obtained":["Blade Dance"]},{"damage_healed":0,"gold_gain":0,"player_choice":"Smashed Altar","damage_taken":0,"max_hp_gain":0,"max_hp_loss":0,"event_name":"Forgotten Altar","floor":24,"gold_loss":0,"cards_obtained":["Decay"]}],"is_beta":false,"boss_relics":[{"not_picked":["SlaversCollar","Ectoplasm"],"picked":"WristBlade"}],"items_purged_floors":[],"is_endless":false,"potions_floor_spawned":[2,3,6,12,16,21],"killed_by":"3 Cultists","ascension_level":20}}