{"host":"3qkmyeoym75lj4wn","time":1612040032,"event":{"mods":["2.2 Compatiblity","BaseMod","Block Reminder","Colored Powertips","Highlight Path","Minty Spire (QoL Compilation)","Permanent Neow","Potion Indicator Mod","Rare Cards Sparkle","Relic Stats","StSLib","Unceasing Turn Reminder"],"gold_per_floor":[113,263,338,210,224,249,259,259,259],"floor_reached":8,"language":"ENG","playtime":263,"items_purged":[],"score":112,"play_id":"195d558b-1b29-4da9-a10a-c14da9da15e7","local_time":"20210130205352","is_ascension_mode":true,"campfire_choices":[],"circlet_count":0,"master_deck":["AscendersBane","Strike_G","Strike_G","Strike_G","Strike_G","Strike_G","Defend_G","Defend_G","Defend_G","Defend_G","Defend_G","Survivor","Neutralize+1","Dagger Throw","Doubt","Slice","Cloak And Dagger"],"relics":["Ring of the Snake","InkBottle","Vajra"],"acts_visited":["Exordium"],"potions_floor_usage":[6],"damage_taken":[{"damage":3,"enemies":"Jaw Worm","floor":1,"turns":6},{"damage":0,"enemies":"2 Louse","floor":5,"turns":3},{"damage":24,"enemies":"Gremlin Nob","floor":6,"turns":4},{"damage":0,"enemies":"Cultist","floor":7,"turns":3},{"damage":35,"enemies":"Lagavulin","floor":8,"turns":6}],"seed_played":"4137852887378366729","potions_obtained":[{"floor":5,"key":"FearPotion"}],"is_trial":false,"path_per_floor":["M","?","?","?","M","E","M","E"],"character_chosen":"THE_SILENT","items_purchased":[],"campfire_rested":0,"item_purchase_floors":[],"current_hp_per_floor":[56,56,45,45,45,21,21,0,0],"gold":259,"neow_bonus":"UPGRADE_CARD","is_daily":false,"chose_seed":false,"campfire_upgraded":0,"win_rate":0.0,"timestamp":1612040032,"path_taken":["M","?","?","?","?","E","M","E"],"items_purchased_type":[],"build_version":"2020-12-22","purchased_purges":0,"victory":false,"max_hp_per_floor":[66,66,66,66,66,66,66,66,66],"relic_stats":{"counters":[5,22],"obtain_stats":[{"Vajra":6,"InkBottle":4,"Ring of the Snake":0},{"Vajra":3,"InkBottle":1,"Ring of the Snake":0},{"Vajra":13,"InkBottle":6,"Ring of the Snake":0}],"InkBottle":[5],"Ring of the Snake":[10]},"card_choices":[{"not_picked":["Skewer","Backflip"],"picked":"Dagger Throw","floor":1},{"not_picked":["Terror","Eviscerate","Outmaneuver"],"picked":"SKIP","floor":5},{"not_picked":["Cloak And Dagger","Dodge and Roll"],"picked":"Slice","floor":6},{"not_picked":["Catalyst","Dodge and Roll"],"picked":"Cloak And Dagger","floor":7}],"player_experience":1715551,"relics_obtained":[{"floor":6,"key":"Vajra"}],"event_choices":[{"damage_healed":0,"gold_gain":150,"player_choice":"AGREE","damage_taken":0,"max_hp_gain":0,"max_hp_loss":0,"event_name":"Liars Game","floor":2,"gold_loss":0,"cards_obtained":["Doubt"]},{"damage_healed":0,"gold_gain":75,"player_choice":"Gather Gold","damage_taken":11,"max_hp_gain":0,"max_hp_loss":0,"event_name":"World of Goop","floor":3,"gold_loss":0},{"damage_healed":0,"gold_gain":0,"player_choice":"Paid Gold","damage_taken":0,"relics_obtained":["InkBottle"],"max_hp_gain":0,"max_hp_loss":0,"event_name":"WeMeetAgain","floor":4,"gold_loss":128}],"is_beta":false,"boss_relics":[],"items_purged_floors":[],"is_endless":false,"potions_floor_spawned":[5],"killed_by":"Lagavulin","ascension_level":20}}