{"host":"91tsl82bt69efn37","time":1612036689,"event":{"mods":["2.2 Compatiblity","BaseMod","Colored Map","DeckTracker","Highlight Path","Keyboard Shortcuts","Minty Spire (QoL Compilation)","Permanent Neow","Quick Restart","SuperFastMode","everything is the same but u backflip on backflip"],"gold_per_floor":[114,133,148,148,148,148,73,89,113,113,128,128,148,159,159,159,159],"floor_reached":16,"language":"KOR","playtime":474,"items_purged":["Strike_R"],"score":99,"play_id":"97192708-d156-46dc-ac91-2f6f8cd0cb12","local_time":"20210131045809","is_ascension_mode":true,"campfire_choices":[{"data":"Seeing Red","floor":6.0,"key":"SMITH"},{"data":"Shrug It Off","floor":12.0,"key":"SMITH"},{"data":"Armaments","floor":15.0,"key":"SMITH"}],"circlet_count":0,"master_deck":["Strike_R","Strike_R","Strike_R","Defend_R","Defend_R","Defend_R","Defend_R","Bash","Seeing Red+1","Shrug It Off+1","Limit Break","Armaments+1"],"relics":["Burning Blood","Omamori","Boot"],"acts_visited":["Exordium"],"potions_floor_usage":[],"damage_taken":[{"damage":4.0,"enemies":"2 Louse","floor":1.0,"turns":5.0},{"damage":3.0,"enemies":"Jaw Worm","floor":2.0,"turns":3.0},{"damage":5.0,"enemies":"Small Slimes","floor":3.0,"turns":3.0},{"damage":7.0,"enemies":"Looter","floor":8.0,"turns":4.0},{"damage":7.0,"enemies":"Blue Slaver","floor":11.0,"turns":10.0},{"damage":15.0,"enemies":"Exordium Wildlife","floor":13.0,"turns":6.0},{"damage":4.0,"enemies":"Large Slime","floor":14.0,"turns":8.0},{"damage":38,"enemies":"Hexaghost","floor":16,"turns":10}],"seed_played":"-3367968361786439841","potions_obtained":[{"floor":3.0,"key":"AttackPotion"},{"floor":13.0,"key":"EssenceOfSteel"}],"is_trial":false,"path_per_floor":["M","M","M","?","?","R","$","M","T","?","M","R","M","M","R","B"],"character_chosen":"IRONCLAD","items_purchased":[],"campfire_rested":0,"item_purchase_floors":[],"current_hp_per_floor":[80,80,80,80,73,73,73,72,72,77,76,76,67,69,69,31,31],"gold":159,"neow_bonus":"RANDOM_COMMON_RELIC","is_daily":false,"chose_seed":false,"campfire_upgraded":3,"win_rate":0.0,"timestamp":1612036689,"path_taken":["M","M","M","?","?","R","?","M","T","?","M","R","M","M","R","BOSS"],"items_purchased_type":[],"build_version":"2020-12-22","purchased_purges":1,"victory":false,"max_hp_per_floor":[80,80,80,80,80,80,80,80,80,85,85,85,85,85,85,85,85],"card_choices":[{"not_picked":["Wild Strike","Clothesline"],"picked":"Seeing Red","floor":1.0},{"not_picked":["Rampage","Clothesline","Perfected Strike"],"picked":"SKIP","floor":2.0},{"not_picked":["Perfected Strike","Sword Boomerang","Anger"],"picked":"SKIP","floor":3.0},{"not_picked":["Clothesline","Body Slam"],"picked":"Shrug It Off","floor":8.0},{"not_picked":["Anger","Uppercut","Rage"],"picked":"SKIP","floor":11.0},{"not_picked":["Anger","Burning Pact"],"picked":"Limit Break","floor":13.0},{"not_picked":["Metallicize","Fire Breathing"],"picked":"Armaments","floor":14.0}],"player_experience":74300,"relics_obtained":[{"floor":9.0,"key":"Boot"}],"event_choices":[{"damage_healed":0.0,"max_hp_gain":0.0,"max_hp_loss":0.0,"gold_gain":0.0,"event_name":"Liars Game","player_choice":"Ignored","floor":4.0,"gold_loss":0.0,"damage_taken":0.0},{"cards_removed":["Strike_R"],"damage_healed":0.0,"max_hp_gain":0.0,"max_hp_loss":0.0,"gold_gain":0.0,"event_name":"Golden Wing","player_choice":"Card Removal","floor":5.0,"gold_loss":0.0,"damage_taken":7.0},{"damage_healed":0.0,"max_hp_gain":5.0,"max_hp_loss":0.0,"gold_gain":0.0,"event_name":"Big Fish","player_choice":"Donut","floor":10.0,"gold_loss":0.0,"damage_taken":0.0}],"is_beta":false,"boss_relics":[],"items_purged_floors":[7],"is_endless":false,"potions_floor_spawned":[3,13],"killed_by":"Hexaghost","ascension_level":1}}