{"host":"a1eatafr7pisesky","time":1612030012,"event":{"mods":["AchievementEnabler","BaseMod","Colored Map","Keyboard Shortcuts","Minty Spire (QoL Compilation)","Say the Spire","StSLib","SuperFastMode","everything is the same but u backflip on backflip"],"gold_per_floor":[115,115,128,303,303,303,339,339,339,117,140,165,209,227,227,357,357,377,377,392,408,457,457,493,592,592,608,133,133,148,181,181,301,301,321,342,355,376,37,78,78,78,103,103,128,140,187,532,544,556,568,580,250,275,275],"floor_reached":56,"language":"KOR","playtime":1431,"items_purged":["Doubt","Quick Slash","Blade Dance","Tools of the Trade"],"score":2130,"play_id":"ec5ff242-de5e-4166-a11e-484eaec69f03","local_time":"20210131030652","is_ascension_mode":true,"campfire_choices":[{"data":"Catalyst","floor":6.0,"key":"SMITH"},{"data":"Bouncing Flask","floor":8.0,"key":"SMITH"},{"floor":15.0,"key":"REST"},{"data":"Bullet Time","floor":23.0,"key":"SMITH"},{"floor":29.0,"key":"REST"},{"data":"Wraith Form v2","floor":32.0,"key":"SMITH"},{"data":"Prepared","floor":41.0,"key":"SMITH"},{"data":"Night Terror","floor":42.0,"key":"SMITH"},{"data":"Wraith Form v2","floor":46.0,"key":"SMITH"},{"floor":49.0,"key":"RECALL"},{"data":"Calculated Gamble","floor":52,"key":"SMITH"}],"circlet_count":0,"master_deck":["AscendersBane","Survivor+1","Neutralize","Catalyst+1","Bouncing Flask+1","Catalyst+1","Leg Sweep+1","Blade Dance","Bullet Time+1","Blur","Prepared+1","Wraith Form v2+1","Wraith Form v2+1","Night Terror+1","Concentrate","Crippling Poison","Backflip","Corpse Explosion","Tactician","Calculated Gamble+1"],"relics":["Ring of the Snake","NeowsBlessing","Nunchaku","Gambling Chip","DollysMirror","Shuriken","Pandora\u0027s Box","CultistMask","Potion Belt","Tiny Chest","Tough Bandages","WingedGreaves","HornCleat","Philosopher\u0027s Stone","Medical Kit","Oddly Smooth Stone","MawBank","Bag of Preparation","HandDrill","War Paint"],"acts_visited":["Exordium","TheCity","TheBeyond","TheEnding"],"potions_floor_usage":[55,55,55],"damage_taken":[{"damage":0.0,"enemies":"2 Louse","floor":1.0,"turns":1.0},{"damage":0.0,"enemies":"Jaw Worm","floor":3.0,"turns":1.0},{"damage":0.0,"enemies":"Lagavulin","floor":7.0,"turns":1.0},{"damage":0.0,"enemies":"Cultist","floor":11.0,"turns":2.0},{"damage":14.0,"enemies":"Exordium Thugs","floor":12.0,"turns":4.0},{"damage":26.0,"enemies":"3 Sentries","floor":13.0,"turns":7.0},{"damage":5.0,"enemies":"2 Fungi Beasts","floor":14.0,"turns":3.0},{"damage":5.0,"enemies":"The Guardian","floor":16.0,"turns":3.0},{"damage":1.0,"enemies":"Spheric Guardian","floor":18.0,"turns":3.0},{"damage":0.0,"enemies":"Chosen","floor":20.0,"turns":4.0},{"damage":2.0,"enemies":"Snake Plant","floor":21.0,"turns":3.0},{"damage":14.0,"enemies":"Gremlin Leader","floor":24.0,"turns":6.0},{"damage":6.0,"enemies":"Centurion and Healer","floor":27.0,"turns":7.0},{"damage":0.0,"enemies":"3 Cultists","floor":30.0,"turns":4.0},{"damage":0.0,"enemies":"Book of Stabbing","floor":31.0,"turns":2.0},{"damage":6.0,"enemies":"Collector","floor":33.0,"turns":3.0},{"damage":0.0,"enemies":"3 Darklings","floor":35.0,"turns":3.0},{"damage":0.0,"enemies":"3 Shapes","floor":36.0,"turns":2.0},{"damage":0.0,"enemies":"Jaw Worm Horde","floor":37.0,"turns":2.0},{"damage":0.0,"enemies":"3 Darklings","floor":38.0,"turns":2.0},{"damage":10.0,"enemies":"Nemesis","floor":40.0,"turns":7.0},{"damage":2.0,"enemies":"Reptomancer","floor":47.0,"turns":4.0},{"damage":0,"enemies":"Donu and Deca","floor":50,"turns":2},{"damage":0,"enemies":"Shield and Spear","floor":54,"turns":2},{"damage":0,"enemies":"The Heart","floor":55,"turns":4}],"seed_played":"8421479360460340540","potions_obtained":[{"floor":1.0,"key":"ColorlessPotion"},{"floor":12.0,"key":"ColorlessPotion"},{"floor":16.0,"key":"Fruit Juice"},{"floor":18.0,"key":"Weak Potion"},{"floor":21.0,"key":"FearPotion"},{"floor":24.0,"key":"SteroidPotion"},{"floor":30.0,"key":"Energy Potion"},{"floor":33.0,"key":"SkillPotion"},{"floor":38.0,"key":"Energy Potion"}],"is_trial":false,"path_per_floor":["M","?","M","?","?","R","E","R","T","$","M","M","E","M","R","B",null,"M","?","M","M","T","R","E","?","T","M","$","R","M","E","R","B",null,"M","M","M","M","$","E","R","R","T","?","T","R","E","?","R","B",null,"R","$","E","B",null],"character_chosen":"THE_SILENT","items_purchased":["DollysMirror","WingedGreaves","Ancient Potion","Medical Kit","Tactician","Weak Potion","HandDrill"],"campfire_rested":2,"item_purchase_floors":[10,28,28,39,39,53,53],"current_hp_per_floor":[63,68,68,68,50,50,50,50,50,50,50,36,10,5,27,22,62,61,61,61,64,64,64,50,50,50,44,44,68,68,68,68,62,76,76,76,76,76,76,66,66,66,66,66,66,66,64,64,64,64,76,76,76,76,76],"gold":275,"neow_bonus":"THREE_ENEMY_KILL","is_daily":false,"chose_seed":false,"campfire_upgraded":8,"win_rate":0.0,"timestamp":1612030012,"path_taken":["M","?","M","?","?","R","E","R","T","$","M","M","E","?","R","BOSS","M","?","?","M","?","R","E","?","T","?","$","R","M","E","R","BOSS","M","M","M","M","$","E","R","R","T","?","?","R","E","?","R","BOSS","R","$","E","BOSS"],"items_purchased_type":["Relic","Relic","Potion","Relic","Card","Potion","Relic"],"build_version":"2020-12-22","purchased_purges":4,"victory":true,"max_hp_per_floor":[70,75,75,75,75,75,75,75,75,75,75,75,75,75,75,75,75,75,75,75,80,80,80,80,80,80,80,80,80,80,80,80,80,80,80,80,80,80,80,80,80,80,80,80,80,80,80,80,80,80,80,80,80,80,80],"card_choices":[{"not_picked":["Finisher","Outmaneuver","Prepared"],"picked":"SKIP","floor":1.0},{"not_picked":["Predator","All Out Attack"],"picked":"Catalyst","floor":3.0},{"not_picked":["Accuracy","Night Terror"],"picked":"Bouncing Flask","floor":7.0},{"not_picked":["Sucker Punch","Bane"],"picked":"Leg Sweep","floor":11.0},{"not_picked":["All Out Attack","Bane","Slice"],"picked":"SKIP","floor":12.0},{"not_picked":["Dodge and Roll","Accuracy"],"picked":"Blade Dance","floor":13.0},{"not_picked":["Caltrops","Acrobatics","Prepared"],"picked":"SKIP","floor":14.0},{"not_picked":["Venomology","Burst"],"picked":"Bullet Time","floor":16.0},{"not_picked":["Blade Dance","Choke"],"picked":"Crippling Poison","floor":18.0},{"not_picked":["Dagger Throw","Bane"],"picked":"Backflip","floor":20.0},{"not_picked":["Eviscerate","All Out Attack","Concentrate+1"],"picked":"SKIP","floor":21.0},{"not_picked":["Acrobatics","PiercingWail","Outmaneuver"],"picked":"SKIP","floor":24.0},{"not_picked":["Outmaneuver","Terror+1","Blade Dance"],"picked":"SKIP","floor":27.0},{"not_picked":["Deflect","Dodge and Roll","Backflip+1"],"picked":"SKIP","floor":30.0},{"not_picked":["Underhanded Strike","Cloak And Dagger"],"picked":"Corpse Explosion","floor":31.0},{"not_picked":["Prepared","Cloak And Dagger","Outmaneuver+1"],"picked":"SKIP","floor":35.0},{"not_picked":["Deadly Poison+1","Bouncing Flask","Blade Dance"],"picked":"SKIP","floor":36.0},{"not_picked":["Predator","Slice","Backflip"],"picked":"SKIP","floor":37.0},{"not_picked":["Blade Dance","Underhanded Strike+1","Infinite Blades"],"picked":"SKIP","floor":38.0},{"not_picked":["PiercingWail+1","Corpse Explosion","Outmaneuver"],"picked":"SKIP","floor":40.0},{"not_picked":["Catalyst","Quick Slash"],"picked":"Calculated Gamble","floor":47.0},{"not_picked":["Finisher+1","PiercingWail+1","Underhanded Strike"],"picked":"SKIP","floor":54}],"player_experience":384101,"relics_obtained":[{"floor":7.0,"key":"Nunchaku"},{"floor":9.0,"key":"Gambling Chip"},{"floor":13.0,"key":"Shuriken"},{"floor":22.0,"key":"Potion Belt"},{"floor":24.0,"key":"Tiny Chest"},{"floor":26.0,"key":"Tough Bandages"},{"floor":31.0,"key":"HornCleat"},{"floor":40.0,"key":"Oddly Smooth Stone"},{"floor":45.0,"key":"MawBank"},{"floor":47.0,"key":"Bag of Preparation"},{"floor":54,"key":"War Paint"}],"event_choices":[{"damage_healed":0.0,"max_hp_gain":5.0,"max_hp_loss":0.0,"gold_gain":0.0,"event_name":"Big Fish","player_choice":"Donut","floor":2.0,"gold_loss":0.0,"damage_taken":0.0},{"damage_healed":0.0,"max_hp_gain":0.0,"max_hp_loss":0.0,"gold_gain":175.0,"event_name":"Liars Game","player_choice":"AGREE","floor":4.0,"gold_loss":0.0,"damage_taken":0.0,"cards_obtained":["Doubt"]},{"damage_healed":0.0,"max_hp_gain":0.0,"max_hp_loss":0.0,"gold_gain":0.0,"event_name":"Golden Idol","player_choice":"Take Damage","floor":5.0,"gold_loss":0.0,"damage_taken":18.0,"relics_obtained":["Golden Idol"]},{"damage_healed":0.0,"max_hp_gain":0.0,"max_hp_loss":0.0,"gold_gain":0.0,"event_name":"FaceTrader","player_choice":"Trade","floor":19.0,"gold_loss":0.0,"damage_taken":0.0,"relics_obtained":["CultistMask"]},{"damage_healed":0.0,"max_hp_gain":0.0,"max_hp_loss":0.0,"gold_gain":99.0,"event_name":"Nest","player_choice":"Stole From Cult","floor":25.0,"gold_loss":0.0,"damage_taken":0.0},{"cards_removed":["All Out Attack"],"damage_healed":0.0,"max_hp_gain":0.0,"max_hp_loss":0.0,"gold_gain":0.0,"event_name":"Falling","player_choice":"Removed Attack","floor":44.0,"gold_loss":0.0,"damage_taken":0.0},{"damage_healed":0.0,"max_hp_gain":0.0,"max_hp_loss":0.0,"gold_gain":333.0,"event_name":"The Moai Head","player_choice":"Gave Idol","floor":48.0,"relics_lost":["Golden Idol"],"gold_loss":0.0,"damage_taken":0.0}],"is_beta":false,"boss_relics":[{"not_picked":["Sozu","Empty Cage"],"picked":"Pandora\u0027s Box"},{"not_picked":["Tiny House","Runic Dome"],"picked":"Philosopher\u0027s Stone"}],"items_purged_floors":[10,28,39,53],"is_endless":false,"potions_floor_spawned":[1,12,16,18,21,24,30,33,35,38,40],"ascension_level":12}}