{"host":"qgrlfjrqk9z96gfi","time":1612030963,"event":{"mods":["BaseMod","Block Reminder","Colored Map","Custom Start","DeckTracker","Minty Spire (QoL Compilation)"],"gold_per_floor":[115,115,129,143,163,163,178,193,267,267,296,296,325,339,339,416,416,428,20,31,31,42,42,52,81,104,120,45,45,65,42,42,42,42],"floor_reached":33,"language":"ENG","playtime":1147,"items_purged":["Strike_G"],"score":662,"play_id":"73c65aa7-5ab7-46ff-b857-7ab7933db453","local_time":"20210130082243","is_ascension_mode":true,"campfire_choices":[{"floor":6.0,"key":"REST"},{"floor":12.0,"key":"REST"},{"floor":15.0,"key":"REST"},{"floor":23.0,"key":"REST"},{"floor":29,"key":"REST"},{"floor":32,"key":"REST"}],"circlet_count":0,"master_deck":["AscendersBane","Defend_G","Defend_G","Defend_G","Defend_G","Defend_G","Survivor","Neutralize","Die Die Die","Poisoned Stab","Slice","Riddle With Holes","Blade Dance","Backflip","Backstab","Terror","Skewer","After Image","Dash+1","Cloak And Dagger+1","Acrobatics+1","Prepared","Well Laid Plans","Infinite Blades","PiercingWail","Blade Dance","Footwork","Infinite Blades+1","Outmaneuver","Tactician"],"relics":["Ring of the Snake","Vajra","The Courier","MealTicket","Peace Pipe","Blood Vial","Astrolabe","Membership Card","Strawberry","Paper Crane","Darkstone Periapt","Art of War"],"acts_visited":["Exordium","TheCity"],"potions_floor_usage":[25,30,33],"damage_taken":[{"damage":2.0,"enemies":"Jaw Worm","floor":1.0,"turns":6.0},{"damage":7.0,"enemies":"Small Slimes","floor":3.0,"turns":2.0},{"damage":0.0,"enemies":"Cultist","floor":4.0,"turns":3.0},{"damage":5.0,"enemies":"3 Louse","floor":5.0,"turns":3.0},{"damage":0.0,"enemies":"Lots of Slimes","floor":7.0,"turns":1.0},{"damage":2.0,"enemies":"Gremlin Gang","floor":8.0,"turns":3.0},{"damage":29.0,"enemies":"Lagavulin","floor":11.0,"turns":6.0},{"damage":6.0,"enemies":"Gremlin Nob","floor":13.0,"turns":3.0},{"damage":6.0,"enemies":"Blue Slaver","floor":14.0,"turns":3.0},{"damage":0.0,"enemies":"Slime Boss","floor":16.0,"turns":5.0},{"damage":25.0,"enemies":"Chosen","floor":18.0,"turns":5.0},{"damage":20.0,"enemies":"Spheric Guardian","floor":20.0,"turns":4.0},{"damage":9.0,"enemies":"Centurion and Healer","floor":22.0,"turns":7.0},{"damage":6.0,"enemies":"Cultist and Chosen","floor":24.0,"turns":7.0},{"damage":27,"enemies":"Book of Stabbing","floor":25,"turns":7},{"damage":15,"enemies":"Chosen and Byrds","floor":27,"turns":6},{"damage":31,"enemies":"Snake Plant","floor":30,"turns":6},{"damage":50,"enemies":"Automaton","floor":33,"turns":6}],"seed_played":"8583893714910162359","potions_obtained":[{"floor":3.0,"key":"Energy Potion"},{"floor":4.0,"key":"Fruit Juice"},{"floor":7.0,"key":"Fire Potion"},{"floor":13.0,"key":"Swift Potion"},{"floor":18.0,"key":"SneckoOil"},{"floor":22.0,"key":"Poison Potion"},{"floor":24.0,"key":"SkillPotion"}],"is_trial":false,"path_per_floor":["M","?","M","M","M","R","M","M","T","T","E","R","E","M","R","B",null,"M","$","M","?","M","R","M","E","T","M","?","R","M","$","R","B"],"character_chosen":"THE_SILENT","items_purchased":["Membership Card","Strawberry","Paper Crane","Well Laid Plans","Infinite Blades","PiercingWail","Strength Potion"],"campfire_rested":6,"item_purchase_floors":[19,19,19,19,19,19,31],"current_hp_per_floor":[57,46,39,44,39,58,58,56,56,56,27,46,40,36,55,57,63,40,62,44,44,37,58,54,29,29,16,16,37,8,23,44,0,0],"gold":42,"neow_bonus":"THREE_RARE_CARDS","is_daily":false,"chose_seed":false,"campfire_upgraded":0,"win_rate":0.0,"timestamp":1612030963,"path_taken":["M","?","M","M","M","R","M","M","T","?","E","R","E","M","R","BOSS","M","$","M","?","M","R","M","E","T","?","?","R","M","$","R","BOSS"],"items_purchased_type":["Relic","Relic","Relic","Card","Card","Card","Potion"],"build_version":"2020-12-22","purchased_purges":1,"victory":false,"max_hp_per_floor":[60,60,60,65,65,65,65,65,65,65,65,65,65,65,65,65,65,65,72,72,72,72,72,72,72,72,72,72,72,72,72,72,72,72],"card_choices":[{"not_picked":["Night Terror","Doppelganger"],"picked":"Die Die Die","floor":0.0},{"not_picked":["Dagger Spray","Prepared"],"picked":"Poisoned Stab","floor":1.0},{"not_picked":["PiercingWail","Backflip"],"picked":"Slice","floor":3.0},{"not_picked":["Flying Knee","Predator"],"picked":"Riddle With Holes","floor":4.0},{"not_picked":["Quick Slash","Endless Agony"],"picked":"Blade Dance","floor":5.0},{"not_picked":["Slice","Acrobatics"],"picked":"Backflip","floor":7.0},{"not_picked":["Dagger Spray","Bullet Time"],"picked":"Backstab","floor":8.0},{"not_picked":["All Out Attack","Flying Knee","Reflex"],"picked":"SKIP","floor":11.0},{"not_picked":["Flying Knee","Cloak And Dagger"],"picked":"Terror","floor":13.0},{"not_picked":["Dagger Spray","Flying Knee"],"picked":"Skewer","floor":14.0},{"not_picked":["Night Terror","Glass Knife"],"picked":"After Image","floor":16.0},{"not_picked":["Bane+1","Dagger Spray"],"picked":"Prepared","floor":18.0},{"not_picked":["Dagger Throw","Finisher"],"picked":"Blade Dance","floor":20.0},{"not_picked":["Quick Slash","Deflect"],"picked":"Footwork","floor":22.0},{"not_picked":["Underhanded Strike","Dash","Acrobatics"],"picked":"SKIP","floor":24.0},{"not_picked":["Bouncing Flask","Heel Hook"],"picked":"Infinite Blades+1","floor":25},{"not_picked":["Deadly Poison","Dagger Throw+1"],"picked":"Outmaneuver","floor":27},{"not_picked":["Dodge and Roll","PiercingWail"],"picked":"Tactician","floor":30}],"player_experience":1082990,"relics_obtained":[{"floor":9.0,"key":"The Courier"},{"floor":10.0,"key":"MealTicket"},{"floor":11.0,"key":"Peace Pipe"},{"floor":13.0,"key":"Blood Vial"},{"floor":25,"key":"Darkstone Periapt"},{"floor":26,"key":"Art of War"}],"event_choices":[{"damage_healed":0.0,"max_hp_gain":0.0,"max_hp_loss":0.0,"gold_gain":0.0,"event_name":"Scrap Ooze","player_choice":"Success","floor":2.0,"gold_loss":0.0,"damage_taken":11.0,"relics_obtained":["Vajra"]},{"damage_healed":0.0,"max_hp_gain":0.0,"max_hp_loss":0.0,"gold_gain":0.0,"cards_transformed":["Strike_G"],"event_name":"Transmorgrifier","player_choice":"Transformed","floor":21.0,"gold_loss":0.0,"damage_taken":0.0,"cards_obtained":["Storm of Steel"]},{"cards_removed":["Storm of Steel"],"damage_healed":0,"gold_gain":0,"player_choice":"Gave Gold","damage_taken":0,"max_hp_gain":0,"max_hp_loss":0,"event_name":"Beggar","floor":28,"gold_loss":75}],"is_beta":false,"boss_relics":[{"not_picked":["Tiny House","SlaversCollar"],"picked":"Astrolabe"}],"items_purged_floors":[19],"is_endless":false,"potions_floor_spawned":[3,4,7,13,18,22,24],"killed_by":"Automaton","ascension_level":20}}