{"host":"jwbw4f4imxd0v0b0","time":1612011712,"event":{"mods":["BaseMod","Colored Map","Highlight Path","Minty Spire (QoL Compilation)","Relic Stats","StSLib"],"gold_per_floor":[110,128,98,117,132,160,160,192,192,192,35,35,35,54,54,183,183,199,199,67,2,2,2,2,2],"floor_reached":24,"language":"ENG","playtime":999,"items_purged":[],"score":323,"play_id":"e7a3e580-eeb4-4e43-9776-b2e7fd53b2c8","local_time":"20210130070152","is_ascension_mode":true,"campfire_choices":[{"data":"Ball Lightning","floor":7.0,"key":"SMITH"},{"floor":10.0,"key":"REST"},{"floor":15.0,"key":"REST"},{"data":"Genetic Algorithm","floor":23.0,"key":"SMITH"}],"circlet_count":0,"master_deck":["AscendersBane","Strike_B","Strike_B","Strike_B","Defend_B","Defend_B","Defend_B","Defend_B","Zap","Dualcast","Ball Lightning+1","Leap","Seek","Cold Snap","Buffer","Barrage","Electrodynamics","Genetic Algorithm+1","Sunder"],"relics":["SlaversCollar","Dream Catcher","Juzu Bracelet","Akabeko","Membership Card","Bloody Idol","Snecko Eye","Ornamental Fan","Prayer Wheel"],"acts_visited":["Exordium","TheCity"],"potions_floor_usage":[],"damage_taken":[{"damage":22.0,"enemies":"2 Louse","floor":1.0,"turns":3.0},{"damage":1.0,"enemies":"Cultist","floor":2.0,"turns":3.0},{"damage":3.0,"enemies":"Small Slimes","floor":4.0,"turns":4.0},{"damage":0.0,"enemies":"Exordium Wildlife","floor":5.0,"turns":3.0},{"damage":7.0,"enemies":"Lagavulin","floor":6.0,"turns":7.0},{"damage":18.0,"enemies":"Gremlin Nob","floor":8.0,"turns":4.0},{"damage":29.0,"enemies":"Exordium Thugs","floor":14.0,"turns":5.0},{"damage":25.0,"enemies":"Slime Boss","floor":16.0,"turns":12.0},{"damage":6.0,"enemies":"Chosen","floor":18.0,"turns":3.0},{"damage":68,"enemies":"Book of Stabbing","floor":24,"turns":4}],"seed_played":"-6331340975410503018","potions_obtained":[{"floor":3.0,"key":"Ancient Potion"},{"floor":3.0,"key":"SteroidPotion"},{"floor":5.0,"key":"Block Potion"},{"floor":8.0,"key":"Ancient Potion"},{"floor":16.0,"key":"FairyPotion"},{"floor":18.0,"key":"FearPotion"}],"is_trial":false,"path_per_floor":["M","M","?","M","M","E","R","E","T","R","$","?","?","M","R","B",null,"M","?","?","$","?","R","E"],"character_chosen":"DEFECT","items_purchased":["Membership Card","Sunder","PowerPotion"],"campfire_rested":2,"item_purchase_floors":[11,21,21],"current_hp_per_floor":[46,45,45,42,42,35,35,17,17,39,39,39,39,10,30,5,53,47,47,47,47,47,47,0,0],"gold":2,"neow_bonus":"BOSS_RELIC","is_daily":false,"chose_seed":false,"campfire_upgraded":2,"win_rate":0.0,"timestamp":1612011712,"path_taken":["M","M","?","M","?","E","R","E","T","R","$","?","?","M","R","BOSS","M","?","?","?","?","R","E"],"items_purchased_type":["Relic","Card","Potion"],"build_version":"2020-12-22","purchased_purges":0,"victory":false,"max_hp_per_floor":[75,75,75,75,75,75,75,75,75,75,75,69,69,69,69,69,69,69,69,69,69,69,69,69,69],"relic_stats":{"Dream Catcher":2,"counters":[10,48],"Ornamental Fan":[0],"Bloody Idol":0,"Snecko Eye":[12,10,9,13],"Prayer Wheel":0,"Juzu Bracelet":1,"obtain_stats":[{"SlaversCollar":0,"Dream Catcher":6,"Golden Idol":12,"Ornamental Fan":19,"Bloody Idol":22,"Snecko Eye":17,"Prayer Wheel":20,"Juzu Bracelet":8,"Membership Card":11,"Cracked Core":0,"Akabeko":9},{"SlaversCollar":0,"Dream Catcher":5,"Golden Idol":6,"Ornamental Fan":9,"Bloody Idol":9,"Snecko Eye":8,"Prayer Wheel":9,"Juzu Bracelet":6,"Membership Card":6,"Cracked Core":0,"Akabeko":6},{"SlaversCollar":0,"Dream Catcher":20,"Golden Idol":24,"Ornamental Fan":44,"Bloody Idol":44,"Snecko Eye":41,"Prayer Wheel":44,"Juzu Bracelet":24,"Membership Card":24,"Cracked Core":0,"Akabeko":24}]},"card_choices":[{"not_picked":["Rebound","Compile Driver"],"picked":"Ball Lightning","floor":1.0},{"not_picked":["Compile Driver","Rebound"],"picked":"Leap","floor":2.0},{"not_picked":["Redo","Steam"],"picked":"Seek","floor":4.0},{"not_picked":["Go for the Eyes","Streamline"],"picked":"Cold Snap","floor":5.0},{"not_picked":["Redo","Melter","Steam"],"picked":"SKIP","floor":6.0},{"not_picked":["Conserve Battery","Blizzard"],"picked":"Buffer","floor":8.0},{"not_picked":["Beam Cell","Tempest"],"picked":"Barrage","floor":14.0},{"not_picked":["Reboot","Seek"],"picked":"Electrodynamics","floor":16.0},{"not_picked":["Streamline","Rip and Tear+1"],"picked":"Genetic Algorithm","floor":18.0}],"player_experience":1164295,"relics_obtained":[{"floor":6.0,"key":"Dream Catcher"},{"floor":8.0,"key":"Juzu Bracelet"},{"floor":9.0,"key":"Akabeko"}],"event_choices":[{"damage_healed":0.0,"max_hp_gain":0.0,"max_hp_loss":0.0,"gold_gain":0.0,"event_name":"The Woman in Blue","player_choice":"Bought 2 Potions","floor":3.0,"gold_loss":0.0,"damage_taken":0.0},{"damage_healed":0.0,"max_hp_gain":0.0,"max_hp_loss":6.0,"gold_gain":0.0,"event_name":"Golden Idol","player_choice":"Lose Max HP","floor":12.0,"gold_loss":0.0,"damage_taken":0.0,"relics_obtained":["Golden Idol"]},{"cards_removed":["Strike_B"],"damage_healed":0.0,"max_hp_gain":0.0,"max_hp_loss":0.0,"gold_gain":0.0,"event_name":"Bonfire Elementals","player_choice":"Offered Basic","floor":13.0,"gold_loss":0.0,"damage_taken":0.0},{"damage_healed":0.0,"max_hp_gain":0.0,"max_hp_loss":0.0,"gold_gain":0.0,"event_name":"The Mausoleum","player_choice":"Opened","floor":19.0,"gold_loss":0.0,"damage_taken":0.0,"relics_obtained":["Ornamental Fan"]},{"damage_healed":0.0,"max_hp_gain":0.0,"max_hp_loss":0.0,"gold_gain":0.0,"event_name":"WeMeetAgain","player_choice":"Paid Gold","floor":20.0,"gold_loss":132.0,"damage_taken":0.0,"relics_obtained":["Prayer Wheel"]},{"damage_healed":0.0,"max_hp_gain":0.0,"max_hp_loss":0.0,"gold_gain":0.0,"event_name":"Forgotten Altar","player_choice":"Gave Idol","floor":22.0,"relics_lost":["Golden Idol"],"gold_loss":0.0,"damage_taken":0.0,"relics_obtained":["Bloody Idol"]}],"is_beta":false,"boss_relics":[{"not_picked":["Velvet Choker","Runic Dome"],"picked":"Snecko Eye"}],"items_purged_floors":[],"is_endless":false,"potions_floor_spawned":[5,8,16,18],"killed_by":"Book of Stabbing","ascension_level":12}}