{"host":"vhvubw4jk4f204qs","time":1612028281,"event":{"mods":["AchievementEnabler","BaseMod","DeckTracker","GifTheSpireLib","Minty Spire (QoL Compilation)","Permanent Neow","Quick Restart","StSLib","SuperFastMode","The IronCluck","slay the spire mod where everything is the same but ironclad has a cowboy hat"],"gold_per_floor":[110,35,46,56,76,76,102,102,149,149,149,182,207,217,217,217,217],"floor_reached":16,"language":"ENG","playtime":1295,"items_purged":[],"score":220,"play_id":"54856f9d-3ad1-4d96-9fb3-a230b84b9508","local_time":"20210130123801","is_ascension_mode":true,"campfire_choices":[{"data":"Compile Driver","floor":6,"key":"SMITH"},{"data":"Streamline","floor":8,"key":"SMITH"},{"floor":10,"key":"REST"},{"floor":15,"key":"REST"}],"circlet_count":0,"master_deck":["AscendersBane","Strike_B","Strike_B","Strike_B","Defend_B","Defend_B","Defend_B","Defend_B","Zap","Dualcast","Compile Driver+1","Cold Snap","Genetic Algorithm","Genetic Algorithm","Streamline+1","Heatsinks","Sweeping Beam","Ball Lightning"],"relics":["Snecko Eye","Mummified Hand","Vajra","Blood Vial","Odd Mushroom"],"acts_visited":["Exordium"],"potions_floor_usage":[3,7,7,16],"damage_taken":[{"damage":8,"enemies":"Small Slimes","floor":1,"turns":4},{"damage":5,"enemies":"Cultist","floor":3,"turns":4},{"damage":11,"enemies":"2 Louse","floor":4,"turns":3},{"damage":16,"enemies":"2 Fungi Beasts","floor":5,"turns":3},{"damage":6,"enemies":"Gremlin Nob","floor":7,"turns":3},{"damage":29,"enemies":"Lagavulin","floor":12,"turns":7},{"damage":25,"enemies":"The Mushroom Lair","floor":13,"turns":5},{"damage":11,"enemies":"Red Slaver","floor":14,"turns":3},{"damage":9,"enemies":"Hexaghost","floor":16,"turns":9}],"seed_played":"3532906637379302883","potions_obtained":[{"floor":1,"key":"AttackPotion"},{"floor":4,"key":"FearPotion"},{"floor":5,"key":"SteroidPotion"},{"floor":14,"key":"SkillPotion"}],"is_trial":false,"path_per_floor":["M","?","M","M","M","R","E","R","T","R","?","E","?","M","R","B"],"character_chosen":"DEFECT","items_purchased":[],"campfire_rested":2,"item_purchase_floors":[],"current_hp_per_floor":[56,56,51,40,24,24,18,18,18,39,62,33,10,1,22,15,15],"gold":217,"neow_bonus":"BOSS_RELIC","is_daily":false,"chose_seed":false,"campfire_upgraded":2,"win_rate":0.0,"timestamp":1612028281,"path_taken":["M","?","M","M","M","R","E","R","T","R","?","E","?","M","R","BOSS"],"items_purchased_type":[],"build_version":"2020-12-22","purchased_purges":0,"victory":false,"max_hp_per_floor":[71,71,71,71,71,71,71,71,71,71,71,71,71,71,71,71,71],"card_choices":[{"not_picked":["Reprogram","Steam Power"],"picked":"Compile Driver","floor":1},{"not_picked":["Coolheaded","Beam Cell"],"picked":"Cold Snap","floor":3},{"not_picked":["Cold Snap","Aggregate"],"picked":"Genetic Algorithm","floor":4},{"not_picked":["Steam","Barrage"],"picked":"Genetic Algorithm","floor":5},{"not_picked":["Beam Cell","Rebound"],"picked":"Streamline","floor":7},{"not_picked":["Melter","Reboot"],"picked":"Heatsinks","floor":12},{"not_picked":["Stack","Turbo"],"picked":"Sweeping Beam","floor":13},{"not_picked":["Lockon","Cold Snap"],"picked":"Ball Lightning","floor":14}],"player_experience":745036,"relics_obtained":[{"floor":7,"key":"Mummified Hand"},{"floor":9,"key":"Vajra"},{"floor":12,"key":"Blood Vial"},{"floor":13,"key":"Odd Mushroom"}],"event_choices":[{"cards_removed":["Strike_B"],"damage_healed":0,"gold_gain":0,"player_choice":"Card Removal","damage_taken":0,"max_hp_gain":0,"max_hp_loss":0,"event_name":"The Cleric","floor":2,"gold_loss":75},{"damage_healed":23,"gold_gain":0,"player_choice":"Banana","damage_taken":0,"max_hp_gain":0,"max_hp_loss":0,"event_name":"Big Fish","floor":11,"gold_loss":0},{"damage_healed":0,"gold_gain":0,"player_choice":"Fought Mushrooms","damage_taken":0,"max_hp_gain":0,"max_hp_loss":0,"event_name":"Mushrooms","floor":13,"gold_loss":0}],"is_beta":false,"boss_relics":[],"items_purged_floors":[],"is_endless":false,"potions_floor_spawned":[1,4,5,14],"killed_by":"Hexaghost","ascension_level":20}}