{"host":"0vd2boh2oi7jm085","time":1612004875,"event":{"mods":["BaseMod","Colored Map","Colored Powertips","Highlight Path","Minty Spire (QoL Compilation)","Quick Restart","StSLib","The IronCluck"],"gold_per_floor":[118,118,128,144,160,185,335,366,366,366,366,291,310,329,329,400,400,418,432,148,165,181,181,207,207,207,225,225,244,244,169,169,246,246,265,276,296,138,150,150,162,179,225,272,284,331,358,370,382,394,394],"floor_reached":50,"language":"ENG","playtime":1575,"items_purged":["Doubt"],"score":1074,"play_id":"fa221527-f628-4068-a899-32e0a09119a1","local_time":"20210130030755","is_ascension_mode":true,"campfire_choices":[{"floor":10.0,"key":"REST"},{"data":"Spot Weakness","floor":15.0,"key":"SMITH"},{"floor":23.0,"key":"REST"},{"floor":25.0,"key":"REST"},{"floor":28.0,"key":"REST"},{"data":"Double Tap","floor":32.0,"key":"SMITH"},{"floor":40.0,"key":"REST"},{"floor":45.0,"key":"REST"},{"floor":49,"key":"REST"}],"circlet_count":0,"master_deck":["AscendersBane","Strike_R+1","Strike_R+1","Strike_R+1","Strike_R+1","Strike_R+1","Defend_R+1","Defend_R+1","Defend_R+1","Defend_R+1","Heavy Blade","Spot Weakness+1","Carnage","Offering","Shockwave","Reaper","Flex","Double Tap+1","Anger","Dropkick","Bloodletting+1","Whirlwind","Flex","Finesse"],"relics":["Burning Blood","Orichalcum","Pen Nib","Happy Flower","HornCleat","Velvet Choker","Pear","White Beast Statue","Runic Pyramid","HandDrill","MawBank","Juzu Bracelet","Centennial Puzzle"],"acts_visited":["Exordium","TheCity","TheBeyond"],"potions_floor_usage":[47,47],"damage_taken":[{"damage":10.0,"enemies":"Small Slimes","floor":1.0,"turns":4.0},{"damage":6.0,"enemies":"Cultist","floor":3.0,"turns":3.0},{"damage":16.0,"enemies":"2 Louse","floor":4.0,"turns":3.0},{"damage":7.0,"enemies":"2 Fungi Beasts","floor":5.0,"turns":3.0},{"damage":30.0,"enemies":"Lagavulin","floor":6.0,"turns":5.0},{"damage":11.0,"enemies":"Gremlin Nob","floor":8.0,"turns":3.0},{"damage":5.0,"enemies":"Gremlin Gang","floor":13.0,"turns":5.0},{"damage":3.0,"enemies":"3 Louse","floor":14.0,"turns":3.0},{"damage":30.0,"enemies":"Hexaghost","floor":16.0,"turns":8.0},{"damage":22.0,"enemies":"Spheric Guardian","floor":18.0,"turns":4.0},{"damage":6.0,"enemies":"Chosen","floor":19.0,"turns":3.0},{"damage":19.0,"enemies":"Centurion and Healer","floor":21.0,"turns":5.0},{"damage":28.0,"enemies":"Snake Plant","floor":22.0,"turns":3.0},{"damage":68.0,"enemies":"Slavers","floor":24.0,"turns":6.0},{"damage":28.0,"enemies":"Shelled Parasite and Fungi","floor":27.0,"turns":4.0},{"damage":6.0,"enemies":"Chosen and Byrds","floor":29.0,"turns":4.0},{"damage":100.0,"enemies":"Automaton","floor":33.0,"turns":10.0},{"damage":28.0,"enemies":"3 Darklings","floor":35.0,"turns":4.0},{"damage":10.0,"enemies":"Orb Walker","floor":36.0,"turns":3.0},{"damage":44.0,"enemies":"Jaw Worm Horde","floor":37.0,"turns":4.0},{"damage":29.0,"enemies":"Maw","floor":39.0,"turns":5.0},{"damage":109.0,"enemies":"Sphere and 2 Shapes","floor":41.0,"turns":5.0},{"damage":21.0,"enemies":"3 Darklings","floor":42.0,"turns":3.0},{"damage":15.0,"enemies":"Nemesis","floor":44.0,"turns":7.0},{"damage":82.0,"enemies":"Reptomancer","floor":46.0,"turns":6.0},{"damage":21,"enemies":"Writhing Mass","floor":47,"turns":6},{"damage":42,"enemies":"Donu and Deca","floor":50,"turns":4}],"seed_played":"-4271637896504654264","potions_obtained":[{"floor":4.0,"key":"FearPotion"},{"floor":5.0,"key":"Weak Potion"},{"floor":8.0,"key":"Dexterity Potion"},{"floor":13.0,"key":"AttackPotion"},{"floor":14.0,"key":"FairyPotion"},{"floor":24.0,"key":"ColorlessPotion"},{"floor":29.0,"key":"Fire Potion"},{"floor":33.0,"key":"Block Potion"},{"floor":35.0,"key":"FairyPotion"},{"floor":39.0,"key":"ElixirPotion"},{"floor":41.0,"key":"DuplicationPotion"},{"floor":47,"key":"Fruit Juice"}],"is_trial":false,"path_per_floor":["M","?","M","M","M","E","?","E","T","R","?","?","M","M","R","B",null,"M","M","$","M","M","R","E","R","T","M","R","M","?","?","R","B",null,"M","M","M","$","M","R","M","M","T","E","R","E","M","?","R","B"],"character_chosen":"IRONCLAD","items_purchased":["Double Tap","Anger","HandDrill"],"campfire_rested":7,"item_purchase_floors":[20,20,38],"current_hp_per_floor":[60,60,60,50,49,25,25,20,20,46,75,75,76,79,79,55,81,65,74,74,67,46,72,32,61,61,39,68,95,95,95,95,55,88,89,85,62,62,39,68,22,39,39,46,75,23,18,18,49,7,7],"gold":394,"neow_bonus":"TWENTY_PERCENT_HP_BONUS","is_daily":false,"chose_seed":false,"campfire_upgraded":2,"win_rate":0.0,"timestamp":1612004875,"path_taken":["M","?","?","M","?","E","?","E","T","R","?","?","M","M","R","BOSS","M","M","$","M","?","R","E","R","T","M","R","M","?","?","R","BOSS","M","M","M","$","M","R","M","M","T","E","R","E","M","?","R","BOSS"],"items_purchased_type":["Card","Card","Relic"],"build_version":"2020-12-22","purchased_purges":1,"victory":false,"max_hp_per_floor":[89,89,89,89,89,89,89,89,89,89,89,89,89,89,89,89,89,89,89,89,89,89,89,99,99,99,99,99,99,99,99,99,99,99,99,99,99,99,99,99,99,99,99,99,99,99,104,104,104,104,104],"card_choices":[{"not_picked":["Headbutt","Clothesline"],"picked":"Heavy Blade","floor":1.0},{"not_picked":["Thunderclap","Heavy Blade"],"picked":"Spot Weakness","floor":3.0},{"not_picked":["Dark Embrace","Clothesline","Battle Trance"],"picked":"SKIP","floor":4.0},{"not_picked":["Dual Wield","Clash"],"picked":"Carnage","floor":5.0},{"not_picked":["Dark Embrace","Offering","Burning Pact"],"picked":"SKIP","floor":6.0},{"not_picked":["Dark Embrace","Burning Pact"],"picked":"Offering","floor":6.0},{"not_picked":["Fiend Fire","Perfected Strike"],"picked":"Shockwave","floor":8.0},{"not_picked":["Battle Trance","Twin Strike","Armaments"],"picked":"SKIP","floor":13.0},{"not_picked":["Havoc","Armaments","Iron Wave"],"picked":"SKIP","floor":14.0},{"not_picked":["Berserk","Juggernaut"],"picked":"Reaper","floor":16.0},{"not_picked":["Perfected Strike","Headbutt"],"picked":"Flex","floor":18.0},{"not_picked":["Battle Trance","Iron Wave","Feed"],"picked":"SKIP","floor":19.0},{"not_picked":["Body Slam","Wild Strike","Rampage"],"picked":"SKIP","floor":21.0},{"not_picked":["Hemokinesis+1","Iron Wave"],"picked":"Dropkick","floor":22.0},{"not_picked":["Combust","Dark Embrace","Disarm"],"picked":"SKIP","floor":24.0},{"not_picked":["Clothesline","True Grit","Twin Strike"],"picked":"SKIP","floor":27.0},{"not_picked":["Power Through","Sword Boomerang","Warcry"],"picked":"SKIP","floor":29.0},{"not_picked":["Body Slam","Armaments","Metallicize"],"picked":"SKIP","floor":35.0},{"not_picked":["Wild Strike","Anger"],"picked":"Bloodletting+1","floor":36.0},{"not_picked":["Perfected Strike","Feel No Pain"],"picked":"Whirlwind","floor":37.0},{"not_picked":["Sword Boomerang","Clash","Disarm"],"picked":"SKIP","floor":39.0},{"not_picked":["Power Through","Thunderclap","Bloodletting"],"picked":"SKIP","floor":41.0},{"not_picked":["True Grit","Cleave"],"picked":"Flex","floor":42.0},{"not_picked":["Wild Strike","Feed","Clothesline+1"],"picked":"SKIP","floor":44.0},{"not_picked":["Pommel Strike+1","Headbutt","Double Tap"],"picked":"SKIP","floor":46.0},{"not_picked":["Combust","Second Wind","Evolve"],"picked":"SKIP","floor":47},{"not_picked":["Mind Blast","Deep Breath"],"picked":"Finesse","floor":48}],"player_experience":112916,"relics_obtained":[{"floor":6.0,"key":"Orichalcum"},{"floor":8.0,"key":"Pen Nib"},{"floor":9.0,"key":"Happy Flower"},{"floor":24.0,"key":"Pear"},{"floor":26.0,"key":"White Beast Statue"},{"floor":43.0,"key":"MawBank"},{"floor":44.0,"key":"Juzu Bracelet"},{"floor":46.0,"key":"Centennial Puzzle"}],"event_choices":[{"damage_healed":0.0,"max_hp_gain":0.0,"max_hp_loss":0.0,"gold_gain":0.0,"event_name":"Purifier","player_choice":"Ignored","floor":2.0,"gold_loss":0.0,"damage_taken":0.0},{"damage_healed":0.0,"max_hp_gain":0.0,"max_hp_loss":0.0,"gold_gain":150.0,"event_name":"Liars Game","player_choice":"AGREE","floor":7.0,"gold_loss":0.0,"damage_taken":0.0,"cards_obtained":["Doubt"]},{"damage_healed":29.0,"max_hp_gain":0.0,"max_hp_loss":0.0,"gold_gain":0.0,"event_name":"Big Fish","player_choice":"Banana","floor":11.0,"gold_loss":0.0,"damage_taken":0.0},{"damage_healed":0.0,"max_hp_gain":0.0,"max_hp_loss":0.0,"gold_gain":0.0,"event_name":"WeMeetAgain","player_choice":"Paid Gold","floor":12.0,"gold_loss":75.0,"damage_taken":0.0,"relics_obtained":["HornCleat"]},{"damage_healed":0.0,"max_hp_gain":0.0,"max_hp_loss":0.0,"gold_gain":0.0,"event_name":"Back to Basics","player_choice":"Simplicity","floor":30.0,"gold_loss":0.0,"damage_taken":0.0,"cards_upgraded":["Strike_R","Strike_R","Strike_R","Strike_R","Strike_R","Defend_R","Defend_R","Defend_R","Defend_R"]},{"cards_removed":["Bash"],"damage_healed":0.0,"max_hp_gain":0.0,"max_hp_loss":0.0,"gold_gain":0.0,"event_name":"Beggar","player_choice":"Gave Gold","floor":31.0,"gold_loss":75.0,"damage_taken":0.0},{"damage_healed":0,"gold_gain":0,"player_choice":"Memory 1","damage_taken":0,"max_hp_gain":0,"max_hp_loss":0,"event_name":"SensoryStone","floor":48,"gold_loss":0}],"is_beta":false,"boss_relics":[{"not_picked":["SacredBark","Tiny House"],"picked":"Velvet Choker"},{"not_picked":["Runic Dome","Philosopher\u0027s Stone"],"picked":"Runic Pyramid"}],"items_purged_floors":[20],"is_endless":false,"potions_floor_spawned":[4,5,8,13,14,22,24,27,29,33,35,36,37,39,41,42,44,46,47],"killed_by":"Donu and Deca","ascension_level":19}}