{"host":"o67iw34xdwlyp80a","time":1612034030,"event":{"mods":["BaseMod","Minty Spire (QoL Compilation)","Relic Stats","StSLib"],"gold_per_floor":[109,34,52,71,83,83,109,109,109,39,139,174,174,187,187,288,288,303,24,24,24,24,49,3,37,37,57,57,76,76,90,90,90,90],"floor_reached":33,"language":"ENG","playtime":1878,"items_purged":["Doubt","Sentinel"],"score":396,"play_id":"596e171c-2e7c-40d9-bc98-dea210da6841","local_time":"20210130191350","is_ascension_mode":true,"campfire_choices":[{"data":"Body Slam","floor":6,"key":"SMITH"},{"data":"Pommel Strike","floor":8,"key":"SMITH"},{"data":"Iron Wave","floor":13,"key":"SMITH"},{"floor":15,"key":"REST"},{"floor":28,"key":"REST"},{"floor":30,"key":"REST"},{"floor":32,"key":"REST"}],"circlet_count":0,"master_deck":["Strike_R","Strike_R","Strike_R","Defend_R","Defend_R","Defend_R","Defend_R","Bash","Bludgeon","Pommel Strike+1","Body Slam+1","Thunderclap","Carnage","Disarm","Metallicize","Iron Wave+1","Juggernaut","Flex+1","Demon Form","Sword Boomerang","Shame","Body Slam","Shrug It Off","Fire Breathing+1","Seeing Red+1","Iron Wave"],"relics":["Burning Blood","Pear","Sundial","Mercury Hourglass","Black Star","Red Skull","StrikeDummy","Letter Opener","Ginger","Ancient Tea Set","White Beast Statue"],"acts_visited":["Exordium","TheCity"],"potions_floor_usage":[7,12,23,25,29,31,33,33],"damage_taken":[{"damage":1,"enemies":"Cultist","floor":1,"turns":3},{"damage":0,"enemies":"2 Louse","floor":3,"turns":3},{"damage":4,"enemies":"Small Slimes","floor":4,"turns":2},{"damage":9,"enemies":"Blue Slaver","floor":5,"turns":5},{"damage":31,"enemies":"3 Sentries","floor":7,"turns":5},{"damage":45,"enemies":"Lagavulin","floor":12,"turns":6},{"damage":8,"enemies":"3 Louse","floor":14,"turns":3},{"damage":38,"enemies":"Hexaghost","floor":16,"turns":11},{"damage":20,"enemies":"Spheric Guardian","floor":18,"turns":4},{"damage":69,"enemies":"Gremlin Leader","floor":23,"turns":8},{"damage":40,"enemies":"Slavers","floor":25,"turns":5},{"damage":31,"enemies":"Shell Parasite","floor":27,"turns":5},{"damage":29,"enemies":"Centurion and Healer","floor":29,"turns":5},{"damage":21,"enemies":"Snecko","floor":31,"turns":4},{"damage":56,"enemies":"Collector","floor":33,"turns":5}],"seed_played":"-6695815957650684559","potions_obtained":[{"floor":1,"key":"Ancient Potion"},{"floor":4,"key":"Ancient Potion"},{"floor":5,"key":"PowerPotion"},{"floor":7,"key":"FairyPotion"},{"floor":16,"key":"ColorlessPotion"},{"floor":23,"key":"Regen Potion"},{"floor":27,"key":"SkillPotion"},{"floor":29,"key":"LiquidBronze"},{"floor":31,"key":"Strength Potion"}],"is_trial":false,"path_per_floor":["M","$","M","M","M","R","E","R","T","$","?","E","R","M","R","B",null,"M","$","?","?","?","E","$","E","T","M","R","M","R","M","R","B"],"character_chosen":"IRONCLAD","items_purchased":["Metallicize","Demon Form","Sword Boomerang","Shrug It Off"],"campfire_rested":4,"item_purchase_floors":[10,19,19,24],"current_hp_per_floor":[77,77,80,80,77,77,62,62,62,62,62,23,23,21,48,16,72,58,58,88,88,88,25,25,38,38,13,40,17,44,29,56,0,0],"gold":90,"neow_bonus":"TRANSFORM_TWO_CARDS","is_daily":false,"chose_seed":false,"campfire_upgraded":3,"win_rate":0.0,"timestamp":1612034030,"path_taken":["M","$","?","?","M","R","E","R","T","$","?","E","R","M","R","BOSS","M","$","?","?","?","E","?","E","T","M","R","M","R","?","R","BOSS"],"items_purchased_type":["Card","Card","Card","Card"],"build_version":"2020-12-22","purchased_purges":2,"victory":false,"max_hp_per_floor":[80,80,80,80,80,80,90,90,90,90,90,90,90,90,90,90,90,90,90,90,90,90,90,90,90,90,90,90,90,90,90,90,90,90],"relic_stats":{"counters":[15,74],"Sundial":[8],"Black Star":2,"Letter Opener":[20],"Ginger":[3],"obtain_stats":[{"Pear":7,"Sundial":9,"Black Star":17,"Letter Opener":23,"Ginger":25,"StrikeDummy":23,"Ancient Tea Set":25,"Burning Blood":0,"Red Skull":21,"White Beast Statue":26,"Mercury Hourglass":12},{"Pear":5,"Sundial":5,"Black Star":8,"Letter Opener":10,"Ginger":11,"StrikeDummy":10,"Ancient Tea Set":11,"Burning Blood":0,"Red Skull":9,"White Beast Statue":11,"Mercury Hourglass":6},{"Pear":18,"Sundial":18,"Black Star":38,"Letter Opener":50,"Ginger":55,"StrikeDummy":50,"Ancient Tea Set":55,"Burning Blood":0,"Red Skull":42,"White Beast Statue":55,"Mercury Hourglass":24}],"Burning Blood":79,"Mercury Hourglass":[186]},"card_choices":[{"not_picked":["Warcry","Searing Blow"],"picked":"Pommel Strike","floor":1},{"not_picked":["Rampage","Armaments"],"picked":"Body Slam","floor":3},{"not_picked":["Flex","Sentinel"],"picked":"Thunderclap","floor":4},{"not_picked":["Thunderclap","Second Wind"],"picked":"Carnage","floor":5},{"not_picked":["True Grit","Clothesline"],"picked":"Disarm","floor":7},{"not_picked":["Sword Boomerang","Impervious"],"picked":"Iron Wave","floor":12},{"not_picked":["Anger","Seeing Red","Warcry"],"picked":"SKIP","floor":14},{"not_picked":["Immolate","Reaper"],"picked":"Juggernaut","floor":16},{"not_picked":["Shrug It Off","Perfected Strike+1"],"picked":"Flex+1","floor":18},{"not_picked":["Second Wind","Bludgeon"],"picked":"Body Slam","floor":23},{"not_picked":["Anger","Havoc+1"],"picked":"Fire Breathing+1","floor":25},{"not_picked":["Pommel Strike","Anger"],"picked":"Seeing Red+1","floor":27},{"not_picked":["Body Slam","Flex"],"picked":"Iron Wave","floor":29},{"not_picked":["Dropkick","Havoc","Clothesline"],"picked":"SKIP","floor":31}],"player_experience":1120256,"relics_obtained":[{"floor":7,"key":"Pear"},{"floor":9,"key":"Sundial"},{"floor":12,"key":"Mercury Hourglass"},{"floor":23,"key":"StrikeDummy"},{"floor":23,"key":"Letter Opener"},{"floor":25,"key":"Ginger"},{"floor":25,"key":"Ancient Tea Set"},{"floor":26,"key":"White Beast Statue"}],"event_choices":[{"damage_healed":0,"gold_gain":100,"player_choice":"Pray","damage_taken":0,"max_hp_gain":0,"max_hp_loss":0,"event_name":"Golden Shrine","floor":11,"gold_loss":0},{"damage_healed":30,"gold_gain":0,"player_choice":"Heal","damage_taken":0,"max_hp_gain":0,"max_hp_loss":0,"event_name":"The Library","floor":20,"gold_loss":0},{"damage_healed":0,"gold_gain":0,"player_choice":"Stole Relic","damage_taken":0,"relics_obtained":["Red Skull"],"max_hp_gain":0,"max_hp_loss":0,"event_name":"Addict","floor":21,"gold_loss":0,"cards_obtained":["Shame"]},{"damage_healed":0,"gold_gain":0,"player_choice":"Ignored","damage_taken":0,"max_hp_gain":0,"max_hp_loss":0,"event_name":"The Mausoleum","floor":22,"gold_loss":0}],"is_beta":false,"boss_relics":[{"not_picked":["SlaversCollar","Runic Pyramid"],"picked":"Black Star"}],"items_purged_floors":[2,19],"is_endless":false,"potions_floor_spawned":[1,4,5,7,16,23,27,29,31],"killed_by":"Collector","ascension_level":7}}