{"host":"vyjryxuuuxkt43k4","time":1612026874,"event":{"mods":["AchievementEnabler","BaseMod","Colored Map","DeckTracker","Keyboard Shortcuts","Minty Spire (QoL Compilation)","Permanent Neow","Quick Restart","Rare Cards Sparkle","StSLib","SuperFastMode","everything is the same but u backflip on backflip"],"gold_per_floor":[119,138,213,231,246,246,276,276,276,290,306,306,306,13,13,13,13],"floor_reached":16,"language":"KOR","playtime":386,"items_purged":["Strike_R"],"score":204,"play_id":"d1c3e134-a791-407e-a82e-9d9a3f3f5190","local_time":"20210131021434","is_ascension_mode":true,"campfire_choices":[{"data":"Carnage","floor":6.0,"key":"SMITH"},{"floor":12.0,"key":"REST"},{"floor":15.0,"key":"REST"}],"circlet_count":0,"master_deck":["AscendersBane","Strike_R","Strike_R","Strike_R","Defend_R","Defend_R","Defend_R","Defend_R","Bash","Panache","Pommel Strike","Carnage+1","Ghostly Armor","Shrug It Off","Headbutt","Blood for Blood","Feed","Enlightenment","Evolve"],"relics":["Burning Blood","Pear","Question Card","InkBottle","Membership Card"],"acts_visited":["Exordium"],"potions_floor_usage":[16],"damage_taken":[{"damage":3.0,"enemies":"2 Louse","floor":1.0,"turns":3.0},{"damage":26.0,"enemies":"Jaw Worm","floor":2.0,"turns":5.0},{"damage":0.0,"enemies":"Small Slimes","floor":4.0,"turns":3.0},{"damage":20.0,"enemies":"Red Slaver","floor":5.0,"turns":4.0},{"damage":22.0,"enemies":"Lagavulin","floor":7.0,"turns":6.0},{"damage":0.0,"enemies":"2 Fungi Beasts","floor":10.0,"turns":2.0},{"damage":17.0,"enemies":"Gremlin Gang","floor":11.0,"turns":8.0},{"damage":36,"enemies":"The Guardian","floor":16,"turns":5}],"seed_played":"4268148101709493794","potions_obtained":[{"floor":1.0,"key":"SteroidPotion"},{"floor":7.0,"key":"Weak Potion"},{"floor":11.0,"key":"GamblersBrew"}],"is_trial":false,"path_per_floor":["M","M","?","M","M","R","E","?","T","M","M","R","?","$","R","B"],"character_chosen":"IRONCLAD","items_purchased":["Membership Card","Enlightenment","Evolve"],"campfire_rested":2,"item_purchase_floors":[14,14,14],"current_hp_per_floor":[68,48,37,43,29,29,23,23,23,29,21,45,10,10,34,0,0],"gold":13,"neow_bonus":"RANDOM_COLORLESS_2","is_daily":false,"chose_seed":false,"campfire_upgraded":1,"win_rate":0.0,"timestamp":1612026874,"path_taken":["M","M","?","M","M","R","E","?","T","M","M","R","?","$","R","BOSS"],"items_purchased_type":["Relic","Card","Card"],"build_version":"2020-12-22","purchased_purges":1,"victory":false,"max_hp_per_floor":[68,68,68,68,68,68,78,78,78,78,81,81,81,81,81,81,81],"card_choices":[{"not_picked":["Thinking Ahead","Chrysalis"],"picked":"Panache","floor":0.0},{"not_picked":["Cleave","Body Slam"],"picked":"Pommel Strike","floor":1.0},{"not_picked":["Body Slam","Entrench"],"picked":"Carnage","floor":2.0},{"not_picked":["Juggernaut","Anger"],"picked":"Ghostly Armor","floor":4.0},{"not_picked":["Sword Boomerang","Clothesline"],"picked":"Shrug It Off","floor":5.0},{"not_picked":["Body Slam","Pommel Strike"],"picked":"Headbutt","floor":7.0},{"not_picked":["Clash","Cleave","Intimidate"],"picked":"Feed","floor":10.0},{"not_picked":["Clash","Ghostly Armor","Thunderclap","True Grit"],"picked":"SKIP","floor":11.0}],"player_experience":530292,"relics_obtained":[{"floor":7.0,"key":"Pear"},{"floor":9.0,"key":"Question Card"}],"event_choices":[{"damage_healed":0.0,"max_hp_gain":0.0,"max_hp_loss":0.0,"gold_gain":75.0,"event_name":"World of Goop","player_choice":"Gather Gold","floor":3.0,"gold_loss":0.0,"damage_taken":11.0},{"damage_healed":0.0,"max_hp_gain":0.0,"max_hp_loss":0.0,"gold_gain":0.0,"cards_transformed":["Strike_R"],"event_name":"Living Wall","player_choice":"Change","floor":8.0,"gold_loss":0.0,"damage_taken":0.0,"cards_obtained":["Blood for Blood"]},{"damage_healed":0.0,"max_hp_gain":0.0,"max_hp_loss":0.0,"gold_gain":0.0,"event_name":"Scrap Ooze","player_choice":"Success","floor":13.0,"gold_loss":0.0,"damage_taken":35.0,"relics_obtained":["InkBottle"]}],"is_beta":false,"boss_relics":[],"items_purged_floors":[14],"is_endless":false,"potions_floor_spawned":[1,7,11],"killed_by":"The Guardian","ascension_level":20}}