{"host":"c44ey07ufggfw2m8","time":1612012647,"event":{"mods":["2.2 Compatiblity","BaseMod","Colored Map","DeckTracker","Highlight Path","Keyboard Shortcuts","Minty Spire (QoL Compilation)","Permanent Neow","Quick Restart","StSLib","SuperFastMode","UnlockEverythingMod"],"gold_per_floor":[114,131,148,323,334,334,92,127,152,182,199,199,224,243,243,344,344,357,64,64,78,78,78,103,117,117,132,132,167,167,193,193,193,193],"floor_reached":33,"language":"KOR","playtime":996,"items_purged":["Doubt"],"score":431,"play_id":"cf0f9bf4-ce94-4ddf-b59f-a3e2a6e4e95b","local_time":"20210130221727","is_ascension_mode":true,"campfire_choices":[{"data":"Backstab","floor":6.0,"key":"SMITH"},{"data":"Sadistic Nature","floor":12.0,"key":"SMITH"},{"data":"Neutralize","floor":15.0,"key":"SMITH"},{"floor":23,"key":"REST"},{"floor":28,"key":"REST"},{"data":"Bouncing Flask","floor":30,"key":"SMITH"},{"data":"Prepared","floor":32,"key":"SMITH"}],"circlet_count":0,"master_deck":["AscendersBane","Strike_G","Strike_G","Defend_G+1","Defend_G","Defend_G","Defend_G","Defend_G+1","Survivor","Neutralize+1","Backstab+1","Deadly Poison","Backflip","Poisoned Stab","Sadistic Nature+1","Deadly Poison","Cloak And Dagger","Well Laid Plans","Dagger Throw","Corpse Explosion","Predator+1","Endless Agony+1","Deflect+1","Bouncing Flask+1","Prepared+1","Noxious Fumes","Bouncing Flask"],"relics":["Velvet Choker","Centennial Puzzle","War Paint","PreservedInsect","Odd Mushroom","Astrolabe","Gambling Chip","Ninja Scroll","Darkstone Periapt","CeramicFish"],"acts_visited":["Exordium","TheCity"],"potions_floor_usage":[21,33,33],"damage_taken":[{"damage":5.0,"enemies":"Cultist","floor":1.0,"turns":5.0},{"damage":0.0,"enemies":"Small Slimes","floor":2.0,"turns":3.0},{"damage":0.0,"enemies":"2 Louse","floor":3.0,"turns":2.0},{"damage":3.0,"enemies":"Looter","floor":5.0,"turns":3.0},{"damage":25.0,"enemies":"3 Sentries","floor":8.0,"turns":7.0},{"damage":1.0,"enemies":"Red Slaver","floor":11.0,"turns":2.0},{"damage":5.0,"enemies":"The Mushroom Lair","floor":13.0,"turns":4.0},{"damage":7.0,"enemies":"Blue Slaver","floor":14.0,"turns":2.0},{"damage":2.0,"enemies":"Hexaghost","floor":16.0,"turns":8.0},{"damage":10.0,"enemies":"2 Thieves","floor":18.0,"turns":4.0},{"damage":22,"enemies":"Spheric Guardian","floor":21,"turns":4},{"damage":5,"enemies":"Gremlin Leader","floor":24,"turns":4},{"damage":10,"enemies":"Snake Plant","floor":25,"turns":3},{"damage":4,"enemies":"Cultist and Chosen","floor":27,"turns":3},{"damage":7,"enemies":"Book of Stabbing","floor":29,"turns":3},{"damage":7,"enemies":"Centurion and Healer","floor":31,"turns":3},{"damage":17,"enemies":"Champ","floor":33,"turns":8}],"seed_played":"-9007874931920723838","potions_obtained":[{"floor":1.0,"key":"Fire Potion"},{"floor":2.0,"key":"ColorlessPotion"},{"floor":8.0,"key":"DistilledChaos"},{"floor":14.0,"key":"Poison Potion"},{"floor":18.0,"key":"EssenceOfSteel"},{"floor":21,"key":"Ancient Potion"},{"floor":25,"key":"EssenceOfSteel"}],"is_trial":false,"path_per_floor":["M","M","M","?","M","R","$","E","T","?","M","R","?","M","R","B",null,"M","$","?","M","$","R","E","M","T","M","R","E","R","M","R","B"],"character_chosen":"THE_SILENT","items_purchased":["Sadistic Nature","Gambling Chip"],"campfire_rested":2,"item_purchase_floors":[7,19],"current_hp_per_floor":[58,58,58,58,55,55,55,30,30,30,29,29,24,17,17,15,56,46,46,46,24,24,45,40,30,30,26,47,40,40,33,33,16,16],"gold":193,"neow_bonus":"BOSS_RELIC","is_daily":false,"chose_seed":false,"campfire_upgraded":5,"win_rate":0.0,"timestamp":1612012647,"path_taken":["M","?","M","?","M","R","$","E","T","?","M","R","?","M","R","BOSS","M","$","?","?","?","R","E","M","T","M","R","E","R","M","R","BOSS"],"items_purchased_type":["Card","Relic"],"build_version":"2020-12-22","purchased_purges":1,"victory":false,"max_hp_per_floor":[70,70,70,70,70,70,70,70,70,70,70,70,70,70,70,70,70,70,70,70,70,70,70,70,70,70,70,70,70,70,70,70,70,70],"card_choices":[{"not_picked":["Footwork","Well Laid Plans"],"picked":"Backstab","floor":1.0},{"not_picked":["Slice","Caltrops"],"picked":"Deadly Poison","floor":2.0},{"not_picked":["Deflect","Calculated Gamble"],"picked":"Backflip","floor":3.0},{"not_picked":["Caltrops","Flying Knee"],"picked":"Poisoned Stab","floor":5.0},{"not_picked":["Underhanded Strike","Burst"],"picked":"Deadly Poison","floor":8.0},{"not_picked":["Dash","Reflex"],"picked":"Cloak And Dagger","floor":11.0},{"not_picked":["Expertise","All Out Attack"],"picked":"Well Laid Plans","floor":13.0},{"not_picked":["Bane","Acrobatics"],"picked":"Dagger Throw","floor":14.0},{"not_picked":["Tools of the Trade","Wraith Form v2"],"picked":"Corpse Explosion","floor":16.0},{"not_picked":["Cloak And Dagger","Dagger Throw","Flying Knee"],"picked":"SKIP","floor":18.0},{"not_picked":["Blade Dance","Dagger Throw","Eviscerate+1"],"picked":"SKIP","floor":21},{"not_picked":["Eviscerate+1","All Out Attack"],"picked":"Prepared","floor":24},{"not_picked":["Bane","Doppelganger"],"picked":"Noxious Fumes","floor":25},{"not_picked":["Backstab","Blade Dance","Dagger Throw+1"],"picked":"SKIP","floor":27},{"not_picked":["Acrobatics+1","Predator","Die Die Die"],"picked":"SKIP","floor":29},{"not_picked":["Flechettes","Footwork+1"],"picked":"Bouncing Flask","floor":31}],"player_experience":96395,"relics_obtained":[{"floor":8.0,"key":"Centennial Puzzle"},{"floor":9.0,"key":"War Paint"},{"floor":13.0,"key":"Odd Mushroom"},{"floor":24,"key":"Ninja Scroll"},{"floor":26,"key":"Darkstone Periapt"},{"floor":29,"key":"CeramicFish"}],"event_choices":[{"damage_healed":0.0,"max_hp_gain":0.0,"max_hp_loss":0.0,"gold_gain":175.0,"event_name":"Liars Game","player_choice":"AGREE","floor":4.0,"gold_loss":0.0,"damage_taken":0.0,"cards_obtained":["Doubt"]},{"damage_healed":0.0,"max_hp_gain":0.0,"max_hp_loss":0.0,"gold_gain":30.0,"event_name":"Dead Adventurer","player_choice":"Searched \u00272\u0027 times","floor":10.0,"gold_loss":0.0,"damage_taken":0.0,"relics_obtained":["PreservedInsect"]},{"damage_healed":0.0,"max_hp_gain":0.0,"max_hp_loss":0.0,"gold_gain":0.0,"event_name":"Mushrooms","player_choice":"Fought Mushrooms","floor":13.0,"gold_loss":0.0,"damage_taken":0.0},{"damage_healed":0,"gold_gain":0,"player_choice":"1 cards matched","damage_taken":0,"max_hp_gain":0,"max_hp_loss":0,"event_name":"Match and Keep!","floor":20,"gold_loss":0,"cards_obtained":["Bouncing Flask"]}],"is_beta":false,"boss_relics":[{"not_picked":["Empty Cage","Pandora\u0027s Box"],"picked":"Astrolabe"}],"items_purged_floors":[7],"is_endless":false,"potions_floor_spawned":[1,2,8,14,18,21,25],"killed_by":"Champ","ascension_level":10}}