{"host":"76cnipu0wd8v5jyo","time":1612031195,"event":{"mods":["BaseMod","Colored Map","Colored Powertips","Downfall","Hermit","Minty Spire (QoL Compilation)","Replay The Spire","StSLib"],"gold_per_floor":[99,114,114,114,124,140,191,208,415,448,448,470,490,514,538,653,653,653,655,655,655],"floor_reached":19,"language":"ENG","playtime":1346,"items_purged":[],"score":171,"play_id":"06f4f299-b6fe-497b-9e81-185c80558f99","local_time":"20210130132635","is_ascension_mode":false,"campfire_choices":[{"data":"hexamod:Sear","floor":1,"key":"SMITH"},{"floor":18,"key":"RECALL"}],"circlet_count":0,"master_deck":["hexamod:Strike","hexamod:Strike","hexamod:Defend","hexamod:Defend","hexamod:Defend","hexamod:Sear+1","hexamod:Float","hexamod:StepThrough+1","hexamod:Incineration","hexamod:ThermalTransfer","hexamod:NightmareGuise","hexamod:RainOfEmbers","hexamod:Hexaguard","hexamod:SkipABeat","hexamod:SwordOfDarkness","hexamod:VolcanoVisage","hexamod:GhostflameInferno"],"relics":["hexamod:SpiritBrand","Nunchaku","Replay:Bandana","Replay:Grab Bag","bronze:MakeshiftBattery","ChewingGum","Replay:Drink Me"],"acts_visited":["Exordium","TheCity"],"potions_floor_usage":[10,10],"damage_taken":[{"damage":0,"enemies":"Small Slimes","floor":2,"turns":3},{"damage":0,"enemies":"Cultist","floor":5,"turns":3},{"damage":1,"enemies":"Jaw Worm","floor":6,"turns":3},{"damage":12,"enemies":"Exordium Thugs","floor":8,"turns":4},{"damage":3,"enemies":"Lagavulin","floor":10,"turns":5},{"damage":8,"enemies":"Exordium Wildlife","floor":12,"turns":5},{"damage":0,"enemies":"Large Slime","floor":13,"turns":3},{"damage":0,"enemies":"Blue Slaver","floor":14,"turns":3},{"damage":0,"enemies":"Exordium Wildlife","floor":15,"turns":3},{"damage":12,"enemies":"SI_SHIV_ARCHETYPE","floor":16,"turns":9},{"damage":0,"enemies":"3 Byrds","floor":19,"turns":1}],"seed_played":"-5641765696637704530","potions_obtained":[{"floor":5,"key":"Swift Potion"},{"floor":6,"key":"hexamod:SoulburnPotion"},{"floor":8,"key":"Weak Potion"},{"floor":12,"key":"PowerPotion"},{"floor":14,"key":"Toxic Potion"}],"is_trial":false,"path_per_floor":["R","M","?","?","M","M","T","M","?","E","?","M","M","M","M","B",null,"R","M"],"character_chosen":"THE_SPIRIT","items_purchased":[],"campfire_rested":0,"item_purchase_floors":[],"current_hp_per_floor":[77,77,77,77,77,76,76,64,45,42,42,34,34,34,34,22,58,58,58,58,58],"gold":655,"neow_bonus":"TEN_PERCENT_HP_BONUS","is_daily":false,"chose_seed":false,"campfire_upgraded":1,"win_rate":0.0,"timestamp":1612031195,"path_taken":["R","M","?","?","?","M","T","M","?","E","?","M","M","?","M","BOSS","R","M"],"items_purchased_type":[],"build_version":"2020-12-22","purchased_purges":0,"victory":false,"max_hp_per_floor":[77,77,77,77,77,77,77,77,77,77,77,77,77,77,77,77,58,58,58,58,58],"card_choices":[{"not_picked":["hexamod:HauntingEcho","hexamod:PhantomCloak"],"picked":"hexamod:StepThrough","floor":2},{"not_picked":["hexamod:SpectersWail","hexamod:Rewind"],"picked":"hexamod:GhostOfSpireFuture","floor":5},{"not_picked":["hexamod:RadiantFlame","hexamod:NightmareGuise"],"picked":"hexamod:Incineration","floor":6},{"not_picked":["hexamod:Firestarter","hexamod:SoulSteal"],"picked":"hexamod:ThermalTransfer","floor":8},{"not_picked":["hexamod:GhostOfSpireFuture","hexamod:ChargedBarrage"],"picked":"hexamod:NightmareGuise","floor":9},{"not_picked":["hexamod:InspiringFlames","hexamod:GhostShield"],"picked":"hexamod:RainOfEmbers","floor":10},{"not_picked":["hexamod:BurningTouch","hexamod:GhostOfSpireFuture"],"picked":"hexamod:Hexaguard","floor":12},{"not_picked":["hexamod:HeatMetal","hexamod:GhostOfSpireFuture"],"picked":"hexamod:SkipABeat","floor":13},{"not_picked":["hexamod:Haunt","hexamod:RetreatToShadows"],"picked":"hexamod:SwordOfDarkness","floor":14},{"not_picked":["hexamod:Again","hexamod:HeatMetal"],"picked":"hexamod:VolcanoVisage","floor":15},{"not_picked":["hexamod:GhostOfSpirePresent","hexamod:ForkedFlame"],"picked":"hexamod:GhostflameInferno","floor":16}],"player_experience":256438,"relics_obtained":[{"floor":7,"key":"Nunchaku"},{"floor":10,"key":"Replay:Bandana"}],"event_choices":[],"is_beta":false,"boss_relics":[{"not_picked":["Fusion Hammer","Coffee Dripper"],"picked":"Replay:Grab Bag"},{"not_picked":["Replay:Wanted Poster","Cursed Key"],"picked":"bronze:MakeshiftBattery"},{"not_picked":["ReplayTheSpireMod:Onyx Gauntlets","Velvet Choker"],"picked":"ChewingGum"},{"not_picked":["Calling Bell","Astrolabe"],"picked":"Replay:Drink Me"}],"items_purged_floors":[],"is_endless":false,"potions_floor_spawned":[5,6,8,12,14],"killed_by":"3 Byrds","ascension_level":0}}