{"host":"stku21i8hhz5zha4","time":1612042464,"event":{"mods":["2.2 Compatiblity","AchievementEnabler","Aspiration","BaseMod","Better Altar","Better Match","Better Note","Better Sensory Stone","Better Skull","Better Third Choice","Better Vampires","Colored Map","Colorless Booster Pack","Conspire","Dark Map","Displayed Cursed Tome","Downfall","Energized Spire","Friendly Minions","GifTheSpireLib","Halation","Hubris","Infinite Spire","Jedi Mod","Jorbs\u0027s Wanderer Trilogy","Minty Spire (QoL Compilation)","Permanent Neow","Quick Restart","Rare Cards Sparkle","Reliquary","Replay The Spire","Shop Mod","Spikes Relics","Spire Arcade","StS++","StSLib","Stuff the Spire","The Blue Laboratory","Trackpad","Transform Curses","Uncapped"],"gold_per_floor":[116,116,129,129,143,168,181,213,213,213,232,266,266,281,281,356,356,369,369,369,380,400,400,428,428,428,104,168,168,5,55,55,129,129,129,18,68,118,181,215,215,215,215,248,248,298,316,326,376,405,405,405],"floor_reached":53,"language":"RUS","playtime":2899,"items_purged":["Strike_R","Strike_R"],"score":1603,"play_id":"169477bb-8ede-4e42-84bf-a57e6197aac4","local_time":"20210131003424","is_ascension_mode":true,"campfire_choices":[{"data":"Fire Breathing","floor":10.0,"key":"SMITH"},{"data":"Wild Strike","floor":13.0,"key":"SMITH"},{"data":"Armaments","floor":15.0,"key":"SMITH"},{"floor":23.0,"key":"REST"},{"data":"White Noise","floor":25.0,"key":"SMITH"},{"floor":32,"key":"REST"},{"data":"stsjorbsmod:Possession","floor":41,"key":"SMITH"}],"circlet_count":0,"master_deck":["AscendersBane","Strike_R","Strike_R","Defend_R","Defend_R","Defend_R","Defend_R","Wild Strike+1","conspire:Charge","StSpp:Succumb+1","StuffTheSpire:Slingshot","Fire Breathing+1","Armaments+1","StSpp:Succumb","Carnage","Feel No Pain","jedi:strikingstrike","stsjorbsmod:MirroredTechnique","stsjorbsmod:ProdigalMemory","White Noise+1","Leap","StuffTheSpire:RockThrow","infinitespire:NeuralNetwork","infinitespire:Fortify","stsjorbsmod:Assertion","stsjorbsmod:Possession","jedi:fear","jedi:fear","Strike_R","Strike_R","Defend_R","Defend_R","Defend_R","Defend_R","Wild Strike+1","conspire:Charge","StSpp:Succumb+1","StuffTheSpire:Slingshot","Fire Breathing+1","Armaments+1","StSpp:Succumb","Carnage","Reaper","Feel No Pain","jedi:strikingstrike","stsjorbsmod:MirroredTechnique","stsjorbsmod:ProdigalMemory","White Noise+1","Leap","StuffTheSpire:RockThrow","infinitespire:NeuralNetwork","infinitespire:Fortify","stsjorbsmod:Assertion","stsjorbsmod:Possession+1","jedi:fear","jedi:fear","Conserve Battery+1","Defragment","conspire:Charge","Replay:Undeath\u0027s Touch","Sunder","StuffTheSpire:BrainWave","StuffTheSpire:CleanHardDrive","Slimebound:Darklings"],"relics":["Burning Blood","aspiration:Nostalgia","stsjorbsmod:BookOfTrialsRelic","hubris:AstralHammer","trackpad:AdjectivePendant","reliquary:FeatherDuster","halation:QuantumPhysicsTextbook","aspiration:DefectSkillbook","SsserpentHead","Replay:Wax Seal","hubris:Metronome","reliquary:ExpiredCoupon","Omamori","reliquary:IridiumChain","energizedSpire:OgreHead","halation:Komachan","Mark of Pain","Prayer Wheel","Prayer Wheel","MealTicket","Shuriken","trackpad:WondrousWand","halation:EternalFortune","reliquary:RosewoodLute"],"acts_visited":["Exordium","TheCity","TheBeyond"],"potions_floor_usage":[33,35,52,52],"damage_taken":[{"damage":1.0,"enemies":"Cultist","floor":1.0,"turns":3.0},{"damage":0.0,"enemies":"Small Slimes","floor":3.0,"turns":3.0},{"damage":0.0,"enemies":"infinitespire:Voidling","floor":5.0,"turns":3.0},{"damage":6.0,"enemies":"Gremlin Nob","floor":6.0,"turns":3.0},{"damage":13.0,"enemies":"2 Fungi Beasts","floor":7.0,"turns":4.0},{"damage":12.0,"enemies":"3 Sentries","floor":8.0,"turns":5.0},{"damage":7.0,"enemies":"Lots of Slimes","floor":11.0,"turns":5.0},{"damage":15.0,"enemies":"Lagavulin","floor":12.0,"turns":5.0},{"damage":2.0,"enemies":"3 Louse","floor":14.0,"turns":3.0},{"damage":35.0,"enemies":"Hexaghost","floor":16.0,"turns":8.0},{"damage":31.0,"enemies":"2 Thieves","floor":18.0,"turns":4.0},{"damage":14.0,"enemies":"Spheric Guardian","floor":21.0,"turns":5.0},{"damage":35.0,"enemies":"Snake Plant","floor":22.0,"turns":4.0},{"damage":13.0,"enemies":"Gremlin Leader","floor":24.0,"turns":5.0},{"damage":47.0,"enemies":"Shelled Parasite and Fungi","floor":28.0,"turns":5.0},{"damage":18,"enemies":"Collector","floor":33,"turns":8},{"damage":0,"enemies":"3 Darklings","floor":35,"turns":2},{"damage":36,"enemies":"Orb Walker","floor":39,"turns":4},{"damage":19,"enemies":"Nemesis","floor":40,"turns":4},{"damage":87,"enemies":"Reptomancer","floor":44,"turns":4},{"damage":8,"enemies":"Sphere and 2 Shapes","floor":47,"turns":4},{"damage":0,"enemies":"Spire Growth","floor":48,"turns":2},{"damage":0,"enemies":"Nemesis","floor":50,"turns":4},{"damage":22,"enemies":"Donu and Deca","floor":52,"turns":5}],"seed_played":"-7847536934657671981","potions_obtained":[{"floor":6.0,"key":"AttackPotion"},{"floor":8.0,"key":"blueLaboratory:NullPotion"},{"floor":16.0,"key":"Dexterity Potion"},{"floor":22.0,"key":"LiquidMemories"},{"floor":24.0,"key":"Block Potion"},{"floor":28.0,"key":"blueLaboratory:ArtificerPotion"},{"floor":33,"key":"SmokeBomb"},{"floor":40,"key":"SpeedPotion"},{"floor":47,"key":"PowerPotion"},{"floor":48,"key":"ColorlessPotion"}],"is_trial":false,"path_per_floor":["M","?","M","?","M","E","M","E","T","R","M","E","R","M","R_BF","B",null,"M","?","?","M","M","R","E","R","T","$","M","AVR","$","?","R","B",null,"M","$","?","?","M","E","R","PTL","PTL","E","T","?","M","M","?","E","R_BF","B",null],"character_chosen":"IRONCLAD","items_purchased":["reliquary:ExpiredCoupon","Omamori","halation:Komachan","jedi:fear"],"campfire_rested":2,"item_purchase_floors":[27,27,30,36],"current_hp_per_floor":[73,73,75,75,75,75,68,62,62,62,61,52,52,56,56,32,64,43,43,43,40,20,42,49,49,49,49,12,12,12,12,34,31,64,70,70,75,75,45,32,32,32,32,12,12,15,25,31,31,45,45,29],"gold":405,"neow_bonus":"NOSTALGIA","is_daily":false,"chose_seed":false,"campfire_upgraded":5,"win_rate":0.0,"timestamp":1612042464,"path_taken":["M","?","?","?","M","E","?","E","T","R","M","E","R","M","R_BF","BOSS","M","?","?","M","M","R","E","R","T","$","?","AVR","$","?","R","BOSS","M","$","?","?","?","E","R","PTL","PTL","E","T","?","M","M","?","E","R_BF","BOSS"],"items_purchased_type":["Relic","Relic","Relic","Card"],"build_version":"2020-12-22","purchased_purges":2,"victory":true,"max_hp_per_floor":[75,75,75,75,75,75,75,75,75,75,75,75,75,75,75,75,75,75,75,75,75,75,75,75,75,75,75,75,75,75,75,75,75,75,75,75,75,75,75,75,75,75,75,75,75,78,78,78,67,67,67,65],"card_choices":[{"not_picked":["Run Through","True Grit"],"picked":"Wild Strike","floor":1.0},{"not_picked":["jedi:fear","Rampage"],"picked":"StSpp:Succumb","floor":3.0},{"not_picked":["Clothesline","Battle Trance"],"picked":"StuffTheSpire:Slingshot","floor":5.0},{"not_picked":["conspire:ExplosiveBarrier","StuffTheSpire:RockThrow"],"picked":"Fire Breathing","floor":6.0},{"not_picked":["StSpp:Jab","Blood for Blood"],"picked":"Armaments","floor":7.0},{"not_picked":["Pommel Strike","StSpp:BladeOfBlood"],"picked":"StSpp:Succumb","floor":8.0},{"not_picked":["Iron Wave","ReplayTheSpireMod:Strike From Hell"],"picked":"Carnage","floor":11.0},{"not_picked":["Armaments","Heavy Blade"],"picked":"Reaper","floor":12.0},{"not_picked":["Replay:Undeath\u0027s Touch","Pommel Strike"],"picked":"Feel No Pain","floor":14.0},{"not_picked":["Reaper","Corruption"],"picked":"jedi:strikingstrike","floor":16.0},{"not_picked":["Sword Boomerang+1","Hologram","Seeing Red","conspire:SharedLibrary"],"picked":"SKIP","floor":18.0},{"not_picked":["Battle Trance","True Grit","Havoc"],"picked":"White Noise","floor":21.0},{"not_picked":["Warcry","Demonic Infusion","Gash"],"picked":"Leap","floor":22.0},{"not_picked":["jedi:bruteforce","Cleave","StuffTheSpire:Slingshot"],"picked":"StuffTheSpire:RockThrow","floor":24.0},{"not_picked":["StuffTheSpire:BloodClot","StuffTheSpire:LoadUp","FIFO Queue","StSpp:Sprint"],"picked":"SKIP","floor":28.0},{"not_picked":["Mirror Shield","ReplayRNGCard","Amplify"],"picked":"ReplayTheSpireMod:Fabricate Wheel","floor":33},{"not_picked":["Turbo","StuffTheSpire:Incineration+1","Panic Button"],"picked":"Conserve Battery+1","floor":39},{"not_picked":["Leap","StSpp:TheBiggerTheyAre","StuffTheSpire:Plugnplay+1"],"picked":"Defragment","floor":39},{"not_picked":["Undo+1","jedi:BurstFrost","Power Through"],"picked":"conspire:Charge","floor":39},{"not_picked":["Disarm","Body Slam","Steam"],"picked":"Replay:Undeath\u0027s Touch","floor":40},{"not_picked":["Armaments","Searing Blow","Heavy Blade","jedi:locknload+1"],"picked":"SKIP","floor":44},{"not_picked":["jedi:reiji","StSpp:TargetLocked","Tempest+1","StuffTheSpire:ShieldGenerator"],"picked":"SKIP","floor":47},{"not_picked":["Recycle","Warcry","StuffTheSpire:BloodClot","Steam"],"picked":"SKIP","floor":47},{"not_picked":["StuffTheSpire:Rend","All For One","Cold Snap","Havoc"],"picked":"SKIP","floor":47},{"not_picked":["Sweeping Beam","jedi:blockon","ReplayTheSpireMod:Strike From Hell"],"picked":"Sunder","floor":48},{"not_picked":["ReplayTheSpireMod:Repulse","Rampage","Combust+1","Twin Strike+1"],"picked":"SKIP","floor":48},{"not_picked":["Cold Snap+1","Body Slam","Sword Boomerang+1","jedi:sharpshooter+1"],"picked":"SKIP","floor":48},{"not_picked":["Warcry","ReplayTheSpireMod:Strike From Hell","StuffTheSpire:Slingshot"],"picked":"StuffTheSpire:CleanHardDrive","floor":50}],"player_experience":262292,"relics_obtained":[{"floor":6.0,"key":"hubris:AstralHammer"},{"floor":8.0,"key":"trackpad:AdjectivePendant"},{"floor":9.0,"key":"reliquary:FeatherDuster"},{"floor":12.0,"key":"halation:QuantumPhysicsTextbook"},{"floor":24.0,"key":"Replay:Wax Seal"},{"floor":26.0,"key":"hubris:Metronome"},{"floor":40,"key":"MealTicket"},{"floor":44,"key":"Shuriken"},{"floor":45,"key":"trackpad:WondrousWand"},{"floor":50,"key":"reliquary:RosewoodLute"}],"event_choices":[{"damage_healed":0.0,"max_hp_gain":0.0,"max_hp_loss":0.0,"gold_gain":0.0,"cards_transformed":["Strike_R"],"event_name":"Transmorgrifier","player_choice":"Transformed","floor":2.0,"gold_loss":0.0,"damage_taken":0.0,"cards_obtained":["conspire:Charge"]},{"damage_healed":0.0,"max_hp_gain":0.0,"max_hp_loss":0.0,"gold_gain":0.0,"event_name":"Accursed Blacksmith","player_choice":"Forge","floor":4.0,"gold_loss":0.0,"damage_taken":0.0,"cards_upgraded":["StSpp:Succumb"]},{"cards_removed":["conspire:Charge"],"damage_healed":0.0,"max_hp_gain":0.0,"max_hp_loss":0.0,"gold_gain":0.0,"event_name":"betterNote:BetterNote","player_choice":"Give","floor":19.0,"gold_loss":0.0,"damage_taken":0.0,"cards_obtained":["Strike_P"]},{"damage_healed":0.0,"max_hp_gain":0.0,"max_hp_loss":0.0,"gold_gain":0.0,"event_name":"FaceTrader","player_choice":"Trade","floor":20.0,"gold_loss":0.0,"damage_taken":0.0,"relics_obtained":["SsserpentHead"]},{"damage_healed":15,"gold_gain":0,"player_choice":"Writhe","damage_taken":0,"max_hp_gain":0,"max_hp_loss":0,"event_name":"Winding Halls","floor":37,"gold_loss":0,"cards_obtained":["Writhe"]}],"is_beta":false,"boss_relics":[{"not_picked":["energizedSpire:HugeHouse","conspire:SpecialSausage"],"picked":"aspiration:DefectSkillbook"},{"not_picked":["energizedSpire:StickyHand","Runic Dome"],"picked":"Mark of Pain"}],"items_purged_floors":[29,36],"is_endless":false,"potions_floor_spawned":[6,8,11,16,22,24,28,33,40,47,48],"ascension_level":19}}