{"host":"3zb3nk4wvq0dtbuh","time":1612003466,"event":{"mods":["AchievementEnabler","BaseMod","Lobotomy","Minty Spire (QoL Compilation)","Quick Restart","Relic Filter Mod","StSLib","SuperFastMode","The Blackbeard"],"gold_per_floor":[119,119,119,194,206,233,233,233,233,247,247,283,283,302,302,432,432,448,448,468,468,487,487,506,542,542,555,555,555,555,580,580,699,699,717,737,751,751,771,771,771,771,771,790,790,790,809,827,827,827],"floor_reached":51,"language":"ZHS","playtime":589,"items_purged":[],"score":686,"play_id":"ed1615e2-5f2b-4b3a-a5cb-c9b6f2af4284","local_time":"20210130184426","is_ascension_mode":false,"campfire_choices":[{"data":"Pommel Strike","floor":8,"key":"SMITH"},{"data":"Thunderclap","floor":15,"key":"SMITH"},{"data":"Shockwave","floor":23,"key":"SMITH"},{"data":"Bludgeon","floor":28,"key":"SMITH"},{"data":"Headbutt","floor":30,"key":"SMITH"},{"data":"Bash","floor":32,"key":"SMITH"},{"data":"Thunderclap","floor":40,"key":"SMITH"},{"floor":42,"key":"RECALL"},{"floor":49,"key":"REST"}],"circlet_count":0,"master_deck":["Bash+1","Rupture+1","Rupture+1","Bludgeon+1","Flex+1","Feed+1","Barricade+1","Corruption+1","Spot Weakness+1","Pommel Strike+1","Thunderclap+1","Thunderclap+1","Bludgeon+1","Headbutt+1","Shockwave+1","Pommel Strike+1"],"relics":["Pandora\u0027s Box","Pantograph","Golden Idol","Ice Cream","Red Mask","Juzu Bracelet","Mark of the Bloom"],"acts_visited":["Exordium","TheCity","TheBeyond"],"potions_floor_usage":[1,50,50],"damage_taken":[{"damage":6.0,"enemies":"Small Slimes","floor":1.0,"turns":4.0},{"damage":11,"enemies":"Jaw Worm","floor":5,"turns":4},{"damage":27,"enemies":"3 Sentries","floor":6,"turns":6},{"damage":7,"enemies":"2 Louse","floor":10,"turns":4},{"damage":0,"enemies":"Lagavulin","floor":12,"turns":4},{"damage":10,"enemies":"Exordium Thugs","floor":14,"turns":4},{"damage":30,"enemies":"The Guardian","floor":16,"turns":5},{"damage":28,"enemies":"Shell Parasite","floor":18,"turns":5},{"damage":0,"enemies":"Spheric Guardian","floor":20,"turns":3},{"damage":20,"enemies":"Centurion and Healer","floor":22,"turns":4},{"damage":0,"enemies":"Shelled Parasite and Fungi","floor":24,"turns":3},{"damage":0,"enemies":"Masked Bandits","floor":25,"turns":3},{"damage":8,"enemies":"3 Cultists","floor":27,"turns":5},{"damage":6,"enemies":"Chosen and Byrds","floor":31,"turns":4},{"damage":27,"enemies":"Collector","floor":33,"turns":5},{"damage":31,"enemies":"3 Darklings","floor":35,"turns":5},{"damage":11,"enemies":"Orb Walker","floor":36,"turns":4},{"damage":0,"enemies":"Writhing Mass","floor":37,"turns":3},{"damage":182,"enemies":"Transient","floor":38,"turns":7},{"damage":90,"enemies":"4 Shapes","floor":39,"turns":5},{"damage":22,"enemies":"Writhing Mass","floor":44,"turns":5},{"damage":18,"enemies":"3 Darklings","floor":47,"turns":5},{"damage":42,"enemies":"Maw","floor":48,"turns":9},{"damage":362,"enemies":"Donu and Deca","floor":50,"turns":16}],"seed_played":"1089788956035141931","potions_obtained":[{"floor":1,"key":"BloodPotion"},{"floor":5,"key":"SpeedPotion"},{"floor":14,"key":"GamblersBrew"},{"floor":16,"key":"Dexterity Potion"}],"is_trial":false,"path_per_floor":["M","?","$","?","M","E","?","R","T","M","?","E","$","M","R","B",null,"M","?","M","?","M","R","M","?","T","M","R","?","R","M","R","B",null,"M","M","M","M","M","R","?","R","T","M","?","?","M","M","R","B",null],"character_chosen":"IRONCLAD","items_purchased":[],"campfire_rested":1,"item_purchase_floors":[],"current_hp_per_floor":[83,83,83,83,83,83,83,83,83,83,83,86,86,89,89,89,89,89,89,89,89,89,89,89,89,89,89,89,94,94,94,94,94,94,94,94,94,94,94,94,94,94,94,94,94,89,89,89,89,93],"gold":827,"neow_bonus":"BOSS_RELIC","is_daily":false,"chose_seed":false,"campfire_upgraded":7,"win_rate":0.0,"timestamp":1612003466,"path_taken":["M","?","$","?","M","E","?","R","T","?","?","E","$","M","R","BOSS","M","?","M","?","M","R","M","?","T","M","R","?","R","M","R","BOSS","M","M","M","M","M","R","?","R","T","M","?","?","M","M","R","BOSS"],"items_purchased_type":[],"build_version":"2020-12-22","purchased_purges":0,"victory":true,"max_hp_per_floor":[83,83,83,83,83,83,83,83,83,83,83,86,86,89,89,89,89,89,89,89,89,89,89,89,89,89,89,89,94,94,94,94,94,94,94,94,94,94,94,94,94,94,94,94,94,89,89,89,89,93],"card_choices":[{"not_picked":["Carnage","Headbutt"],"picked":"Pommel Strike","floor":1},{"not_picked":["Shrug It Off","Wild Strike"],"picked":"Thunderclap","floor":5},{"not_picked":["Twin Strike","Blood for Blood","Reckless Charge"],"picked":"SKIP","floor":6},{"not_picked":["Perfected Strike","Anger","Sword Boomerang"],"picked":"SKIP","floor":10},{"not_picked":["Limit Break","Anger","Seeing Red"],"picked":"SKIP","floor":12},{"not_picked":["Entrench","Twin Strike","Perfected Strike"],"picked":"SKIP","floor":14},{"not_picked":["Berserk","Fiend Fire"],"picked":"Bludgeon","floor":16},{"not_picked":["True Grit+1","Intimidate","Headbutt"],"picked":"SKIP","floor":18},{"not_picked":["Intimidate","Rupture","Twin Strike"],"picked":"SKIP","floor":20},{"not_picked":["True Grit","Metallicize+1"],"picked":"Shockwave","floor":22},{"not_picked":["Heavy Blade+1","Sever Soul","Flex"],"picked":"SKIP","floor":24},{"not_picked":["Cleave+1","Intimidate","Feel No Pain"],"picked":"SKIP","floor":27},{"not_picked":["Warcry","Spot Weakness","Reaper"],"picked":"SKIP","floor":31},{"not_picked":["Shrug It Off+1","Power Through","Seeing Red+1"],"picked":"SKIP","floor":35},{"not_picked":["Body Slam","Thunderclap+1","Combust"],"picked":"SKIP","floor":36},{"not_picked":["Pommel Strike","Armaments+1","Rage"],"picked":"SKIP","floor":37},{"not_picked":["Armaments+1","Dual Wield","Headbutt+1"],"picked":"SKIP","floor":38},{"not_picked":["Headbutt+1","Armaments","Entrench"],"picked":"SKIP","floor":39},{"not_picked":["Armaments","Seeing Red+1","Thunderclap+1"],"picked":"SKIP","floor":44},{"not_picked":["Clash","Anger+1"],"picked":"Pommel Strike+1","floor":47},{"not_picked":["Flex+1","Berserk","Havoc"],"picked":"SKIP","floor":48}],"player_experience":18943,"relics_obtained":[{"floor":6,"key":"Pantograph"},{"floor":12,"key":"Ice Cream"},{"floor":25,"key":"Red Mask"},{"floor":26,"key":"Juzu Bracelet"}],"event_choices":[{"damage_healed":0,"gold_gain":0,"player_choice":"Grow","damage_taken":0,"max_hp_gain":0,"max_hp_loss":0,"event_name":"Living Wall","floor":2,"gold_loss":0,"cards_upgraded":["Bludgeon"]},{"damage_healed":0,"gold_gain":75,"player_choice":"Gather Gold","damage_taken":11,"max_hp_gain":0,"max_hp_loss":0,"event_name":"World of Goop","floor":4,"gold_loss":0},{"damage_healed":0,"gold_gain":0,"player_choice":"Take Damage","damage_taken":20,"relics_obtained":["Golden Idol"],"max_hp_gain":0,"max_hp_loss":0,"event_name":"Golden Idol","floor":7,"gold_loss":0},{"damage_healed":0,"gold_gain":0,"cards_transformed":["Blood for Blood"],"player_choice":"Transformed","damage_taken":0,"max_hp_gain":0,"max_hp_loss":0,"event_name":"Transmorgrifier","floor":11,"gold_loss":0,"cards_obtained":["Thunderclap"]},{"damage_healed":0,"gold_gain":0,"player_choice":"Read","damage_taken":0,"max_hp_gain":0,"max_hp_loss":0,"event_name":"The Library","floor":19,"gold_loss":0,"cards_obtained":["Headbutt"]},{"damage_healed":0,"gold_gain":0,"player_choice":"Fought Bandits","damage_taken":0,"max_hp_gain":0,"max_hp_loss":0,"event_name":"Masked Bandits","floor":25,"gold_loss":0},{"damage_healed":0,"gold_gain":0,"player_choice":"Shed Blood","damage_taken":22,"max_hp_gain":5,"max_hp_loss":0,"event_name":"Forgotten Altar","floor":29,"gold_loss":0},{"damage_healed":0,"gold_gain":0,"player_choice":"Upgrade","damage_taken":0,"relics_obtained":["Mark of the Bloom"],"max_hp_gain":0,"max_hp_loss":0,"event_name":"MindBloom","floor":41,"gold_loss":0,"cards_upgraded":["Rupture","Rupture","Flex","Feed","Barricade","Corruption","Spot Weakness"]},{"damage_healed":0,"gold_gain":0,"player_choice":"Memory 1","damage_taken":0,"max_hp_gain":0,"max_hp_loss":0,"event_name":"SensoryStone","floor":45,"gold_loss":0},{"damage_healed":0,"gold_gain":0,"player_choice":"Max HP","damage_taken":0,"max_hp_gain":0,"max_hp_loss":5,"event_name":"Winding Halls","floor":46,"gold_loss":0}],"is_beta":false,"boss_relics":[{"not_picked":["Circlet","Circlet","Circlet"]},{"not_picked":["Circlet","Circlet","Circlet"]}],"items_purged_floors":[],"is_endless":false,"potions_floor_spawned":[1,5,14,16,18,27,31,33,36,37,39,44],"ascension_level":0}}