{"host":"7tqog9fnhs0gxmti","time":1612003606,"event":{"mods":["AchievementEnabler","Act Like it!","Astrologer","BaseMod","Beaked The Cultist","CapriCore","Colored Map","Colored Powertips","Downfall","Hermit","Highlight Path","Koishi","Marisa????????","Minty Spire (QoL Compilation)","Quick Restart","Random Character Button","Rare Cards Sparkle","Robot Space Explorer","Somnambulant","StSLib","The Bug Knight","The Construct","The Cursed","The Disciple","The Gatherer","The Hayseed","The Marked","Wandering Minibosses","everything is the same but u backflip on backflip"],"gold_per_floor":[113,131,143,143,161,161,188,188,188,214,214,234,267,313,313,412,412,429,429,91,10,10,10,43,61,143,143,143],"floor_reached":27,"language":"ENG","playtime":934,"items_purged":["Strike_G"],"score":311,"play_id":"ffdaf24a-853d-4b54-8446-c1f2dbcbf693","local_time":"20210130184646","is_ascension_mode":true,"campfire_choices":[{"data":"Neutralize","floor":6,"key":"SMITH"},{"data":"Survivor","floor":8,"key":"SMITH"},{"floor":11,"key":"REST"},{"data":"Night Terror","floor":15,"key":"SMITH"},{"floor":23,"key":"REST"}],"circlet_count":0,"master_deck":["Strike_G","Strike_G","Strike_G","Strike_G","Defend_G","Defend_G","Defend_G","Defend_G","Defend_G","Survivor+1","Neutralize+1","Caltrops","Flying Knee","Underhanded Strike","Reflex","Poisoned Stab","Bouncing Flask","Night Terror+1","Unload","Deflect","Prepared","Dagger Throw","Flechettes","Backflip+1","Dagger Throw+1","Poisoned Stab+1","Footwork","Shame","Concentrate"],"relics":["Runic Pyramid","Incense Burner","Prayer Wheel","Odd Mushroom","HollowMod:QueensCombRelic","Lantern","Sozu","Tingsha","Orrery","Question Card","Ornamental Fan","Shuriken"],"acts_visited":["Exordium","TheCity"],"potions_floor_usage":[7,16,16,24],"damage_taken":[{"damage":0,"enemies":"Cultist","floor":1,"turns":5},{"damage":0,"enemies":"Small Slimes","floor":2,"turns":4},{"damage":2,"enemies":"Jaw Worm","floor":3,"turns":4},{"damage":4,"enemies":"Blue Slaver","floor":5,"turns":5},{"damage":12,"enemies":"Gremlin Nob","floor":7,"turns":4},{"damage":19,"enemies":"The Mushroom Lair","floor":10,"turns":4},{"damage":4,"enemies":"Exordium Thugs","floor":12,"turns":6},{"damage":5,"enemies":"3 Sentries","floor":13,"turns":7},{"damage":31,"enemies":"The Guardian","floor":16,"turns":8},{"damage":18,"enemies":"2 Thieves","floor":18,"turns":4},{"damage":20,"enemies":"Slavers","floor":24,"turns":5},{"damage":15,"enemies":"Shell Parasite","floor":25,"turns":7},{"damage":29,"enemies":"3 Cultists","floor":27,"turns":3}],"seed_played":"6611702205464398428","potions_obtained":[{"floor":1,"key":"CunningPotion"},{"floor":2,"key":"SneckoOil"},{"floor":12,"key":"Energy Potion"},{"floor":13,"key":"Strength Potion"},{"floor":16,"key":"LiquidBronze"}],"is_trial":false,"path_per_floor":["M","M","M","?","M","R","E","R","T","?","R","M","E","T","R","B",null,"M","?","$","$","?","R","E","M","T","M"],"character_chosen":"THE_SILENT","items_purchased":["Prepared","Dagger Throw","Orrery","Footwork"],"campfire_rested":2,"item_purchase_floors":[20,20,20,21],"current_hp_per_floor":[63,63,61,61,57,57,45,45,45,26,47,43,38,38,38,15,38,24,24,24,24,24,37,25,14,14,0,0],"gold":143,"neow_bonus":"BOSS_RELIC","is_daily":false,"chose_seed":false,"campfire_upgraded":3,"win_rate":0.0,"timestamp":1612003606,"path_taken":["M","?","M","?","M","R","E","R","T","?","R","M","E","?","R","BOSS","M","?","?","$","?","R","E","M","T","M"],"items_purchased_type":["Card","Card","Relic","Card"],"build_version":"2020-12-22","purchased_purges":1,"victory":false,"max_hp_per_floor":[70,70,70,70,70,70,70,70,70,70,70,70,46,46,46,46,46,46,46,46,46,46,46,46,46,46,46,46],"card_choices":[{"not_picked":["Masterful Stab","PiercingWail"],"picked":"Caltrops","floor":1},{"not_picked":["Deflect","Setup"],"picked":"Flying Knee","floor":2},{"not_picked":["Tactician","PiercingWail"],"picked":"Underhanded Strike","floor":3},{"not_picked":["Endless Agony","Well Laid Plans"],"picked":"Reflex","floor":5},{"not_picked":["Burst","Outmaneuver"],"picked":"Poisoned Stab","floor":7},{"not_picked":["Acrobatics","Deflect"],"picked":"Bouncing Flask","floor":12},{"not_picked":["Outmaneuver","Accuracy","Skewer"],"picked":"SKIP","floor":12},{"not_picked":["Cloak And Dagger","Blade Dance"],"picked":"Night Terror","floor":13},{"not_picked":["Grand Finale","Die Die Die"],"picked":"Unload","floor":16},{"not_picked":["Flying Knee+1","Deadly Poison"],"picked":"Deflect","floor":18},{"not_picked":["Distraction","Blade Dance","Acrobatics"],"picked":"SKIP","floor":18},{"not_picked":["Deflect","Backflip"],"picked":"Flechettes","floor":20},{"not_picked":["Blade Dance","Reflex"],"picked":"Backflip+1","floor":20},{"not_picked":["Unload","Outmaneuver"],"picked":"Dagger Throw+1","floor":20},{"not_picked":["Accuracy","Dagger Throw+1"],"picked":"Poisoned Stab+1","floor":20},{"not_picked":["Accuracy","Prepared","Deflect","Heel Hook"],"picked":"SKIP","floor":24},{"not_picked":["Acrobatics+1","Dodge and Roll","Deflect"],"picked":"Concentrate","floor":25},{"not_picked":["Cloak And Dagger","Prepared","Slice","Poisoned Stab"],"picked":"SKIP","floor":25}],"player_experience":916462,"relics_obtained":[{"floor":7,"key":"Incense Burner"},{"floor":9,"key":"Prayer Wheel"},{"floor":10,"key":"Odd Mushroom"},{"floor":13,"key":"HollowMod:QueensCombRelic"},{"floor":14,"key":"Lantern"},{"floor":19,"key":"Tingsha"},{"floor":24,"key":"Ornamental Fan"},{"floor":26,"key":"Shuriken"}],"event_choices":[{"damage_healed":0,"gold_gain":0,"player_choice":"Leave","damage_taken":0,"max_hp_gain":0,"max_hp_loss":0,"event_name":"The Cleric","floor":4,"gold_loss":0},{"damage_healed":0,"gold_gain":0,"player_choice":"Fought Mushrooms","damage_taken":0,"max_hp_gain":0,"max_hp_loss":0,"event_name":"Mushrooms","floor":10,"gold_loss":0},{"damage_healed":0,"gold_gain":0,"player_choice":"Relic","damage_taken":0,"max_hp_gain":0,"max_hp_loss":0,"event_name":"Wheel of Change","floor":19,"gold_loss":0},{"damage_healed":0,"gold_gain":0,"player_choice":"Stole Relic","damage_taken":0,"relics_obtained":["Question Card"],"max_hp_gain":0,"max_hp_loss":0,"event_name":"Addict","floor":22,"gold_loss":0,"cards_obtained":["Shame"]}],"is_beta":false,"boss_relics":[{"not_picked":["Astrolabe","Ectoplasm"],"picked":"Sozu"}],"items_purged_floors":[20],"is_endless":false,"potions_floor_spawned":[1,2,12,13,16,18,24],"killed_by":"3 Cultists","ascension_level":6}}