{"host":"ysj15tgd1sneq0s0","time":1612014251,"event":{"mods":["AchievementEnabler","BaseMod","DeckTracker","Highlight Path","Minty Spire (QoL Compilation)","Permanent Neow","Quick Restart","StSLib","SuperFastMode","everything is the same but u backflip on backflip"],"gold_per_floor":[112,125,125,141,158,187,187,221,221,50,325,51,64,80,80,80,80],"floor_reached":16,"language":"KOR","playtime":538,"items_purged":["Regret"],"score":151,"play_id":"c6ce35b1-814e-40bc-b924-a687adb1efee","local_time":"20210130224411","is_ascension_mode":true,"campfire_choices":[{"floor":7,"key":"REST"},{"floor":15,"key":"REST"}],"circlet_count":0,"master_deck":["Strike_G","Strike_G","Strike_G","Strike_G","Strike_G","Defend_G","Defend_G","Defend_G","Defend_G","Defend_G","Survivor","Neutralize","Accuracy","Finisher","Backstab","Dagger Spray","Blade Dance","Dagger Spray+1","Cloak And Dagger"],"relics":["Ring of the Snake","Molten Egg 2","Bottled Flame","WingedGreaves","Vajra","Pen Nib"],"acts_visited":["Exordium"],"potions_floor_usage":[5,6,8,16],"damage_taken":[{"damage":3,"enemies":"Cultist","floor":1,"turns":6},{"damage":12,"enemies":"Jaw Worm","floor":2,"turns":3},{"damage":4,"enemies":"Small Slimes","floor":4,"turns":5},{"damage":12,"enemies":"Exordium Thugs","floor":5,"turns":4},{"damage":0,"enemies":"Gremlin Nob","floor":6,"turns":2},{"damage":27,"enemies":"3 Sentries","floor":8,"turns":8},{"damage":0,"enemies":"2 Fungi Beasts","floor":13,"turns":1},{"damage":0,"enemies":"Red Slaver","floor":14,"turns":1},{"damage":57,"enemies":"The Guardian","floor":16,"turns":8}],"seed_played":"-9141113378870491288","potions_obtained":[{"floor":1,"key":"LiquidMemories"},{"floor":3,"key":"CunningPotion"},{"floor":3,"key":"Block Potion"},{"floor":3,"key":"DistilledChaos"},{"floor":14,"key":"Swift Potion"}],"is_trial":false,"path_per_floor":["M","M","?","M","M","E","R","E","T","$","?","$","M","M","R","B"],"character_chosen":"THE_SILENT","items_purchased":["Blade Dance","Vajra","Pen Nib","Dagger Spray+1"],"campfire_rested":2,"item_purchase_floors":[10,10,12,12],"current_hp_per_floor":[67,55,55,51,39,39,60,33,33,33,33,33,33,33,54,0,0],"gold":80,"neow_bonus":"THREE_CARDS","is_daily":false,"chose_seed":false,"campfire_upgraded":0,"win_rate":0.0,"timestamp":1612014251,"path_taken":["M","?","?","?","?","E","R","E","T","$","?","?","M","M","R","BOSS"],"items_purchased_type":["Card","Relic","Relic","Card"],"build_version":"2020-12-22","purchased_purges":1,"victory":false,"max_hp_per_floor":[70,70,70,70,70,70,70,70,70,70,70,70,70,70,70,70,70],"card_choices":[{"not_picked":["Riddle With Holes","Backstab"],"picked":"Accuracy","floor":0},{"not_picked":["Endless Agony","Terror"],"picked":"Finisher","floor":1},{"not_picked":["Poisoned Stab","Underhanded Strike"],"picked":"Backstab","floor":2},{"not_picked":["Distraction","Backflip","Flying Knee"],"picked":"SKIP","floor":4},{"not_picked":["Well Laid Plans","Underhanded Strike"],"picked":"Dagger Spray","floor":5},{"not_picked":["PiercingWail","Night Terror","Malaise"],"picked":"SKIP","floor":6},{"not_picked":["Dodge and Roll","Sucker Punch+1","Outmaneuver"],"picked":"SKIP","floor":8},{"not_picked":["PiercingWail","Heel Hook+1","Sucker Punch+1"],"picked":"SKIP","floor":13},{"not_picked":["Dagger Spray+1","Bane+1"],"picked":"Cloak And Dagger","floor":14}],"player_experience":50686,"relics_obtained":[{"floor":6,"key":"Molten Egg 2"},{"floor":8,"key":"Bottled Flame"},{"floor":9,"key":"WingedGreaves"}],"event_choices":[{"damage_healed":0,"gold_gain":0,"player_choice":"Got Potions","damage_taken":0,"max_hp_gain":0,"max_hp_loss":0,"event_name":"Lab","floor":3,"gold_loss":0},{"damage_healed":0,"gold_gain":275,"player_choice":"Desecrate","damage_taken":0,"max_hp_gain":0,"max_hp_loss":0,"event_name":"Golden Shrine","floor":11,"gold_loss":0,"cards_obtained":["Regret"]}],"is_beta":false,"boss_relics":[],"items_purged_floors":[12],"is_endless":false,"potions_floor_spawned":[1,4,14],"killed_by":"The Guardian","ascension_level":2}}