{"host":"3xls0xm49ftugio7","time":1612025675,"event":{"mods":["2.2 Compatiblity","A Magickal Journey","AchievementEnabler","Act Like it!","BaseMod","Bestiary","Colored Powertips","Downfall","GifTheSpireLib","Minty Spire (QoL Compilation)","Quick Restart","Relic Stats","StSLib","slay the spire mod where everything is the same but ironclad has a cowboy hat"],"gold_per_floor":[99,99,99,274,274,274,300,25,55,55,55,55,55,90,101,204,204,204,224,236,253,62,95,95,114,114,149,159,159,259,290,308,308,308,308],"floor_reached":33,"language":"ENG","playtime":1469,"items_purged":[],"score":443,"play_id":"d1dc9cfe-0c5e-4fb5-8650-25e0f115f146","local_time":"20210130185435","is_ascension_mode":true,"campfire_choices":[{"data":"sneckomod:TailWhip","floor":1,"key":"SMITH"},{"floor":13,"key":"REST"},{"floor":26,"key":"REST"}],"circlet_count":0,"master_deck":["sneckomod:Strike","sneckomod:Strike","sneckomod:Defend","sneckomod:Defend+1","sneckomod:Defend","sneckomod:TailWhip+1","sneckomod:SnekBite","sneckomod:Unknown","sneckomod:Unknown+1","sneckomod:UnknownCommonAttack+1","Doubt","sneckomod:UnknownUncommonPower","expansioncontent:YouAreMine","sneckomod:UnknownWeak","Skewer","sneckomod:Mudshield","sneckomod:UnknownX","sneckomod:Cheat","Adrenaline","sneckomod:QuickBite+1","sneckomod:UnknownDraw+1","sneckomod:WideSting+1","sneckomod:UnknownColorless","sneckomod:UnknownRareAttack+1","sneckomod:UnknownRareSkill","sneckomod:UnknownRarePower","sneckomod:DiceCrush+1","sneckomod:SlitherStrike+1","sneckomod:UnknownDraw+1","sneckomod:RainOfDice+1","sneckomod:Nope+1","sneckomod:CheapStock+1","sneckomod:SnekBeam+1"],"relics":["sneckomod:SneckoSoul","downfall:HeartsMalice","Bronze Scales","Sling","Bag of Marbles","downfall:ShatteredFragment","Molten Egg 2","SlaversCollar","sneckomod:RareBoosterPack","Turnip","MutagenicStrength","Juzu Bracelet"],"acts_visited":["Exordium","TheCity"],"potions_floor_usage":[23,25,25,31,31,33],"damage_taken":[{"damage":0,"enemies":"Jaw Worm","floor":2,"turns":1},{"damage":0,"enemies":"Small Slimes","floor":3,"turns":1},{"damage":0,"enemies":"downfall:FleeingMerchant","floor":8,"turns":1},{"damage":10,"enemies":"3 Sentries","floor":9,"turns":5},{"damage":0,"enemies":"Gremlin Nob","floor":14,"turns":2},{"damage":5,"enemies":"2 Louse","floor":15,"turns":2},{"damage":53,"enemies":"IC_STATUS_ARCHETYPE","floor":16,"turns":10},{"damage":11,"enemies":"3 Byrds","floor":19,"turns":2},{"damage":12,"enemies":"Chosen","floor":20,"turns":3},{"damage":12,"enemies":"3 Cultists","floor":21,"turns":4},{"damage":0,"enemies":"downfall:FleeingMerchant","floor":22,"turns":4},{"damage":20,"enemies":"Book of Stabbing","floor":23,"turns":2},{"damage":16,"enemies":"Shelled Parasite and Fungi","floor":25,"turns":3},{"damage":33,"enemies":"Sentry and Sphere","floor":27,"turns":4},{"damage":0,"enemies":"Snecko","floor":28,"turns":3},{"damage":0,"enemies":"Gremlin Leader","floor":31,"turns":1},{"damage":7,"enemies":"Centurion and Healer","floor":32,"turns":4},{"damage":50,"enemies":"SI_MIRROR_ARCHETYPE","floor":33,"turns":8}],"seed_played":"1412112283264898671","potions_obtained":[{"floor":9,"key":"Swift Potion"},{"floor":15,"key":"Weak Potion"},{"floor":16,"key":"SpeedPotion"},{"floor":20,"key":"Fruit Juice"},{"floor":23,"key":"FearPotion"},{"floor":28,"key":"SteroidPotion"},{"floor":31,"key":"PowerPotion"}],"is_trial":false,"path_per_floor":["R","M","M","?","?","?","T","$","E","?","R","?","R","E","M","B",null,"R","M","M","M","$","E","T","M","R","M","M","?","?","E","M","B"],"character_chosen":"THE_SNECKO","items_purchased":["sneckomod:UnknownUncommonPower","Sling","expansioncontent:YouAreMine","sneckomod:RareBoosterPack","sneckomod:DiceCrush+1"],"campfire_rested":2,"item_purchase_floors":[8,8,8,22,22],"current_hp_per_floor":[81,81,81,81,81,81,81,81,71,50,50,50,77,77,72,19,72,72,61,49,37,37,22,22,6,34,1,1,1,1,53,46,0,0,0],"gold":308,"neow_bonus":"THREE_ENEMY_KILL","is_daily":false,"chose_seed":false,"campfire_upgraded":1,"win_rate":0.0,"timestamp":1612025675,"path_taken":["R","M","M","?","?","?","T","?","E","?","R","?","R","E","M","BOSS","R","M","M","M","$","E","T","M","R","M","M","?","?","E","M","BOSS"],"items_purchased_type":["Card","Relic","Card","Relic","Card"],"build_version":"2020-12-22","purchased_purges":0,"victory":false,"max_hp_per_floor":[90,90,90,90,90,90,90,90,90,90,90,90,90,90,90,90,90,90,90,90,90,90,95,95,95,95,95,95,95,95,95,95,95,95,95],"relic_stats":{"counters":[18,57],"Bronze Scales":[138],"Turnip":[9],"Juzu Bracelet":0,"obtain_stats":[{"SlaversCollar":17,"downfall:ShatteredFragment":10,"Bronze Scales":7,"MutagenicStrength":29,"downfall:HeartsMalice":0,"Molten Egg 2":14,"Turnip":23,"Bag of Marbles":9,"Juzu Bracelet":31,"sneckomod:SneckoSoul":0,"Sling":8,"sneckomod:RareBoosterPack":22},{"SlaversCollar":7,"downfall:ShatteredFragment":4,"Bronze Scales":2,"MutagenicStrength":15,"downfall:HeartsMalice":0,"Molten Egg 2":5,"Turnip":12,"Bag of Marbles":4,"Juzu Bracelet":16,"sneckomod:SneckoSoul":0,"Sling":3,"sneckomod:RareBoosterPack":11},{"SlaversCollar":19,"downfall:ShatteredFragment":5,"Bronze Scales":0,"MutagenicStrength":44,"downfall:HeartsMalice":0,"Molten Egg 2":7,"Turnip":34,"Bag of Marbles":5,"Juzu Bracelet":45,"sneckomod:SneckoSoul":0,"Sling":0,"sneckomod:RareBoosterPack":32}]},"card_choices":[{"not_picked":["sneckomod:SoulDraw","sneckomod:Nope"],"picked":"sneckomod:UnknownCommonAttack","floor":2},{"not_picked":["sneckomod:SoulCleanse","sneckomod:RainOfDice"],"picked":"sneckomod:UnknownDraw","floor":3},{"not_picked":["sneckomod:QuickBite","sneckomod:SoulCleanse"],"picked":"sneckomod:UnknownX","floor":8},{"not_picked":["sneckomod:MasterEye","sneckomod:SoulRoll"],"picked":"sneckomod:UnknownWeak","floor":9},{"not_picked":["sneckomod:MasterEye","sneckomod:UnendingSupply"],"picked":"sneckomod:Mudshield","floor":14},{"not_picked":["sneckomod:ImprovisedGuard","sneckomod:QuickMove"],"picked":"sneckomod:UnknownX","floor":15},{"not_picked":["sneckomod:Mudshield","sneckomod:UnknownRareSkill"],"picked":"sneckomod:Cheat","floor":16},{"not_picked":["sneckomod:UnendingSupply","sneckomod:Rotation"],"picked":"sneckomod:QuickBite+1","floor":19},{"not_picked":["sneckomod:UnknownClassRED","sneckomod:UnknownColorless"],"picked":"sneckomod:UnknownDraw+1","floor":20},{"not_picked":["sneckomod:UnknownBlock","sneckomod:MixItUp+1"],"picked":"sneckomod:WideSting+1","floor":21},{"not_picked":["sneckomod:Unknown1Cost","sneckomod:UnknownCommonAttack+1"],"picked":"sneckomod:UnknownColorless","floor":22},{"not_picked":["sneckomod:UnknownStrike+1","sneckomod:Restock"],"picked":"sneckomod:SlitherStrike+1","floor":23},{"not_picked":["sneckomod:UnknownCommonAttack+1","sneckomod:SoulRoll"],"picked":"sneckomod:UnknownDraw+1","floor":25},{"not_picked":["sneckomod:UnknownBlock+1","sneckomod:Unknown1Cost+1"],"picked":"sneckomod:RainOfDice+1","floor":27},{"not_picked":["sneckomod:UnendingSupply","sneckomod:QuickMove"],"picked":"sneckomod:Nope+1","floor":28},{"not_picked":["sneckomod:MorePower","sneckomod:WideSting+1"],"picked":"sneckomod:CheapStock+1","floor":31},{"not_picked":["sneckomod:UnknownCommonAttack+1","sneckomod:UnknownBlock"],"picked":"sneckomod:SnekBeam+1","floor":32}],"player_experience":1017979,"relics_obtained":[{"floor":7,"key":"Bronze Scales"},{"floor":9,"key":"Bag of Marbles"},{"floor":14,"key":"Molten Egg 2"},{"floor":23,"key":"Turnip"},{"floor":31,"key":"Juzu Bracelet"}],"event_choices":[{"cards_removed":["downfall:Malfunctioning"],"damage_healed":0,"gold_gain":0,"player_choice":"Card Removal","damage_taken":0,"max_hp_gain":0,"max_hp_loss":0,"event_name":"The Cleric","floor":6,"gold_loss":0},{"damage_healed":0,"gold_gain":0,"player_choice":"Inject Mutagens","damage_taken":0,"relics_obtained":["MutagenicStrength"],"max_hp_gain":0,"max_hp_loss":0,"event_name":"Drug Dealer","floor":29,"gold_loss":0}],"is_beta":false,"boss_relics":[{"not_picked":["Pandora\u0027s Box","Astrolabe"],"picked":"SlaversCollar"}],"items_purged_floors":[],"is_endless":false,"potions_floor_spawned":[9,15,16,19,20,23,28,31],"killed_by":"SI_MIRROR_ARCHETYPE","ascension_level":6}}