{"host":"b6hf8n3pu8vqv2wi","time":1612015467,"event":{"mods":["BaseMod","Downfall","Minty Spire (QoL Compilation)","StSLib"],"gold_per_floor":[99,99,99,99,117,148,148,163,194,94,109,109,9,23,35,132,132,132,146,92,105,22,34,34,34,63,75,75,175,191,191,191,191],"floor_reached":31,"language":"ZHS","playtime":3778,"items_purged":[],"score":265,"play_id":"43dc90ec-8f8c-4877-8238-79aec4ee8a97","local_time":"20210130220427","is_ascension_mode":false,"campfire_choices":[{"floor":1.0,"key":"RECALL"},{"floor":10.0,"key":"REST"},{"data":"sneckomod:Nope","floor":13,"key":"SMITH"},{"data":"sneckomod:UnknownBoss","floor":18,"key":"SMITH"},{"data":"sneckomod:UnknownBoss","floor":25,"key":"SMITH"},{"data":"sneckomod:SoulCleanse","floor":28,"key":"SMITH"}],"circlet_count":0,"master_deck":["sneckomod:Strike","sneckomod:Strike","sneckomod:Strike","sneckomod:Defend","sneckomod:Defend","sneckomod:TailWhip","sneckomod:SnekBite","sneckomod:Unknown","sneckomod:Unknown","sneckomod:QuickMove","sneckomod:QuickMove","sneckomod:UnknownBoss+1","sneckomod:QuickBite","sneckomod:SnakeSap","sneckomod:WideSting","sneckomod:Nope+1","sneckomod:Unknown0Cost","sneckomod:CheapStock","sneckomod:UnlimitedRolls","sneckomod:UnknownBoss+1","sneckomod:Unknown1Cost+1","sneckomod:ImprovisedAttack","sneckomod:SoulCleanse+1","sneckomod:DiceBoulder+1","sneckomod:SnakeSap","sneckomod:UnendingSupply+1","sneckomod:MorePower"],"relics":["sneckomod:SneckoSoul","downfall:HeartsMalice","bronze:BronzeIdol","Ice Cream","Orichalcum","downfall:HeartBlessingRed","downfall:HeartBlessingGreen","Coffee Dripper","Lizard Tail"],"acts_visited":["Exordium","TheCity"],"potions_floor_usage":[15,16,16,21,23,26,30],"damage_taken":[{"damage":0.0,"enemies":"Small Slimes","floor":2.0,"turns":1.0},{"damage":0.0,"enemies":"Cultist","floor":3.0,"turns":1.0},{"damage":0.0,"enemies":"downfall:FleeingMerchant","floor":4.0,"turns":1.0},{"damage":3.0,"enemies":"Jaw Worm","floor":5.0,"turns":3.0},{"damage":14.0,"enemies":"3 Sentries","floor":6.0,"turns":7.0},{"damage":15.0,"enemies":"Lots of Slimes","floor":8.0,"turns":6.0},{"damage":8.0,"enemies":"Lagavulin","floor":9.0,"turns":6.0},{"damage":0.0,"enemies":"Large Slime","floor":11.0,"turns":4.0},{"damage":6,"enemies":"Red Slaver","floor":14,"turns":4},{"damage":0,"enemies":"Lots of Slimes","floor":15,"turns":2},{"damage":62,"enemies":"SI_SHIV_ARCHETYPE","floor":16,"turns":9},{"damage":7,"enemies":"Chosen","floor":19,"turns":7},{"damage":0,"enemies":"downfall:FleeingMerchant","floor":20,"turns":4},{"damage":22,"enemies":"Snake Plant","floor":21,"turns":5},{"damage":4,"enemies":"downfall:FleeingMerchant","floor":22,"turns":4},{"damage":0,"enemies":"Sentry and Sphere","floor":23,"turns":3},{"damage":33,"enemies":"Book of Stabbing","floor":26,"turns":5},{"damage":1,"enemies":"Shelled Parasite and Fungi","floor":27,"turns":3},{"damage":33,"enemies":"Centurion and Healer","floor":30,"turns":6},{"damage":44,"enemies":"Slavers","floor":31,"turns":3}],"seed_played":"-2593194197554135432","potions_obtained":[{"floor":5.0,"key":"sneckomod:DiceRollPotion"},{"floor":6.0,"key":"Block Potion"},{"floor":11.0,"key":"Ancient Potion"},{"floor":14,"key":"Fire Potion"},{"floor":15,"key":"DistilledChaos"},{"floor":16,"key":"sneckomod:CheatPotion"},{"floor":19,"key":"champ:CounterPotion"},{"floor":21,"key":"GamblersBrew"},{"floor":27,"key":"Fire Potion"},{"floor":30,"key":"Ancient Potion"}],"is_trial":false,"path_per_floor":["R","M","M","$","M","E","T","M","E","R","M","?","R","M","M","B",null,"R","M","$","M","$","M","T","R","E","M","R","?","M","E"],"character_chosen":"THE_SNECKO","items_purchased":["sneckomod:ImprovisedAttack","sneckomod:SnakeSap"],"campfire_rested":1,"item_purchase_floors":[20,22],"current_hp_per_floor":[90,90,90,90,87,73,73,58,50,77,77,77,77,71,71,9,90,90,83,90,68,64,64,64,64,31,30,30,30,44,0,0,0],"gold":191,"neow_bonus":"THREE_ENEMY_KILL","is_daily":false,"chose_seed":false,"campfire_upgraded":4,"win_rate":0.0,"timestamp":1612015467,"path_taken":["R","M","M","$","M","E","T","M","E","R","M","?","R","?","M","BOSS","R","M","$","M","$","M","T","R","E","M","R","?","M","E"],"items_purchased_type":["Card","Card"],"build_version":"2020-12-22","purchased_purges":0,"victory":false,"max_hp_per_floor":[90,90,90,90,90,90,90,90,90,90,90,90,90,90,90,90,90,90,90,90,90,90,90,90,90,90,90,90,90,90,90,90,90],"card_choices":[{"not_picked":["sneckomod:SoulDraw","sneckomod:DiceCrush"],"picked":"sneckomod:QuickMove","floor":2.0},{"not_picked":["sneckomod:RainOfDice","sneckomod:UnknownCommonSkill"],"picked":"sneckomod:QuickMove","floor":3.0},{"not_picked":["sneckomod:UnknownCommonAttack","sneckomod:UnknownCommonSkill"],"picked":"sneckomod:UnknownBoss","floor":4.0},{"not_picked":["sneckomod:QuickMove","sneckomod:DiceCrush"],"picked":"sneckomod:QuickBite","floor":5.0},{"not_picked":["sneckomod:QuickBite","sneckomod:ImprovisedAttack"],"picked":"sneckomod:SnakeSap","floor":6.0},{"not_picked":["sneckomod:DiceCrush","sneckomod:ImprovisedGuard"],"picked":"sneckomod:WideSting","floor":8.0},{"not_picked":["sneckomod:RainOfDice","sneckomod:UnknownWeak"],"picked":"sneckomod:Nope","floor":9.0},{"not_picked":["sneckomod:UnknownCommonSkill","sneckomod:UnknownClassGUARDIAN"],"picked":"sneckomod:Unknown0Cost","floor":11.0},{"not_picked":["sneckomod:UnknownDraw","sneckomod:UnknownCommonSkill","sneckomod:IronFang"],"picked":"SKIP","floor":14},{"not_picked":["sneckomod:UnknownCommonSkill","sneckomod:SnakeSap"],"picked":"sneckomod:UnlimitedRolls","floor":15},{"not_picked":["sneckomod:UnknownRarePower","sneckomod:Restock"],"picked":"sneckomod:UnknownBoss","floor":16},{"not_picked":["sneckomod:IronFang","sneckomod:UnknownClassGREEN"],"picked":"sneckomod:Unknown1Cost+1","floor":19},{"not_picked":["sneckomod:UnknownBlock","sneckomod:UnknownDraw","sneckomod:QuickMove"],"picked":"SKIP","floor":20},{"not_picked":["sneckomod:SoulRoll","sneckomod:DefensiveFlair"],"picked":"sneckomod:SoulCleanse","floor":21},{"not_picked":["sneckomod:UnknownClassGUARDIAN","sneckomod:UnknownVulnerable"],"picked":"sneckomod:DiceBoulder+1","floor":22},{"not_picked":["sneckomod:Unknown1Cost","sneckomod:CheapStock","sneckomod:SnekBeam+1"],"picked":"SKIP","floor":23},{"not_picked":["sneckomod:SoulRoll+1","sneckomod:CheapStock"],"picked":"sneckomod:UnendingSupply+1","floor":26},{"not_picked":["sneckomod:WideSting","sneckomod:DiceCrush","sneckomod:MasterEye+1"],"picked":"SKIP","floor":27},{"not_picked":["sneckomod:QuickBite","sneckomod:UnknownClassGREEN"],"picked":"sneckomod:MorePower","floor":30}],"player_experience":554381,"relics_obtained":[{"floor":6.0,"key":"bronze:BronzeIdol"},{"floor":7.0,"key":"Ice Cream"},{"floor":9.0,"key":"Orichalcum"},{"floor":26,"key":"Lizard Tail"}],"event_choices":[],"is_beta":false,"boss_relics":[{"not_picked":["Philosopher\u0027s Stone","Runic Dome"],"picked":"Coffee Dripper"}],"items_purged_floors":[],"is_endless":false,"potions_floor_spawned":[5,6,11,14,15,16,19,21,27,30],"killed_by":"Slavers","ascension_level":0}}