{"host":"3qkmyeoym75lj4wn","time":1612042382,"event":{"mods":["2.2 Compatiblity","BaseMod","Block Reminder","Colored Powertips","Highlight Path","Minty Spire (QoL Compilation)","Permanent Neow","Potion Indicator Mod","Rare Cards Sparkle","Relic Stats","StSLib","Unceasing Turn Reminder"],"gold_per_floor":[111,127,127,145,145,179,179,211,211,5,35,45,45,64,64,139,139,150,72,72,72,88,88,88,123,123,123,139,154,168,186,186,186,186],"floor_reached":33,"language":"ENG","playtime":981,"items_purged":[],"score":749,"play_id":"9dd09e96-342d-42f6-8e9a-fe4927effce1","local_time":"20210130213302","is_ascension_mode":true,"campfire_choices":[{"data":"Eruption","floor":7,"key":"SMITH"},{"data":"Apotheosis","floor":15,"key":"SMITH"},{"data":"RitualDagger","floor":23,"key":"SMITH"},{"data":"TalkToTheHand","floor":32,"key":"SMITH"}],"circlet_count":0,"master_deck":["AscendersBane","Strike_P","Strike_P","Strike_P","Defend_P","Defend_P","Defend_P","Defend_P","Eruption+1","Vigilance","BowlingBash","Consecrate","WheelKick","Apotheosis+1","FlyingSleeves","Wish","Halt","DevaForm","TalkToTheHand+1","RitualDagger+1","Adaptation"],"relics":["Coffee Dripper","Mercury Hourglass","Question Card","Boot","Mango","CloakClasp","VioletLotus","Singing Bowl","TeardropLocket"],"acts_visited":["Exordium","TheCity"],"potions_floor_usage":[6,6,25,25,33],"damage_taken":[{"damage":11,"enemies":"Cultist","floor":1,"turns":5},{"damage":2,"enemies":"Jaw Worm","floor":2,"turns":4},{"damage":3,"enemies":"2 Louse","floor":4,"turns":3},{"damage":16,"enemies":"Gremlin Nob","floor":6,"turns":3},{"damage":0,"enemies":"3 Sentries","floor":8,"turns":6},{"damage":22,"enemies":"Gremlin Nob","floor":11,"turns":3},{"damage":0,"enemies":"Red Slaver","floor":12,"turns":2},{"damage":0,"enemies":"Blue Slaver","floor":14,"turns":3},{"damage":0,"enemies":"Slime Boss","floor":16,"turns":4},{"damage":0,"enemies":"Spheric Guardian","floor":18,"turns":3},{"damage":0,"enemies":"2 Thieves","floor":22,"turns":2},{"damage":55,"enemies":"Book of Stabbing","floor":25,"turns":6},{"damage":10,"enemies":"Centurion and Healer","floor":28,"turns":5},{"damage":4,"enemies":"3 Cultists","floor":29,"turns":3},{"damage":0,"enemies":"Chosen and Byrds","floor":30,"turns":3},{"damage":44,"enemies":"Sentry and Sphere","floor":31,"turns":5},{"damage":20,"enemies":"Collector","floor":33,"turns":2}],"seed_played":"4400600076114988508","potions_obtained":[{"floor":1,"key":"Ancient Potion"},{"floor":4,"key":"SneckoOil"},{"floor":11,"key":"SpeedPotion"},{"floor":12,"key":"LiquidBronze"},{"floor":14,"key":"Fire Potion"},{"floor":25,"key":"Explosive Potion"},{"floor":30,"key":"FairyPotion"}],"is_trial":false,"path_per_floor":["M","M","?","M","T","E","R","E","T","$","E","M","?","M","R","B",null,"M","$","?","?","M","R","?","E","T","?","M","M","M","M","R","B"],"character_chosen":"WATCHER","items_purchased":["Apotheosis","TalkToTheHand"],"campfire_rested":0,"item_purchase_floors":[10,19],"current_hp_per_floor":[50,48,48,45,45,29,29,29,43,43,21,21,21,21,21,21,67,67,67,61,77,77,77,77,24,24,24,16,14,16,20,20,0,0],"gold":186,"neow_bonus":"BOSS_RELIC","is_daily":false,"chose_seed":false,"campfire_upgraded":4,"win_rate":0.0,"timestamp":1612042382,"path_taken":["M","M","?","M","?","E","R","E","T","$","E","M","?","?","R","BOSS","M","$","?","?","M","R","?","E","T","?","M","M","?","M","R","BOSS"],"items_purchased_type":["Card","Card"],"build_version":"2020-12-22","purchased_purges":0,"victory":false,"max_hp_per_floor":[68,68,68,68,68,68,68,68,82,82,82,82,82,82,82,82,82,82,82,82,82,82,82,82,84,84,84,86,88,90,92,92,92,92],"relic_stats":{"Singing Bowl":10,"counters":[17,61],"VioletLotus":[5],"CloakClasp":[54],"Question Card":12,"Boot":[11],"obtain_stats":[{"Singing Bowl":25,"Mango":9,"VioletLotus":17,"Coffee Dripper":0,"CloakClasp":11,"TeardropLocket":26,"PureWater":0,"Question Card":6,"Boot":8,"Mercury Hourglass":5},{"Singing Bowl":12,"Mango":5,"VioletLotus":9,"Coffee Dripper":0,"CloakClasp":6,"TeardropLocket":12,"PureWater":0,"Question Card":4,"Boot":5,"Mercury Hourglass":3},{"Singing Bowl":43,"Mango":20,"VioletLotus":32,"Coffee Dripper":0,"CloakClasp":23,"TeardropLocket":43,"PureWater":0,"Question Card":15,"Boot":20,"Mercury Hourglass":12}],"Mercury Hourglass":[184]},"card_choices":[{"not_picked":["Pray","MentalFortress","PathToVictory"],"picked":"SKIP","floor":1},{"not_picked":["Evaluate","FollowUp"],"picked":"BowlingBash","floor":2},{"not_picked":["Worship","Nirvana","Meditate"],"picked":"SKIP","floor":4},{"not_picked":["Perseverance","JustLucky"],"picked":"Consecrate","floor":6},{"not_picked":["Consecrate","Nirvana","Prostrate"],"picked":"WheelKick","floor":8},{"not_picked":["Pray","ClearTheMind","ReachHeaven"],"picked":"FlyingSleeves","floor":11},{"not_picked":["Prostrate","EmptyBody","Protect"],"picked":"Wish","floor":12},{"not_picked":["Protect","CrushJoints","BowlingBash"],"picked":"Halt","floor":14},{"not_picked":["Brilliance","Wish","ConjureBlade"],"picked":"DevaForm","floor":16},{"not_picked":["Evaluate","SashWhip+1","BowlingBash","FollowUp"],"picked":"SKIP","floor":18},{"not_picked":["BattleHymn","EmptyBody","Evaluate"],"picked":"Adaptation","floor":22},{"not_picked":["CutThroughFate","Worship","Pray","MentalFortress"],"picked":"Singing Bowl","floor":25},{"not_picked":["WindmillStrike","ForeignInfluence+1","ClearTheMind+1","EmptyFist+1"],"picked":"Singing Bowl","floor":28},{"not_picked":["SashWhip","ClearTheMind","Meditate","Perseverance"],"picked":"Singing Bowl","floor":29},{"not_picked":["LikeWater","BattleHymn","ClearTheMind","SignatureMove"],"picked":"Singing Bowl","floor":30},{"not_picked":["ClearTheMind","SpiritShield","FlurryOfBlows","EmptyFist"],"picked":"Singing Bowl","floor":31}],"player_experience":1716939,"relics_obtained":[{"floor":5,"key":"Mercury Hourglass"},{"floor":6,"key":"Question Card"},{"floor":8,"key":"Boot"},{"floor":9,"key":"Mango"},{"floor":11,"key":"CloakClasp"},{"floor":25,"key":"Singing Bowl"},{"floor":26,"key":"TeardropLocket"}],"event_choices":[{"damage_healed":0,"gold_gain":0,"player_choice":"Ignored","damage_taken":0,"max_hp_gain":0,"max_hp_loss":0,"event_name":"Golden Wing","floor":3,"gold_loss":0},{"damage_healed":0,"gold_gain":0,"player_choice":"Got Potions","damage_taken":0,"max_hp_gain":0,"max_hp_loss":0,"event_name":"Lab","floor":13,"gold_loss":0},{"damage_healed":0,"gold_gain":0,"player_choice":"Joined the Cult","damage_taken":6,"max_hp_gain":0,"max_hp_loss":0,"event_name":"Nest","floor":20,"gold_loss":0,"cards_obtained":["RitualDagger"]},{"damage_healed":16,"gold_gain":0,"player_choice":"Heal","damage_taken":0,"max_hp_gain":0,"max_hp_loss":0,"event_name":"The Library","floor":21,"gold_loss":0},{"damage_healed":0,"gold_gain":0,"player_choice":"Ignored","damage_taken":0,"max_hp_gain":0,"max_hp_loss":0,"event_name":"Vampires","floor":24,"gold_loss":0},{"cards_removed":["Strike_P"],"damage_healed":0,"gold_gain":0,"player_choice":"Purged","damage_taken":0,"max_hp_gain":0,"max_hp_loss":0,"event_name":"Purifier","floor":27,"gold_loss":0}],"is_beta":false,"boss_relics":[{"not_picked":["Busted Crown","Fusion Hammer"],"picked":"VioletLotus"}],"items_purged_floors":[],"is_endless":false,"potions_floor_spawned":[1,4,11,12,14,25,30],"killed_by":"Collector","ascension_level":20}}