{"host":"rmsq46plbpwfbxcc","time":1612021062,"event":{"mods":["AchievementEnabler","BaseMod","Colored Map","Colored Powertips","DeckTracker","KOR Keyword Fix","Minty Spire (QoL Compilation)","Permanent Neow","Quick Restart","SuperFastMode"],"gold_per_floor":[116,116,135,151,151,151,151,192,192,210,210,234,234,274,274,274,274],"floor_reached":16,"language":"KOR","playtime":367,"items_purged":[],"score":203,"play_id":"46376618-0f2d-482f-ae13-3cb52c3849dc","local_time":"20210131003742","is_ascension_mode":true,"campfire_choices":[{"data":"Neutralize","floor":6,"key":"SMITH"},{"data":"Cloak And Dagger","floor":11,"key":"SMITH"},{"data":"Eviscerate","floor":13,"key":"SMITH"},{"data":"Survivor","floor":15,"key":"SMITH"}],"circlet_count":0,"master_deck":["AscendersBane","Strike_G","Strike_G","Strike_G","Defend_G","Defend_G+1","Defend_G","Survivor+1","Neutralize+1","Flechettes+1","Backstab+1","Cloak And Dagger+1","Backflip+1","PiercingWail","Eviscerate+1"],"relics":["Astrolabe","Golden Idol","Ornamental Fan","Blue Candle","War Paint"],"acts_visited":["Exordium"],"potions_floor_usage":[14],"damage_taken":[{"damage":4,"enemies":"Jaw Worm","floor":1,"turns":3},{"damage":0,"enemies":"Cultist","floor":3,"turns":3},{"damage":0,"enemies":"2 Louse","floor":4,"turns":1},{"damage":16,"enemies":"3 Sentries","floor":8,"turns":12},{"damage":6,"enemies":"2 Fungi Beasts","floor":10,"turns":4},{"damage":0,"enemies":"Red Slaver","floor":12,"turns":2},{"damage":0,"enemies":"Gremlin Nob","floor":14,"turns":3},{"damage":17,"enemies":"Hexaghost","floor":16,"turns":9}],"seed_played":"-7758263391459975534","potions_obtained":[{"floor":12,"key":"Fire Potion"},{"floor":14,"key":"Explosive Potion"}],"is_trial":false,"path_per_floor":["M","?","M","M","?","R","?","E","T","M","R","M","R","E","R","B"],"character_chosen":"THE_SILENT","items_purchased":[],"campfire_rested":0,"item_purchase_floors":[],"current_hp_per_floor":[59,70,70,70,53,53,53,37,37,31,31,31,31,31,31,14,14],"gold":274,"neow_bonus":"BOSS_RELIC","is_daily":false,"chose_seed":false,"campfire_upgraded":4,"win_rate":0.0,"timestamp":1612021062,"path_taken":["M","?","?","M","?","R","?","E","T","M","R","?","R","E","R","BOSS"],"items_purchased_type":[],"build_version":"2020-12-22","purchased_purges":0,"victory":false,"max_hp_per_floor":[70,70,70,70,70,70,70,70,70,70,70,70,70,70,70,70,70],"card_choices":[{"not_picked":["Flying Knee","Dodge and Roll"],"picked":"Cloak And Dagger","floor":1},{"not_picked":["Leg Sweep","Caltrops"],"picked":"Backflip","floor":3},{"not_picked":["Deadly Poison","Poisoned Stab"],"picked":"PiercingWail","floor":4},{"not_picked":["Envenom","Slice","Acrobatics"],"picked":"SKIP","floor":8},{"not_picked":["Backflip","Endless Agony","Cloak And Dagger"],"picked":"SKIP","floor":10},{"not_picked":["Skewer","Flying Knee","Bane"],"picked":"SKIP","floor":12},{"not_picked":["Bane","Wraith Form v2","PiercingWail"],"picked":"SKIP","floor":14}],"player_experience":657557,"relics_obtained":[{"floor":8,"key":"Ornamental Fan"},{"floor":9,"key":"Blue Candle"},{"floor":14,"key":"War Paint"}],"event_choices":[{"cards_removed":["Catalyst"],"damage_healed":11,"gold_gain":0,"player_choice":"Offered Uncommon","damage_taken":0,"max_hp_gain":0,"max_hp_loss":0,"event_name":"Bonfire Elementals","floor":2,"gold_loss":0},{"damage_healed":0,"gold_gain":0,"player_choice":"Take Damage","damage_taken":17,"relics_obtained":["Golden Idol"],"max_hp_gain":0,"max_hp_loss":0,"event_name":"Golden Idol","floor":5,"gold_loss":0},{"damage_healed":0,"gold_gain":0,"cards_transformed":["Defend_G"],"player_choice":"Transformed","damage_taken":0,"max_hp_gain":0,"max_hp_loss":0,"event_name":"Transmorgrifier","floor":7,"gold_loss":0,"cards_obtained":["Eviscerate"]}],"is_beta":false,"boss_relics":[],"items_purged_floors":[],"is_endless":false,"potions_floor_spawned":[12,14],"killed_by":"Hexaghost","ascension_level":10}}