{"host":"fzjk61lpi4bwj033","time":1612039408,"event":{"mods":["Ascension Unlocker","BaseMod","Conspire","Downfall","Hermit","Hubris","Infinite Spire","Jorbs\u0027s Wanderer Trilogy","Minty Spire (QoL Compilation)","Rare Cards Sparkle","Replay The Spire","StSLib","The Jungle"],"gold_per_floor":[99,110,210,227,227,256,256,256,275,300,17,17,51,64,81,81,81,81],"floor_reached":16,"language":"ENG","playtime":878,"items_purged":["bronze:Strike"],"score":152,"play_id":"a6083157-59cf-4ea4-9e83-16be96f54d78","local_time":"20210130144328","is_ascension_mode":true,"campfire_choices":[{"data":"bronze:Goto","floor":1,"key":"SMITH"},{"data":"bronze:Replicate","floor":8,"key":"SMITH"},{"data":"expansioncontent:DashGenerateEvil","floor":12,"key":"SMITH"}],"circlet_count":0,"master_deck":["bronze:Strike","bronze:Strike","bronze:Strike","bronze:Defend","bronze:Defend","bronze:Defend","bronze:Defend","bronze:Replicate+1","bronze:Goto+1","bronze:DelayedSlice","bronze:BronzeOrb","bronze:CutThrough","bronze:DigitalCarnage","bronze:WhirlingStrike","bronze:Safeguard","expansioncontent:DashGenerateEvil+1","bronze:Optimize","bronze:GetLatest","bronze:Mutator"],"relics":["bronze:BronzeCore","Art of War","MawBank","Omamori"],"acts_visited":["Exordium"],"potions_floor_usage":[6,16,16],"damage_taken":[{"damage":0,"enemies":"Small Slimes","floor":2,"turns":4},{"damage":0,"enemies":"Cultist","floor":4,"turns":3},{"damage":17,"enemies":"Gremlin Nob","floor":6,"turns":4},{"damage":0,"enemies":"Jaw Worm","floor":9,"turns":1},{"damage":12,"enemies":"3 Sentries","floor":10,"turns":4},{"damage":0,"enemies":"downfall:FleeingMerchant","floor":11,"turns":4},{"damage":0,"enemies":"Gremlin Nob","floor":13,"turns":2},{"damage":10,"enemies":"Exordium Thugs","floor":14,"turns":3},{"damage":0,"enemies":"Gremlin Gang","floor":15,"turns":1},{"damage":38,"enemies":"SI_SHIV_ARCHETYPE","floor":16,"turns":11}],"seed_played":"685767823137088464","potions_obtained":[{"floor":4,"key":"FearPotion"},{"floor":13,"key":"Doom Potion"},{"floor":14,"key":"Guardian:BlockOnCardUsePotion"},{"floor":15,"key":"Guardian:BlockOnCardUsePotion"}],"is_trial":false,"path_per_floor":["R","M","?","M","?","E","T","R","M","E","$","R","E","M","M","B"],"character_chosen":"THE_AUTOMATON","items_purchased":["expansioncontent:DashGenerateEvil","bronze:Optimize"],"campfire_rested":0,"item_purchase_floors":[11,11],"current_hp_per_floor":[77,77,77,77,77,60,60,60,60,48,48,48,48,38,38,0,0,0],"gold":81,"neow_bonus":"TEN_PERCENT_HP_BONUS","is_daily":false,"chose_seed":false,"campfire_upgraded":3,"win_rate":0.0,"timestamp":1612039408,"path_taken":["R","M","?","M","?","E","T","R","M","E","$","R","E","M","M","BOSS"],"items_purchased_type":["Card","Card"],"build_version":"2020-12-22","purchased_purges":1,"victory":false,"max_hp_per_floor":[77,77,77,77,77,77,77,77,77,77,77,77,77,77,77,77,77,77],"card_choices":[{"not_picked":["bronze:BitShift","bronze:Repulsor"],"picked":"bronze:DelayedSlice","floor":2},{"not_picked":["bronze:Invalidate","bronze:Repair"],"picked":"bronze:BronzeOrb","floor":4},{"not_picked":["bronze:Invalidate","bronze:Frontload"],"picked":"bronze:DigitalCarnage","floor":6},{"not_picked":["bronze:Overheat","bronze:CutThrough"],"picked":"bronze:WhirlingStrike","floor":9},{"not_picked":["bronze:CloningBeam","bronze:Backtrace","bronze:Break"],"picked":"SKIP","floor":10},{"not_picked":["bronze:CutThrough","bronze:DelayedGuard"],"picked":"bronze:Safeguard","floor":11},{"not_picked":["bronze:Fortify","bronze:Frontload"],"picked":"bronze:GetLatest","floor":13},{"not_picked":["bronze:Fortify","bronze:Backtrace","bronze:Repulsor"],"picked":"SKIP","floor":14},{"not_picked":["bronze:WhirlingStrike","bronze:Branch"],"picked":"bronze:Mutator","floor":15}],"player_experience":798930,"relics_obtained":[{"floor":6,"key":"Art of War"},{"floor":10,"key":"MawBank"},{"floor":13,"key":"Omamori"}],"event_choices":[],"is_beta":false,"boss_relics":[],"items_purged_floors":[11],"is_endless":false,"potions_floor_spawned":[4,13,14,15],"killed_by":"SI_SHIV_ARCHETYPE","ascension_level":1}}