{"host":"bxn2em57qlx5u4i0","time":1612006352,"event":{"mods":["BaseMod","Colored Map","Colored Powertips","Highlight Path","Minty Spire (QoL Compilation)","Random Character Button","Relic Sorter","Relic Stats","StSLib","SuperFastMode"],"gold_per_floor":[114,264,284,284,2,2,45,45,68,103,178,222,12,12,12,97,97,108,70,70,84,101,101,132,159,168,168,168],"floor_reached":27,"language":"ENG","playtime":630,"items_purged":["Doubt","Strike_G"],"score":494,"play_id":"18fc7ff9-4b7b-41a4-9ad8-04eb52de7a8e","local_time":"20210130063232","is_ascension_mode":true,"campfire_choices":[{"data":"Noxious Fumes","floor":6.0,"key":"SMITH"},{"data":"Predator","floor":8.0,"key":"SMITH"},{"floor":15.0,"key":"REST"},{"data":"Terror","floor":23,"key":"SMITH"}],"circlet_count":0,"master_deck":["AscendersBane","Strike_G","Strike_G","Strike_G+1","Defend_G+1","Defend_G","Defend_G","Defend_G","Survivor","Neutralize","Predator+1","Noxious Fumes+1","Terror+1","Calculated Gamble","Backflip","Tools of the Trade","Dagger Spray","Backflip","Writhe"],"relics":["Ring of the Snake","Lee\u0027s Waffle","CeramicFish","Bag of Preparation","Pen Nib","The Courier","Happy Flower","Cursed Key","FaceOfCleric","Frozen Egg 2","Pantograph"],"acts_visited":["Exordium","TheCity"],"potions_floor_usage":[24,24],"damage_taken":[{"damage":2.0,"enemies":"Jaw Worm","floor":1.0,"turns":7.0},{"damage":0.0,"enemies":"Small Slimes","floor":3.0,"turns":3.0},{"damage":20.0,"enemies":"Lagavulin","floor":7.0,"turns":6.0},{"damage":11.0,"enemies":"Gremlin Nob","floor":10.0,"turns":3.0},{"damage":17.0,"enemies":"3 Sentries","floor":12.0,"turns":5.0},{"damage":20.0,"enemies":"Slime Boss","floor":16.0,"turns":8.0},{"damage":4.0,"enemies":"Shell Parasite","floor":18.0,"turns":6.0},{"damage":0,"enemies":"2 Thieves","floor":21,"turns":4},{"damage":11,"enemies":"Snake Plant","floor":22,"turns":4},{"damage":19,"enemies":"Book of Stabbing","floor":24,"turns":4},{"damage":12,"enemies":"Shelled Parasite and Fungi","floor":25,"turns":4}],"seed_played":"-7245815401263943497","potions_obtained":[{"floor":7.0,"key":"Block Potion"},{"floor":16.0,"key":"SneckoOil"},{"floor":21,"key":"AttackPotion"},{"floor":24,"key":"Energy Potion"}],"is_trial":false,"path_per_floor":["M","?","M","?","$","R","E","R","T","E","?","E","$","?","R","B",null,"M","$","?","M","M","R","E","M","T","?"],"character_chosen":"THE_SILENT","items_purchased":["Lee\u0027s Waffle","Noxious Fumes","Happy Flower","Dagger Spray"],"campfire_rested":1,"item_purchase_floors":[5,5,13,19],"current_hp_per_floor":[57,57,57,39,67,67,47,47,47,36,25,8,8,8,28,8,52,48,48,48,49,39,39,21,10,10,0,0],"gold":168,"neow_bonus":"REMOVE_TWO","is_daily":false,"chose_seed":false,"campfire_upgraded":3,"win_rate":0.0,"timestamp":1612006352,"path_taken":["M","?","M","?","$","R","E","R","T","E","?","E","$","?","R","BOSS","M","$","?","?","?","R","E","M","T","?"],"items_purchased_type":["Relic","Card","Relic","Card"],"build_version":"2020-12-22","purchased_purges":2,"victory":false,"max_hp_per_floor":[60,60,60,60,67,67,67,67,67,67,67,67,67,67,67,67,67,67,67,67,68,69,69,70,71,71,71,71],"relic_stats":{"Lee\u0027s Waffle":28,"Happy Flower":[10],"FaceOfCleric":4,"counters":[11,54],"CeramicFish":63,"Pantograph":0,"Pen Nib":[6],"Bag of Preparation":[16],"Cursed Key":1,"obtain_stats":[{"Lee\u0027s Waffle":5,"Happy Flower":13,"FaceOfCleric":20,"CeramicFish":7,"Pantograph":26,"Pen Nib":10,"The Courier":12,"Bag of Preparation":9,"Frozen Egg 2":24,"Cursed Key":17,"Ring of the Snake":0},{"Lee\u0027s Waffle":2,"Happy Flower":5,"FaceOfCleric":7,"CeramicFish":3,"Pantograph":11,"Pen Nib":4,"The Courier":5,"Bag of Preparation":3,"Frozen Egg 2":10,"Cursed Key":6,"Ring of the Snake":0},{"Lee\u0027s Waffle":10,"Happy Flower":24,"FaceOfCleric":38,"CeramicFish":16,"Pantograph":54,"Pen Nib":19,"The Courier":24,"Bag of Preparation":16,"Frozen Egg 2":50,"Cursed Key":32,"Ring of the Snake":0}],"Ring of the Snake":[22]},"card_choices":[{"not_picked":["Deflect","Prepared"],"picked":"Predator","floor":1.0},{"not_picked":["Sucker Punch","Setup","Acrobatics"],"picked":"SKIP","floor":3.0},{"not_picked":["Underhanded Strike","Slice"],"picked":"Terror","floor":7.0},{"not_picked":["Outmaneuver","Terror"],"picked":"Calculated Gamble","floor":10.0},{"not_picked":["Cloak And Dagger","Underhanded Strike"],"picked":"Backflip","floor":12.0},{"not_picked":["Night Terror","Burst"],"picked":"Tools of the Trade","floor":16.0},{"not_picked":["Cloak And Dagger","Bane","Expertise"],"picked":"SKIP","floor":18.0},{"not_picked":["Caltrops","Outmaneuver","Dagger Throw"],"picked":"SKIP","floor":21},{"not_picked":["Cloak And Dagger","Dagger Throw","Predator"],"picked":"SKIP","floor":22},{"not_picked":["Deflect","Outmaneuver+1","Endless Agony"],"picked":"SKIP","floor":24},{"not_picked":["Deflect","Eviscerate"],"picked":"Backflip","floor":25}],"player_experience":2964911,"relics_obtained":[{"floor":7.0,"key":"CeramicFish"},{"floor":9.0,"key":"Bag of Preparation"},{"floor":10.0,"key":"Pen Nib"},{"floor":12.0,"key":"The Courier"},{"floor":24,"key":"Frozen Egg 2"},{"floor":26,"key":"Pantograph"}],"event_choices":[{"damage_healed":0.0,"max_hp_gain":0.0,"max_hp_loss":0.0,"gold_gain":150.0,"event_name":"Liars Game","player_choice":"AGREE","floor":2.0,"gold_loss":0.0,"damage_taken":0.0,"cards_obtained":["Doubt"]},{"damage_healed":0.0,"max_hp_gain":0.0,"max_hp_loss":0.0,"gold_gain":0.0,"event_name":"Shining Light","player_choice":"Entered Light","floor":4.0,"gold_loss":0.0,"damage_taken":18.0,"cards_upgraded":["Defend_G","Strike_G"]},{"damage_healed":0.0,"max_hp_gain":0.0,"max_hp_loss":0.0,"gold_gain":75.0,"event_name":"World of Goop","player_choice":"Gather Gold","floor":11.0,"gold_loss":0.0,"damage_taken":11.0},{"damage_healed":0.0,"max_hp_gain":0.0,"max_hp_loss":0.0,"gold_gain":0.0,"event_name":"WeMeetAgain","player_choice":"Ignored","floor":14.0,"gold_loss":0.0,"damage_taken":0.0},{"damage_healed":0.0,"max_hp_gain":0.0,"max_hp_loss":0.0,"gold_gain":0.0,"event_name":"FaceTrader","player_choice":"Trade","floor":20.0,"gold_loss":0.0,"damage_taken":0.0,"relics_obtained":["FaceOfCleric"]}],"is_beta":false,"boss_relics":[{"not_picked":["Tiny House","Ring of the Serpent"],"picked":"Cursed Key"}],"items_purged_floors":[5,13],"is_endless":false,"potions_floor_spawned":[7,16,21,24],"ascension_level":20}}