{"host":"sc0o2qwpf9j16a4i","time":1612036813,"event":{"mods":["AchievementEnabler","BaseMod","BetterRewards","Block Reminder","Colored Map","Colored Powertips","Custom Start","Highlight Path","Minty Spire (QoL Compilation)","Relic Stats"],"gold_per_floor":[115,190,202,202,9,39,39,66,66,92,92,120,120,138,138,233,233,252,303,183,9,9,40,40,65,65,90,106,138,149,149,149,252,252,264,264,264,274,274,309,309,343,343,370,390,390,390,425,425,425],"floor_reached":51,"language":"ENG","playtime":1763,"items_purged":[],"score":1213,"play_id":"d714bbae-bb61-4fee-bd0b-504c87892dbe","local_time":"20210130220013","daily_mods":["Insanity","Vintage","Elite Swarm"],"is_ascension_mode":false,"campfire_choices":[{"data":"Loop","floor":7,"key":"SMITH"},{"data":"Turbo","floor":11,"key":"SMITH"},{"data":"Go for the Eyes","floor":15,"key":"SMITH"},{"floor":24,"key":"REST"},{"data":"Buffer","floor":32,"key":"SMITH"},{"floor":41,"key":"REST"},{"floor":47,"key":"REST"},{"floor":49,"key":"REST"}],"circlet_count":0,"master_deck":["Redo","Skim","Lockon","Compile Driver","Streamline","Coolheaded","Sweeping Beam","Beam Cell","Chaos","Auto Shields","Leap","Steam Power","Steam","Loop+1","Heatsinks","Conserve Battery","Scrape","Consume","Beam Cell","Compile Driver","Tempest","Compile Driver","Ball Lightning","Turbo+1","Go for the Eyes+1","Turbo","Gash","Coolheaded","Defragment","Compile Driver","Ball Lightning","Self Repair","Turbo","Glacier","Scrape","Blizzard","Go for the Eyes","Doom and Gloom","Hologram","Aggregate","Steam","Coolheaded","Streamline","Reinforced Body","Defragment","Recycle","Steam","Streamline","Beam Cell","Electrodynamics","Core Surge","Buffer+1","Reinforced Body+1","Leap+1","Ball Lightning","Cold Snap+1","Recycle+1","Echo Form","All For One","Creative AI","All For One","Seek","Discovery","Mind Blast","Biased Cognition+1","Echo Form+1","Echo Form+1","Biased Cognition+1"],"relics":["Cracked Core","Bronze Scales","Mercury Hourglass","Ornamental Fan","Potion Belt","Pocketwatch","Akabeko","Darkstone Periapt","Boot","Ginger","Bag of Preparation","SacredBark","The Courier","Orichalcum","Juzu Bracelet","Nloth\u0027s Gift","Tiny Chest","Happy Flower","Strawberry","Singing Bowl","DataDisk","Art of War","Shuriken","Runic Pyramid","Regal Pillow","Pen Nib","White Beast Statue","Frozen Egg 2","Question Card","Pantograph","Bottled Flame","Prayer Wheel","Bottled Tornado"],"acts_visited":["Exordium","TheCity","TheBeyond"],"potions_floor_usage":[8,8,16,29,38,42,50,50,50,50],"damage_taken":[{"damage":0,"enemies":"Cultist","floor":1,"turns":2},{"damage":0,"enemies":"2 Louse","floor":3,"turns":2},{"damage":0,"enemies":"Lagavulin","floor":6,"turns":6},{"damage":0,"enemies":"3 Sentries","floor":8,"turns":2},{"damage":12,"enemies":"Lagavulin","floor":10,"turns":4},{"damage":1,"enemies":"3 Sentries","floor":12,"turns":3},{"damage":0,"enemies":"Small Slimes","floor":14,"turns":1},{"damage":0,"enemies":"Hexaghost","floor":16,"turns":6},{"damage":0,"enemies":"Shell Parasite","floor":18,"turns":3},{"damage":27,"enemies":"Slavers","floor":23,"turns":4},{"damage":0,"enemies":"Book of Stabbing","floor":25,"turns":2},{"damage":6,"enemies":"Gremlin Leader","floor":27,"turns":4},{"damage":0,"enemies":"Spheric Guardian","floor":28,"turns":2},{"damage":0,"enemies":"Book of Stabbing","floor":29,"turns":5},{"damage":0,"enemies":"3 Cultists","floor":30,"turns":4},{"damage":21,"enemies":"Automaton","floor":33,"turns":8},{"damage":0,"enemies":"3 Shapes","floor":35,"turns":3},{"damage":0,"enemies":"3 Darklings","floor":38,"turns":4},{"damage":10,"enemies":"Giant Head","floor":40,"turns":7},{"damage":0,"enemies":"Reptomancer","floor":42,"turns":3},{"damage":9,"enemies":"Nemesis","floor":44,"turns":4},{"damage":0,"enemies":"Jaw Worm Horde","floor":45,"turns":2},{"damage":79,"enemies":"Reptomancer","floor":48,"turns":3},{"damage":39,"enemies":"Awakened One","floor":50,"turns":8}],"seed_played":"8281819840172917198","potions_obtained":[{"floor":3,"key":"SkillPotion"},{"floor":6,"key":"BlessingOfTheForge"},{"floor":10,"key":"SpeedPotion"},{"floor":25,"key":"Fire Potion"},{"floor":27,"key":"Block Potion"},{"floor":29,"key":"GamblersBrew"},{"floor":30,"key":"BlessingOfTheForge"},{"floor":38,"key":"Ancient Potion"},{"floor":42,"key":"SteroidPotion"}],"is_trial":true,"path_per_floor":["M","?","M","T","$","E","R","E","T","E","R","E","?","M","R","B",null,"M","T","$","$","?","E","R","E","T","E","M","E","M","?","R","B",null,"M","?","?","M","T","E","R","E","T","E","M","?","R","E","R","B",null],"character_chosen":"DEFECT","items_purchased":["Potion Belt","AttackPotion","Orrery","Juzu Bracelet","Ancient Potion"],"campfire_rested":4,"item_purchase_floors":[5,5,20,21,21],"current_hp_per_floor":[75,64,64,64,64,71,71,71,71,66,66,72,72,72,72,75,75,75,75,75,75,75,48,70,70,77,78,78,82,82,82,82,75,82,82,74,74,74,74,64,84,84,84,75,75,75,80,8,47,33],"gold":425,"neow_bonus":"","is_daily":false,"chose_seed":false,"campfire_upgraded":4,"win_rate":0.0,"timestamp":1612036813,"path_taken":["M","?","M","?","?","E","R","E","T","E","R","E","?","?","R","BOSS","M","?","?","$","?","E","R","E","T","E","M","E","M","?","R","BOSS","M","?","?","M","?","E","R","E","T","E","M","?","R","E","R","BOSS"],"items_purchased_type":["Relic","Potion","Relic","Relic","Potion"],"build_version":"2020-12-22","purchased_purges":0,"victory":true,"max_hp_per_floor":[75,75,75,75,75,75,75,75,75,75,75,75,75,75,75,75,75,75,75,75,75,75,75,75,75,82,82,82,82,82,82,82,82,82,82,84,84,84,84,84,84,84,84,84,84,80,80,80,80,80],"relic_stats":{"Darkstone Periapt":0,"Regal Pillow":15,"Happy Flower":[19],"Singing Bowl":2,"counters":[24,92],"Pen Nib":[6],"Bag of Preparation":[34],"Juzu Bracelet":3,"Ginger":[4],"Orichalcum":[42],"Boot":[91],"Question Card":2,"Mercury Hourglass":[371],"Ornamental Fan":[180],"Shuriken":[23],"Bronze Scales":[255],"Pantograph":25,"Tiny Chest":1,"Prayer Wheel":0,"Nloth\u0027s Gift":0,"Art of War":[7],"obtain_stats":[{"Darkstone Periapt":9,"Regal Pillow":35,"Singing Bowl":27,"SacredBark":17,"Bag of Preparation":14,"Juzu Bracelet":21,"Ginger":12,"Bottled Tornado":48,"Boot":10,"Strawberry":26,"Pantograph":43,"Tiny Chest":23,"Prayer Wheel":45,"Cracked Core":0,"Runic Pyramid":34,"Potion Belt":5,"Happy Flower":25,"The Courier":18,"Pen Nib":38,"Orichalcum":19,"Frozen Egg 2":40,"Question Card":42,"Akabeko":8,"White Beast Statue":39,"Mercury Hourglass":3,"DataDisk":28,"Bottled Flame":44,"Ornamental Fan":4,"Shuriken":30,"Bronze Scales":1,"Orrery":20,"Nloth\u0027s Gift":22,"Art of War":29,"Pocketwatch":6},{"Darkstone Periapt":4,"Regal Pillow":17,"Singing Bowl":12,"SacredBark":8,"Bag of Preparation":7,"Juzu Bracelet":9,"Ginger":6,"Bottled Tornado":23,"Boot":5,"Strawberry":11,"Pantograph":20,"Tiny Chest":10,"Prayer Wheel":22,"Cracked Core":0,"Runic Pyramid":16,"Potion Belt":2,"Happy Flower":11,"The Courier":9,"Pen Nib":18,"Orichalcum":9,"Frozen Egg 2":19,"Question Card":20,"Akabeko":4,"White Beast Statue":18,"Mercury Hourglass":2,"DataDisk":13,"Bottled Flame":21,"Ornamental Fan":2,"Shuriken":15,"Bronze Scales":1,"Orrery":9,"Nloth\u0027s Gift":9,"Art of War":14,"Pocketwatch":3},{"Darkstone Periapt":12,"Regal Pillow":61,"Singing Bowl":39,"SacredBark":26,"Bag of Preparation":20,"Juzu Bracelet":29,"Ginger":19,"Bottled Tornado":84,"Boot":16,"Strawberry":35,"Pantograph":75,"Tiny Chest":33,"Prayer Wheel":81,"Cracked Core":0,"Runic Pyramid":58,"Potion Belt":4,"Happy Flower":35,"The Courier":29,"Pen Nib":65,"Orichalcum":29,"Frozen Egg 2":72,"Question Card":75,"Akabeko":12,"White Beast Statue":65,"Mercury Hourglass":4,"DataDisk":41,"Bottled Flame":79,"Ornamental Fan":4,"Shuriken":50,"Bronze Scales":2,"Orrery":29,"Nloth\u0027s Gift":29,"Art of War":46,"Pocketwatch":10}],"Pocketwatch":[34]},"card_choices":[{"not_picked":["Buffer","Meteor Strike","Amplify"],"picked":"SKIP","floor":6},{"not_picked":["Thunder Strike","Amplify"],"picked":"Electrodynamics","floor":8},{"not_picked":["Fission","Creative AI"],"picked":"Core Surge","floor":10},{"not_picked":["All For One","Rainbow"],"picked":"Buffer","floor":12},{"not_picked":["Beam Cell","Coolheaded"],"picked":"Reinforced Body+1","floor":20},{"not_picked":["Thunder Strike","Cold Snap"],"picked":"Leap+1","floor":20},{"not_picked":["Darkness","Leap"],"picked":"Ball Lightning","floor":20},{"not_picked":["Rebound","Leap"],"picked":"Cold Snap+1","floor":20},{"not_picked":["Fusion","Chaos"],"picked":"Recycle+1","floor":20},{"not_picked":["Reboot","Biased Cognition"],"picked":"Echo Form","floor":23},{"not_picked":["Seek","Rainbow"],"picked":"All For One","floor":25},{"not_picked":["Rainbow","Amplify"],"picked":"Creative AI","floor":27},{"not_picked":["Machine Learning","Thunder Strike"],"picked":"All For One","floor":29},{"not_picked":["Rainbow","Fission"],"picked":"Seek","floor":33},{"not_picked":["Dramatic Entrance","Purity"],"picked":"Discovery","floor":36},{"not_picked":["Master of Strategy","The Bomb"],"picked":"Mind Blast","floor":36},{"not_picked":["Thinking Ahead","Madness","Good Instincts"],"picked":"Singing Bowl","floor":36},{"not_picked":["Multi-Cast","Core Surge"],"picked":"Biased Cognition+1","floor":40},{"not_picked":["Machine Learning+1","Thunder Strike"],"picked":"Echo Form+1","floor":42},{"not_picked":["Seek","Meteor Strike","Reboot"],"picked":"Echo Form+1","floor":44},{"not_picked":["Thunder Strike","All For One","Multi-Cast"],"picked":"Biased Cognition+1","floor":48}],"player_experience":1109020,"relics_obtained":[{"floor":1,"key":"Bronze Scales"},{"floor":3,"key":"Mercury Hourglass"},{"floor":4,"key":"Ornamental Fan"},{"floor":6,"key":"Pocketwatch"},{"floor":8,"key":"Akabeko"},{"floor":9,"key":"Darkstone Periapt"},{"floor":10,"key":"Boot"},{"floor":12,"key":"Ginger"},{"floor":14,"key":"Bag of Preparation"},{"floor":18,"key":"The Courier"},{"floor":19,"key":"Orichalcum"},{"floor":23,"key":"Tiny Chest"},{"floor":25,"key":"Happy Flower"},{"floor":26,"key":"Strawberry"},{"floor":27,"key":"Singing Bowl"},{"floor":28,"key":"DataDisk"},{"floor":29,"key":"Art of War"},{"floor":30,"key":"Shuriken"},{"floor":35,"key":"Regal Pillow"},{"floor":38,"key":"Pen Nib"},{"floor":39,"key":"White Beast Statue"},{"floor":40,"key":"Frozen Egg 2"},{"floor":42,"key":"Question Card"},{"floor":43,"key":"Pantograph"},{"floor":44,"key":"Bottled Flame"},{"floor":45,"key":"Prayer Wheel"},{"floor":48,"key":"Bottled Tornado"}],"event_choices":[{"damage_healed":0,"gold_gain":75,"player_choice":"Gather Gold","damage_taken":11,"max_hp_gain":0,"max_hp_loss":0,"event_name":"World of Goop","floor":2,"gold_loss":0},{"cards_removed":["Scrape"],"damage_healed":0,"gold_gain":0,"player_choice":"Purged","damage_taken":0,"max_hp_gain":0,"max_hp_loss":0,"event_name":"Purifier","floor":13,"gold_loss":0},{"damage_healed":0,"gold_gain":0,"player_choice":"Traded Relic","damage_taken":0,"relics_obtained":["Nloth\u0027s Gift"],"max_hp_gain":0,"max_hp_loss":0,"event_name":"N\u0027loth","floor":22,"relics_lost":["Orrery"],"gold_loss":0},{"damage_healed":0,"gold_gain":0,"player_choice":"Bought 0 Potions","damage_taken":0,"max_hp_gain":0,"max_hp_loss":0,"event_name":"The Woman in Blue","floor":31,"gold_loss":0},{"damage_healed":0,"gold_gain":0,"player_choice":"Memory 3","damage_taken":10,"max_hp_gain":0,"max_hp_loss":0,"event_name":"SensoryStone","floor":36,"gold_loss":0},{"damage_healed":0,"gold_gain":0,"player_choice":"Ignored","damage_taken":0,"max_hp_gain":0,"max_hp_loss":0,"event_name":"NoteForYourself","floor":37,"gold_loss":0},{"damage_healed":0,"gold_gain":0,"player_choice":"Max HP","damage_taken":0,"max_hp_gain":0,"max_hp_loss":4,"event_name":"Winding Halls","floor":46,"gold_loss":0}],"is_beta":false,"boss_relics":[{"not_picked":["Ectoplasm","Runic Dome"],"picked":"SacredBark"},{"not_picked":["Philosopher\u0027s Stone","Empty Cage"],"picked":"Runic Pyramid"}],"items_purged_floors":[],"is_endless":false,"potions_floor_spawned":[3,6,10,25,27,29,30,35,38,40,42,44,45,48],"ascension_level":0}}