{"host":"6xsbn6ynqlzwllfm","time":1612019467,"event":{"mods":["2.2 Compatiblity","BaseMod","Bestiary","Colored Map","Colored Powertips","Curses Come First","Highlight Path","Keyboard Shortcuts","Minty Spire (QoL Compilation)","Relic Stats","Slay the Relics Exporter","StSLib","SuperFastMode"],"gold_per_floor":[111,128,53,53,65,100,100,39,66,95,95,128,148,148,148,148,148],"floor_reached":16,"language":"ENG","playtime":279,"items_purged":[],"score":230,"play_id":"44a9fc00-8f42-42f7-bbe3-cf9774e5f07a","local_time":"20210130101107","is_ascension_mode":true,"campfire_choices":[{"floor":7,"key":"REST"},{"floor":11,"key":"REST"},{"floor":15,"key":"REST"}],"circlet_count":0,"master_deck":["AscendersBane","Strike_B","Strike_B","Defend_B","Defend_B","Defend_B","Defend_B","Zap","Dualcast","Gash","Melter","Static Discharge","Machine Learning","Sweeping Beam","Hologram","Steam"],"relics":["Cracked Core","NeowsBlessing","Juzu Bracelet","Art of War","Akabeko","Mercury Hourglass"],"acts_visited":["Exordium"],"potions_floor_usage":[6,10],"damage_taken":[{"damage":0,"enemies":"Jaw Worm","floor":1,"turns":1},{"damage":0,"enemies":"Small Slimes","floor":2,"turns":1},{"damage":0,"enemies":"Cultist","floor":5,"turns":1},{"damage":35,"enemies":"3 Sentries","floor":6,"turns":6},{"damage":32,"enemies":"Gremlin Nob","floor":10,"turns":4},{"damage":25,"enemies":"3 Sentries","floor":12,"turns":5},{"damage":2,"enemies":"2 Fungi Beasts","floor":13,"turns":2},{"damage":27,"enemies":"Hexaghost","floor":16,"turns":7}],"seed_played":"8190811332855719235","potions_obtained":[{"floor":2,"key":"LiquidBronze"},{"floor":6,"key":"LiquidBronze"}],"is_trial":false,"path_per_floor":["M","M","?","?","M","E","R","?","T","E","R","E","M","?","R","B"],"character_chosen":"DEFECT","items_purchased":[],"campfire_rested":3,"item_purchase_floors":[],"current_hp_per_floor":[64,64,64,57,57,22,43,43,43,11,32,7,5,5,26,0,0],"gold":148,"neow_bonus":"THREE_ENEMY_KILL","is_daily":false,"chose_seed":false,"campfire_upgraded":0,"win_rate":0.0,"timestamp":1612019467,"path_taken":["M","M","?","?","M","E","R","?","T","E","R","E","M","?","R","BOSS"],"items_purchased_type":[],"build_version":"2020-12-22","purchased_purges":0,"victory":false,"max_hp_per_floor":[71,71,71,71,71,71,71,71,71,71,71,71,71,71,71,71,71],"relic_stats":{"counters":[8,27],"Juzu Bracelet":1,"Art of War":[2],"obtain_stats":[{"NeowsBlessing":0,"Juzu Bracelet":6,"Art of War":9,"Cracked Core":0,"Akabeko":10,"Mercury Hourglass":12},{"NeowsBlessing":0,"Juzu Bracelet":4,"Art of War":4,"Cracked Core":0,"Akabeko":5,"Mercury Hourglass":6},{"NeowsBlessing":0,"Juzu Bracelet":9,"Art of War":9,"Cracked Core":0,"Akabeko":13,"Mercury Hourglass":18}],"Mercury Hourglass":[30]},"card_choices":[{"not_picked":["Turbo","Steam"],"picked":"Gash","floor":1},{"not_picked":["Beam Cell","Leap"],"picked":"Melter","floor":2},{"not_picked":["Chill","Conserve Battery"],"picked":"Static Discharge","floor":5},{"not_picked":["Undo","Chaos"],"picked":"Machine Learning","floor":6},{"not_picked":["Ball Lightning","FTL"],"picked":"Sweeping Beam","floor":10},{"not_picked":["Tempest","Reprogram"],"picked":"Hologram","floor":12},{"not_picked":["Capacitor","Streamline"],"picked":"Steam","floor":13}],"player_experience":1284290,"relics_obtained":[{"floor":6,"key":"Juzu Bracelet"},{"floor":9,"key":"Art of War"},{"floor":10,"key":"Akabeko"},{"floor":12,"key":"Mercury Hourglass"}],"event_choices":[{"cards_removed":["Strike_B"],"damage_healed":0,"gold_gain":0,"player_choice":"Card Removal","damage_taken":0,"max_hp_gain":0,"max_hp_loss":0,"event_name":"The Cleric","floor":3,"gold_loss":75},{"cards_removed":["Strike_B"],"damage_healed":0,"gold_gain":0,"player_choice":"Card Removal","damage_taken":7,"max_hp_gain":0,"max_hp_loss":0,"event_name":"Golden Wing","floor":4,"gold_loss":0},{"damage_healed":0,"gold_gain":0,"player_choice":"Left Gold","damage_taken":0,"max_hp_gain":0,"max_hp_loss":0,"event_name":"World of Goop","floor":8,"gold_loss":61},{"damage_healed":0,"gold_gain":0,"player_choice":"Ignored","damage_taken":0,"max_hp_gain":0,"max_hp_loss":0,"event_name":"Shining Light","floor":14,"gold_loss":0}],"is_beta":false,"boss_relics":[],"items_purged_floors":[],"is_endless":false,"potions_floor_spawned":[2,6],"killed_by":"Hexaghost","ascension_level":19}}