{"host":"vumwfieg2b2mnrfl","time":1612043734,"event":{"mods":["AchievementEnabler","BaseMod","Minty Spire (QoL Compilation)","Rare Cards Sparkle","Relic Stats"],"gold_per_floor":[215,365,385,400,147,181,199,199,254,254,11,23,41,41,41],"floor_reached":14,"language":"ENG","playtime":327,"items_purged":["Doubt","Strike_R"],"score":179,"play_id":"244300b6-7ca3-4bfc-8003-c1b0a6da773b","local_time":"20210130155534","is_ascension_mode":true,"campfire_choices":[{"floor":8.0,"key":"REST"}],"circlet_count":0,"master_deck":["AscendersBane","Strike_R","Strike_R","Strike_R","Defend_R","Defend_R","Defend_R","Defend_R","Bash","Twin Strike","Inflame","Fire Breathing","Spot Weakness","Uppercut","Shrug It Off"],"relics":["Burning Blood","Membership Card","Smiling Mask","Akabeko","ClockworkSouvenir"],"acts_visited":["Exordium"],"potions_floor_usage":[14],"damage_taken":[{"damage":7.0,"enemies":"Small Slimes","floor":1.0,"turns":4.0},{"damage":9.0,"enemies":"2 Louse","floor":3.0,"turns":3.0},{"damage":1.0,"enemies":"Cultist","floor":4.0,"turns":3.0},{"damage":56.0,"enemies":"Gremlin Nob","floor":6.0,"turns":5.0},{"damage":18.0,"enemies":"Large Slime","floor":7.0,"turns":4.0},{"damage":0.0,"enemies":"Exordium Wildlife","floor":12.0,"turns":3.0},{"damage":21.0,"enemies":"Lots of Slimes","floor":13.0,"turns":3.0},{"damage":25,"enemies":"Lagavulin","floor":14,"turns":7}],"seed_played":"-1445320288964674002","potions_obtained":[{"floor":1.0,"key":"Energy Potion"},{"floor":7.0,"key":"SkillPotion"},{"floor":13.0,"key":"Dexterity Potion"}],"is_trial":false,"path_per_floor":["M","?","M","M","$","E","M","R","T","?","$","M","M","E"],"character_chosen":"IRONCLAD","items_purchased":["Membership Card","Fire Breathing","Shrug It Off","Akabeko","ClockworkSouvenir"],"campfire_rested":1,"item_purchase_floors":[5,5,11,11,11],"current_hp_per_floor":[67,67,64,69,69,19,7,29,29,29,29,35,20,0,0],"gold":41,"neow_bonus":"HUNDRED_GOLD","is_daily":false,"chose_seed":false,"campfire_upgraded":0,"win_rate":0.0,"timestamp":1612043734,"path_taken":["M","?","M","M","$","E","M","R","T","?","$","?","M","E"],"items_purchased_type":["Relic","Card","Card","Relic","Relic"],"build_version":"2020-12-22","purchased_purges":2,"victory":false,"max_hp_per_floor":[75,75,75,75,75,75,75,75,75,75,75,75,75,75,75],"relic_stats":{"counters":[8,32],"Smiling Mask":0,"obtain_stats":[{"Membership Card":5,"Smiling Mask":9,"Burning Blood":0,"Akabeko":11,"ClockworkSouvenir":11},{"Membership Card":3,"Smiling Mask":5,"Burning Blood":0,"Akabeko":5,"ClockworkSouvenir":5},{"Membership Card":10,"Smiling Mask":19,"Burning Blood":0,"Akabeko":19,"ClockworkSouvenir":19}],"Burning Blood":42},"card_choices":[{"not_picked":["Second Wind","Warcry"],"picked":"Twin Strike","floor":1.0},{"not_picked":["Thunderclap","Pummel","Sword Boomerang"],"picked":"SKIP","floor":3.0},{"not_picked":["Power Through","Offering"],"picked":"Inflame","floor":4.0},{"not_picked":["Perfected Strike","Armaments"],"picked":"Spot Weakness","floor":6.0},{"not_picked":["Reckless Charge","Combust"],"picked":"Uppercut","floor":7.0},{"not_picked":["Clash","Infernal Blade","Sword Boomerang"],"picked":"SKIP","floor":12.0},{"not_picked":["Dropkick","Warcry","Intimidate"],"picked":"SKIP","floor":13.0}],"player_experience":503608,"relics_obtained":[{"floor":9.0,"key":"Smiling Mask"}],"event_choices":[{"damage_healed":0.0,"max_hp_gain":0.0,"max_hp_loss":0.0,"gold_gain":150.0,"event_name":"Liars Game","player_choice":"AGREE","floor":2.0,"gold_loss":0.0,"damage_taken":0.0,"cards_obtained":["Doubt"]},{"cards_removed":["Strike_R"],"damage_healed":0.0,"max_hp_gain":0.0,"max_hp_loss":0.0,"gold_gain":0.0,"event_name":"Purifier","player_choice":"Purged","floor":10.0,"gold_loss":0.0,"damage_taken":0.0}],"is_beta":false,"boss_relics":[],"items_purged_floors":[5,11],"is_endless":false,"potions_floor_spawned":[1,7,13],"killed_by":"Lagavulin","ascension_level":19}}