{"host":"dn6kke80v5f7isus","time":1612036306,"event":{"mods":["AchievementEnabler","Act Like it!","BaseMod","Colored Powertips","Custom Start","Defuse TimeMaze Blight","Gremlin Skip","Highlight Path","Hubris","Infinite Spire","Marisa????????","Minty Spire (QoL Compilation)","Rare Cards Sparkle","Replay The Spire","StSLib","The Servant 0.9.4","Uncapped","Unceasing Turn Reminder"],"gold_per_floor":[115,115,65,79,99,99,129,129,155,155,155],"floor_reached":10,"language":"ENG","playtime":100,"items_purged":[],"score":122,"play_id":"b06d2163-c133-4988-895b-7861b0a7a0e9","local_time":"20210130145146","is_ascension_mode":true,"campfire_choices":[{"data":"WitchLeyline","floor":6,"key":"SMITH"},{"data":"Acceleration","floor":8,"key":"SMITH"}],"circlet_count":0,"master_deck":["Strike_MRS","Strike_MRS","Strike_MRS","Defend_MRS","Defend_MRS","Defend_MRS","Defend_MRS","MasterSpark","UpSweep","Acceleration+1","PropBag","WitchLeyline+1"],"relics":["MiniHakkero","NeowsBlessing","hubris:Icosahedron","Dream Catcher","Gremlin Food"],"acts_visited":["Exordium"],"potions_floor_usage":[7],"damage_taken":[{"damage":0.0,"enemies":"Small Slimes","floor":1.0,"turns":1.0},{"damage":0,"enemies":"2 Louse","floor":4,"turns":1},{"damage":0,"enemies":"Cultist","floor":5,"turns":1},{"damage":0,"enemies":"Lagavulin","floor":7,"turns":1},{"damage":0,"enemies":"Gremlin Nob","floor":10,"turns":1}],"seed_played":"-3478806517150911756","potions_obtained":[{"floor":1.0,"key":"Weak Potion"},{"floor":7,"key":"LiquidBronze"}],"is_trial":false,"path_per_floor":["M","?","?","M","M","R","E","R","T","E"],"character_chosen":"MARISA","items_purchased":[],"campfire_rested":0,"item_purchase_floors":[],"current_hp_per_floor":[75,75,75,75,75,75,75,75,75,75,75],"gold":155,"neow_bonus":"THREE_ENEMY_KILL","is_daily":false,"chose_seed":false,"campfire_upgraded":2,"win_rate":0.0,"timestamp":1612036306,"path_taken":["M","?","?","M","M","R","E","R","T","E"],"items_purchased_type":[],"build_version":"2020-12-22","purchased_purges":0,"victory":false,"max_hp_per_floor":[75,75,75,75,75,75,75,75,75,75,75],"card_choices":[{"not_picked":["SporeBomb","IllusionStar"],"picked":"Acceleration","floor":1.0},{"not_picked":["UnstableBomb","LuminesStrike"],"picked":"PropBag","floor":4},{"not_picked":["StarBarrage","Acceleration"],"picked":"WitchLeyline","floor":5},{"not_picked":["SporeBomb","EnergyRecoil","AlicesGift"],"picked":"SKIP","floor":7}],"player_experience":406604,"relics_obtained":[{"floor":7,"key":"Dream Catcher"},{"floor":9,"key":"Gremlin Food"}],"event_choices":[{"cards_removed":["Strike_MRS"],"damage_healed":0.0,"max_hp_gain":0.0,"max_hp_loss":0.0,"gold_gain":0.0,"event_name":"The Cleric","player_choice":"Card Removal","floor":3.0,"gold_loss":50.0,"damage_taken":0.0}],"is_beta":false,"boss_relics":[],"items_purged_floors":[],"is_endless":false,"potions_floor_spawned":[1,7],"killed_by":"Gremlin Nob","ascension_level":1}}