{"host":"xm0tf1maiknh0fp9","time":1612031058,"event":{"mods":["BaseMod","Colored Map","Colored Powertips","Googly Eyes","Minty Spire (QoL Compilation)","Replay The Spire","StSLib"],"gold_per_floor":[116,116,132,157,171,199,199,47,47,57,384,384,157,157,157,157,157],"floor_reached":16,"language":"ENG","playtime":383,"items_purged":["Weave"],"score":130,"play_id":"d8cda90a-a14d-4480-a371-c695b358ac20","local_time":"20210130132418","is_ascension_mode":true,"campfire_choices":[{"data":"Pray","floor":7.0,"key":"SMITH"},{"floor":15,"key":"REST"}],"circlet_count":0,"master_deck":["Strike_P","Strike_P","Strike_P","Strike_P","Defend_P","Defend_P","Defend_P","Defend_P","Eruption+1","Vigilance+1","Pray+1"],"relics":["Painkiller Herb","Simple Rune","CeramicFish","War Paint","Tiny Chest","Old Coin","Omamori"],"acts_visited":["Exordium"],"potions_floor_usage":[],"damage_taken":[{"damage":19.0,"enemies":"Small Slimes","floor":1.0,"turns":2.0},{"damage":0.0,"enemies":"Cultist","floor":3.0,"turns":2.0},{"damage":0.0,"enemies":"2 Louse","floor":5.0,"turns":2.0},{"damage":12.0,"enemies":"3 Sentries","floor":6.0,"turns":7.0},{"damage":0.0,"enemies":"2 Fungi Beasts","floor":10.0,"turns":2.0},{"damage":33.0,"enemies":"Lagavulin","floor":11.0,"turns":7.0},{"damage":32,"enemies":"Hexaghost","floor":16,"turns":11}],"seed_played":"-7426699415040330454","potions_obtained":[{"floor":3.0,"key":"AttackPotion"},{"floor":6.0,"key":"SneckoOil"}],"is_trial":false,"path_per_floor":["?","?","?","T","?","E","T","T","T","?","E","?","T","?","T","B"],"character_chosen":"WATCHER","items_purchased":["War Paint","Omamori"],"campfire_rested":1,"item_purchase_floors":[8,13],"current_hp_per_floor":[53,53,53,53,53,41,41,41,41,41,8,8,8,8,29,0,0],"gold":157,"neow_bonus":"BOSS_RELIC","is_daily":false,"chose_seed":false,"campfire_upgraded":1,"win_rate":0.0,"timestamp":1612031058,"path_taken":["?","?","?","?","?","E","T","?","T","?","E","?","T","?","T","BOSS"],"items_purchased_type":["Relic","Relic"],"build_version":"2020-12-22","purchased_purges":1,"victory":false,"max_hp_per_floor":[72,72,72,72,72,72,72,72,72,72,72,72,72,72,72,72,72],"card_choices":[{"not_picked":["Replay:AtTheReady","Perseverance","SashWhip"],"picked":"SKIP","floor":1.0},{"not_picked":["SandsOfTime","Replay:AtTheReady"],"picked":"Weave","floor":3.0},{"not_picked":["JustLucky","SashWhip"],"picked":"Pray","floor":5.0},{"not_picked":["FlyingSleeves","Collect","Consecrate"],"picked":"SKIP","floor":6.0},{"not_picked":["Meditate","BowlingBash","CrushJoints"],"picked":"SKIP","floor":10.0},{"not_picked":["InnerPeace","WaveOfTheHand","Collect"],"picked":"SKIP","floor":11.0}],"player_experience":161904,"relics_obtained":[{"floor":4.0,"key":"Simple Rune"},{"floor":6.0,"key":"CeramicFish"},{"floor":9.0,"key":"Tiny Chest"},{"floor":11.0,"key":"Old Coin"}],"event_choices":[{"damage_healed":0.0,"max_hp_gain":0.0,"max_hp_loss":0.0,"gold_gain":0.0,"event_name":"Upgrade Shrine","player_choice":"Upgraded","floor":2.0,"gold_loss":0.0,"damage_taken":0.0,"cards_upgraded":["Eruption"]},{"damage_healed":0.0,"max_hp_gain":0.0,"max_hp_loss":0.0,"gold_gain":0.0,"event_name":"Scrap Ooze","player_choice":"Fled","floor":12.0,"gold_loss":0.0,"damage_taken":0.0},{"damage_healed":0,"gold_gain":0,"player_choice":"Searched \u00270\u0027 times","damage_taken":0,"max_hp_gain":0,"max_hp_loss":0,"event_name":"Dead Adventurer","floor":14,"gold_loss":0}],"is_beta":false,"boss_relics":[],"items_purged_floors":[13],"is_endless":false,"potions_floor_spawned":[3,6],"killed_by":"Hexaghost","ascension_level":4}}