{"host":"5f8yr5jxnqok2jdo","time":1612046390,"event":{"mods":["AchievementEnabler","BaseMod","Better Altar","Better Match","Better Note","Better Skull","Better Third Choice","Block Reminder","Colored Map","Colored Powertips","DeckTracker","Displayed Cursed Tome","Filter the Spire","Googly Eyes","Highlight Path","Key Reminder","Minty Spire (QoL Compilation)","Quick Restart","Rare Cards Sparkle","Relic Sorter","Relic Stats","ShortenTheSpire","Spire Arcade","Spire Birthday Party","StSLib","Steal the Spire","SuperFastMode","Uncapped","Unceasing Turn Reminder","everything is the same but u backflip on backflip","slay the spire mod where everything is the same but ironclad has a cowboy hat"],"gold_per_floor":[217,4,304,323,323,323,342,371,371,371,64,79,98,23,23,23,23],"floor_reached":16,"language":"ENG","playtime":321,"items_purged":["Strike_R"],"score":174,"play_id":"30bca1f4-d579-43f0-b145-4dddee3ba95e","local_time":"20210130233950","is_ascension_mode":true,"campfire_choices":[{"data":"Feed","floor":6.0,"key":"SMITH"},{"data":"Cleave","floor":10,"key":"SMITH"},{"data":"Body Slam","floor":15,"key":"SMITH"}],"circlet_count":0,"master_deck":["AscendersBane","Strike_R","Strike_R","Strike_R","Defend_R","Defend_R","Defend_R","Defend_R","Bash","Feed+1","Cleave+1","Body Slam+1","Feel No Pain+1"],"relics":["Burning Blood","Old Coin","Spirit Poop","Frozen Egg 2","Bottled Flame","Blue Candle"],"acts_visited":["Exordium"],"potions_floor_usage":[],"damage_taken":[{"damage":1.0,"enemies":"Cultist","floor":1.0,"turns":4.0},{"damage":7.0,"enemies":"Jaw Worm","floor":4.0,"turns":3.0},{"damage":2.0,"enemies":"Small Slimes","floor":7.0,"turns":4.0},{"damage":20.0,"enemies":"3 Sentries","floor":8.0,"turns":6.0},{"damage":2,"enemies":"2 Fungi Beasts","floor":12,"turns":3},{"damage":2,"enemies":"3 Louse","floor":13,"turns":3},{"damage":87,"enemies":"Hexaghost","floor":16,"turns":9}],"seed_played":"-9175120675684578942","potions_obtained":[{"floor":1.0,"key":"AttackPotion"},{"floor":7.0,"key":"Ancient Potion"},{"floor":12,"key":"Ancient Potion"}],"is_trial":false,"path_per_floor":["M","$","?","M","?","R","M","E","T","R","$","M","M","?","R","B"],"character_chosen":"IRONCLAD","items_purchased":["Feed","Blue Candle","Body Slam"],"campfire_rested":0,"item_purchase_floors":[2,11,11],"current_hp_per_floor":[73,73,73,72,72,72,79,69,69,69,69,77,85,85,85,0,0],"gold":23,"neow_bonus":"HUNDRED_GOLD","is_daily":false,"chose_seed":false,"campfire_upgraded":3,"win_rate":0.0,"timestamp":1612046390,"path_taken":["M","$","?","M","?","R","M","E","T","R","$","?","M","?","R","BOSS"],"items_purchased_type":["Card","Relic","Card"],"build_version":"2020-12-22","purchased_purges":1,"victory":false,"max_hp_per_floor":[75,75,75,75,75,75,79,83,83,83,83,87,91,91,91,91,91],"relic_stats":{"counters":[7,32],"Blue Candle":[2],"obtain_stats":[{"Bottled Flame":9,"Blue Candle":11,"Spirit Poop":5,"Frozen Egg 2":8,"Burning Blood":0,"Old Coin":3},{"Bottled Flame":4,"Blue Candle":4,"Spirit Poop":2,"Frozen Egg 2":4,"Burning Blood":0,"Old Coin":1},{"Bottled Flame":17,"Blue Candle":17,"Spirit Poop":7,"Frozen Egg 2":17,"Burning Blood":0,"Old Coin":4}],"Burning Blood":35},"card_choices":[{"not_picked":["Sever Soul","Anger","True Grit"],"picked":"SKIP","floor":1.0},{"not_picked":["Headbutt","Armaments","Shockwave"],"picked":"SKIP","floor":4.0},{"not_picked":["Brutality","Perfected Strike"],"picked":"Cleave","floor":7.0},{"not_picked":["Bludgeon","Warcry","Second Wind"],"picked":"SKIP","floor":8.0},{"not_picked":["Wild Strike","Perfected Strike"],"picked":"Feel No Pain+1","floor":12},{"not_picked":["Havoc","Anger","Armaments"],"picked":"SKIP","floor":13}],"player_experience":360555,"relics_obtained":[{"floor":8.0,"key":"Frozen Egg 2"},{"floor":9,"key":"Bottled Flame"}],"event_choices":[{"damage_healed":0.0,"max_hp_gain":0.0,"max_hp_loss":0.0,"gold_gain":0.0,"event_name":"Big Fish","player_choice":"Box","floor":3.0,"gold_loss":0.0,"damage_taken":0.0,"relics_obtained":["Old Coin"],"cards_obtained":["Regret"]},{"cards_removed":["Regret"],"damage_healed":0.0,"max_hp_gain":0.0,"max_hp_loss":0.0,"gold_gain":0.0,"event_name":"Bonfire Elementals","player_choice":"Offered Curse","floor":5.0,"gold_loss":0.0,"damage_taken":0.0,"relics_obtained":["Spirit Poop"]},{"cards_removed":["Strike_R"],"damage_healed":0,"gold_gain":0,"player_choice":"Card Removal","damage_taken":0,"max_hp_gain":0,"max_hp_loss":0,"event_name":"The Cleric","floor":14,"gold_loss":75}],"is_beta":false,"boss_relics":[],"items_purged_floors":[2],"is_endless":false,"potions_floor_spawned":[1,7,12],"killed_by":"Hexaghost","ascension_level":15}}