{"host":"bxn2em57qlx5u4i0","time":1612003882,"event":{"mods":["BaseMod","Colored Map","Colored Powertips","Highlight Path","Minty Spire (QoL Compilation)","Random Character Button","Relic Sorter","Relic Stats","StSLib","SuperFastMode"],"gold_per_floor":[111,130,55,55,55,89,89,89,89,130,150,150,185,200,200,296,296,311,136,149,173,173,173,207,219,246,265,140,165,185,199,199,278,278,295,346,362,362,31,31,56,69,69,69,146,161,161,191,191,191,191,191,191,29,29,29],"floor_reached":55,"language":"ENG","playtime":1955,"items_purged":["Strike_G","Strike_G","Strike_G"],"score":2020,"play_id":"27ed452c-1be1-43dc-a95d-e09e2f55953b","local_time":"20210130055122","is_ascension_mode":true,"campfire_choices":[{"data":"Bouncing Flask","floor":7.0,"key":"SMITH"},{"data":"Catalyst","floor":12.0,"key":"SMITH"},{"data":"Neutralize","floor":15.0,"key":"SMITH"},{"floor":23.0,"key":"REST"},{"floor":32.0,"key":"REST"},{"floor":40.0,"key":"REST"},{"floor":47.0,"key":"RECALL"},{"floor":49.0,"key":"REST"},{"floor":53,"key":"REST"}],"circlet_count":0,"master_deck":["AscendersBane","Defend_G+1","Defend_G+1","Defend_G","Defend_G","Defend_G","Survivor","Neutralize+1","All Out Attack+1","Bouncing Flask+1","Catalyst+1","Poisoned Stab","Blur","Corpse Explosion","Footwork","Footwork","After Image","Acrobatics+1","Well Laid Plans","Bullet Time","Acrobatics+1","Malaise","Finesse","Purity"],"relics":["Ring of the Snake","NeowsBlessing","Bloody Idol","Eternal Feather","White Beast Statue","Bronze Scales","Letter Opener","Fusion Hammer","Regal Pillow","Art of War","Du-Vu Doll","Empty Cage","Turnip","The Specimen","Molten Egg 2","Incense Burner","ClockworkSouvenir"],"acts_visited":["Exordium","TheCity","TheBeyond","TheEnding"],"potions_floor_usage":[51,55],"damage_taken":[{"damage":0.0,"enemies":"Small Slimes","floor":1.0,"turns":1.0},{"damage":0.0,"enemies":"2 Louse","floor":2.0,"turns":1.0},{"damage":0.0,"enemies":"Gremlin Nob","floor":6.0,"turns":1.0},{"damage":29.0,"enemies":"3 Sentries","floor":10.0,"turns":7.0},{"damage":0.0,"enemies":"Cultist","floor":11.0,"turns":3.0},{"damage":0.0,"enemies":"Gremlin Nob","floor":13.0,"turns":2.0},{"damage":11.0,"enemies":"Large Slime","floor":14.0,"turns":4.0},{"damage":6.0,"enemies":"Slime Boss","floor":16.0,"turns":9.0},{"damage":0.0,"enemies":"3 Byrds","floor":18.0,"turns":2.0},{"damage":0.0,"enemies":"Chosen","floor":20.0,"turns":3.0},{"damage":9.0,"enemies":"Snecko","floor":21.0,"turns":4.0},{"damage":17.0,"enemies":"Gremlin Leader","floor":24.0,"turns":4.0},{"damage":25.0,"enemies":"Shelled Parasite and Fungi","floor":25.0,"turns":6.0},{"damage":8.0,"enemies":"Snake Plant","floor":27.0,"turns":4.0},{"damage":18.0,"enemies":"Slavers","floor":29.0,"turns":4.0},{"damage":5.0,"enemies":"Snecko","floor":30.0,"turns":6.0},{"damage":0.0,"enemies":"Centurion and Healer","floor":31.0,"turns":5.0},{"damage":12.0,"enemies":"Champ","floor":33.0,"turns":10.0},{"damage":22.0,"enemies":"3 Darklings","floor":35.0,"turns":4.0},{"damage":29.0,"enemies":"2 Orb Walkers","floor":36.0,"turns":4.0},{"damage":14.0,"enemies":"3 Shapes","floor":37.0,"turns":4.0},{"damage":7.0,"enemies":"Giant Head","floor":41.0,"turns":8.0},{"damage":3.0,"enemies":"Sphere and 2 Shapes","floor":42.0,"turns":4.0},{"damage":3.0,"enemies":"Transient","floor":46.0,"turns":6.0},{"damage":4.0,"enemies":"Nemesis","floor":48.0,"turns":7.0},{"damage":26.0,"enemies":"Time Eater","floor":50.0,"turns":9.0},{"damage":26,"enemies":"Donu and Deca","floor":51,"turns":8},{"damage":66,"enemies":"Shield and Spear","floor":55,"turns":6}],"seed_played":"-2573665816491187304","potions_obtained":[{"floor":1.0,"key":"Ancient Potion"},{"floor":10.0,"key":"Poison Potion"},{"floor":13.0,"key":"Energy Potion"},{"floor":14.0,"key":"PowerPotion"},{"floor":16.0,"key":"Poison Potion"},{"floor":18.0,"key":"GhostInAJar"},{"floor":21.0,"key":"Fire Potion"},{"floor":29.0,"key":"GamblersBrew"},{"floor":33.0,"key":"Poison Potion"},{"floor":36.0,"key":"FearPotion"},{"floor":37.0,"key":"Ancient Potion"},{"floor":41.0,"key":"Poison Potion"}],"is_trial":false,"path_per_floor":["M","M","$","?","?","E","R","?","T","E","M","R","E","M","R","B",null,"M","$","M","M","?","R","E","M","T","M","$","E","M","M","R","B",null,"M","?","M","?","$","R","E","M","T","?","T","M","R","E","R","B","B",null,"R","$","E"],"character_chosen":"THE_SILENT","items_purchased":["Footwork","The Specimen","ClockworkSouvenir"],"campfire_rested":5,"item_purchase_floors":[19,39,54],"current_hp_per_floor":[59,59,59,39,39,39,48,48,48,19,19,28,28,17,26,20,50,50,50,50,41,41,60,48,28,33,30,30,17,17,22,60,53,58,41,17,8,8,8,53,51,53,53,43,48,50,60,60,60,34,8,47,60,60,0,0],"gold":29,"neow_bonus":"THREE_ENEMY_KILL","is_daily":false,"chose_seed":false,"campfire_upgraded":3,"win_rate":0.0,"timestamp":1612003882,"path_taken":["M","M","$","?","?","E","R","?","T","E","M","R","E","M","R","BOSS","M","$","M","?","?","R","E","M","T","M","$","E","M","M","R","BOSS","M","?","M","?","$","R","E","?","T","?","?","M","R","E","R","BOSS","BOSS","R","$","E"],"items_purchased_type":["Card","Relic","Relic"],"build_version":"2020-12-22","purchased_purges":3,"victory":false,"max_hp_per_floor":[66,66,66,66,60,60,60,60,60,60,60,60,60,60,60,60,60,60,60,60,60,60,60,60,60,60,60,60,60,60,60,60,60,60,60,60,60,60,60,60,60,60,60,60,60,60,60,60,60,60,60,60,60,60,60,60],"relic_stats":{"Regal Pillow":23,"counters":[28,136],"Bloody Idol":79,"Bronze Scales":[349],"Eternal Feather":85,"Turnip":[8],"Art of War":[36],"Letter Opener":[337],"obtain_stats":[{"Regal Pillow":24,"NeowsBlessing":0,"The Specimen":39,"Golden Idol":5,"Eternal Feather":6,"Incense Burner":48,"Letter Opener":13,"Empty Cage":34,"White Beast Statue":9,"ClockworkSouvenir":54,"Du-Vu Doll":29,"Bronze Scales":10,"Bloody Idol":22,"Molten Egg 2":41,"Fusion Hammer":17,"Turnip":36,"Art of War":26,"Ring of the Snake":0},{"Regal Pillow":12,"NeowsBlessing":0,"The Specimen":21,"Golden Idol":2,"Eternal Feather":3,"Incense Burner":25,"Letter Opener":6,"Empty Cage":18,"White Beast Statue":3,"ClockworkSouvenir":27,"Du-Vu Doll":15,"Bronze Scales":4,"Bloody Idol":11,"Molten Egg 2":22,"Fusion Hammer":8,"Turnip":20,"Art of War":13,"Ring of the Snake":0},{"Regal Pillow":41,"NeowsBlessing":0,"The Specimen":88,"Golden Idol":2,"Eternal Feather":3,"Incense Burner":113,"Letter Opener":15,"Empty Cage":76,"White Beast Statue":3,"ClockworkSouvenir":130,"Du-Vu Doll":55,"Bronze Scales":10,"Bloody Idol":37,"Molten Egg 2":96,"Fusion Hammer":28,"Turnip":84,"Art of War":47,"Ring of the Snake":0}],"Ring of the Snake":[56]},"card_choices":[{"not_picked":["PiercingWail","Underhanded Strike"],"picked":"All Out Attack","floor":1.0},{"not_picked":["Flying Knee","Accuracy"],"picked":"Bouncing Flask","floor":2.0},{"not_picked":["Sucker Punch","Finisher"],"picked":"Blade Dance","floor":6.0},{"not_picked":["Flechettes","Dagger Throw"],"picked":"Catalyst","floor":10.0},{"not_picked":["Prepared","Outmaneuver"],"picked":"Poisoned Stab","floor":11.0},{"not_picked":["Expertise","Glass Knife"],"picked":"Blur","floor":13.0},{"not_picked":["Bane","Cloak And Dagger","Eviscerate"],"picked":"SKIP","floor":14.0},{"not_picked":["Grand Finale","Night Terror"],"picked":"Corpse Explosion","floor":16.0},{"not_picked":["Flying Knee","Dodge and Roll","Dagger Throw"],"picked":"SKIP","floor":18.0},{"not_picked":["Sucker Punch+1","Concentrate"],"picked":"Footwork","floor":20.0},{"not_picked":["Prepared","Bouncing Flask","Flying Knee"],"picked":"SKIP","floor":21.0},{"not_picked":["Tactician","Deadly Poison","Accuracy+1"],"picked":"SKIP","floor":24.0},{"not_picked":["Slice+1","Dagger Throw","Blade Dance"],"picked":"SKIP","floor":25.0},{"not_picked":["Outmaneuver+1","Riddle With Holes"],"picked":"After Image","floor":27.0},{"not_picked":["Accuracy+1","Slice"],"picked":"Acrobatics+1","floor":29.0},{"not_picked":["Underhanded Strike","Endless Agony"],"picked":"Well Laid Plans","floor":30.0},{"not_picked":["Prepared","All Out Attack","Concentrate"],"picked":"SKIP","floor":31.0},{"not_picked":["Grand Finale","Wraith Form v2"],"picked":"Bullet Time","floor":33.0},{"not_picked":["Deflect","Riddle With Holes","Finisher"],"picked":"SKIP","floor":35.0},{"not_picked":["Sucker Punch","Flechettes"],"picked":"Acrobatics+1","floor":36.0},{"not_picked":["Dagger Throw","Bane+1","Bouncing Flask"],"picked":"SKIP","floor":37.0},{"not_picked":["Sucker Punch+1","Grand Finale+1"],"picked":"Malaise","floor":41.0},{"not_picked":["Dagger Throw+1","Slice+1","Deadly Poison"],"picked":"SKIP","floor":42.0},{"not_picked":["Madness","HandOfGreed+1"],"picked":"Finesse","floor":44.0},{"not_picked":["Good Instincts","Deep Breath"],"picked":"Purity","floor":44.0},{"not_picked":["Underhanded Strike+1","Deadly Poison","Accuracy"],"picked":"SKIP","floor":46.0},{"not_picked":["Dagger Spray+1","Backstab+1","Outmaneuver"],"picked":"SKIP","floor":48.0}],"player_experience":2961608,"relics_obtained":[{"floor":6.0,"key":"Eternal Feather"},{"floor":9.0,"key":"White Beast Statue"},{"floor":10.0,"key":"Bronze Scales"},{"floor":13.0,"key":"Letter Opener"},{"floor":24.0,"key":"Regal Pillow"},{"floor":26.0,"key":"Art of War"},{"floor":29.0,"key":"Du-Vu Doll"},{"floor":36.0,"key":"Turnip"},{"floor":41.0,"key":"Molten Egg 2"},{"floor":48.0,"key":"Incense Burner"}],"event_choices":[{"damage_healed":0.0,"max_hp_gain":0.0,"max_hp_loss":0.0,"gold_gain":0.0,"event_name":"Shining Light","player_choice":"Entered Light","floor":4.0,"gold_loss":0.0,"damage_taken":20.0,"cards_upgraded":["Defend_G","Defend_G"]},{"damage_healed":0.0,"max_hp_gain":0.0,"max_hp_loss":6.0,"gold_gain":0.0,"event_name":"Golden Idol","player_choice":"Lose Max HP","floor":5.0,"gold_loss":0.0,"damage_taken":0.0,"relics_obtained":["Golden Idol"]},{"damage_healed":0.0,"max_hp_gain":0.0,"max_hp_loss":0.0,"gold_gain":0.0,"event_name":"Upgrade Shrine","player_choice":"Upgraded","floor":8.0,"gold_loss":0.0,"damage_taken":0.0,"cards_upgraded":["All Out Attack"]},{"damage_healed":0.0,"max_hp_gain":0.0,"max_hp_loss":0.0,"gold_gain":0.0,"event_name":"Forgotten Altar","player_choice":"Gave Idol","floor":22.0,"relics_lost":["Golden Idol"],"gold_loss":0.0,"damage_taken":0.0,"relics_obtained":["Bloody Idol"]},{"damage_healed":0.0,"max_hp_gain":0.0,"max_hp_loss":0.0,"gold_gain":0.0,"event_name":"Mysterious Sphere","player_choice":"Fight","floor":36.0,"gold_loss":0.0,"damage_taken":0.0},{"cards_removed":["Blade Dance"],"damage_healed":0.0,"max_hp_gain":0.0,"max_hp_loss":0.0,"gold_gain":0.0,"event_name":"Purifier","player_choice":"Purged","floor":38.0,"gold_loss":0.0,"damage_taken":0.0},{"damage_healed":0.0,"max_hp_gain":0.0,"max_hp_loss":0.0,"gold_gain":0.0,"event_name":"SensoryStone","player_choice":"Memory 3","floor":44.0,"gold_loss":0.0,"damage_taken":10.0}],"is_beta":false,"boss_relics":[{"not_picked":["Pandora\u0027s Box","SlaversCollar"],"picked":"Fusion Hammer"},{"not_picked":["Calling Bell","Philosopher\u0027s Stone"],"picked":"Empty Cage"}],"items_purged_floors":[3,19,28],"is_endless":false,"potions_floor_spawned":[1,10,11,13,14,16,18,20,21,24,25,27,29,30,31,33,35,36,37,41,42,46,48],"killed_by":"Shield and Spear","ascension_level":20}}