{"host":"usru02jcpe2a942d","time":1612006270,"event":{"mods":["Act Like it!","BaseMod","Colored Powertips","GifTheSpireLib","Highlight Path","Hubris","Infinite Spire","Jedi Mod","Minty Spire (QoL Compilation)","MostiFishMod","Pale of the Ancients","Quick Restart","Relic Stats","RumiaBox-露米娅的神秘盒子","StSLib","The Gatherer","The Hierophant","noobMod","【遗物卡牌】REMEMod","篝火指南"],"gold_per_floor":[114,39,39,53,53,86,86,111,183,203,51,97,110,127,127,228,228,246,171,72,87,87,87,119,70,70,101,101,101,118,130,130,227,227,244,255,255,269,286,286,316,316,316,316,216,263,263,279,279,279,289,301,301,301,301,307,307,307],"floor_reached":56,"language":"ZHS","playtime":2464,"items_purged":["Gatherer:Strike_Gatherer"],"score":1057,"play_id":"7967f144-1f19-450d-97ed-d9e624fa409f","local_time":"20210130193110","is_ascension_mode":false,"metric_token":1301,"campfire_choices":[{"data":"Gatherer:Centralize","floor":15.0,"key":"SMITH"},{"data":"Gatherer:SealedBomb","floor":23.0,"key":"SMITH"},{"data":"Gatherer:Misfortune","floor":29.0,"key":"SMITH"},{"data":"Gatherer:Liquidism","floor":32.0,"key":"SMITH"},{"data":"Gatherer:Misfortune","floor":40.0,"key":"SMITH"},{"data":"Gatherer:QuickSynthesis","floor":44.0,"key":"SMITH"},{"data":"Gatherer:QuickSynthesis","floor":47.0,"key":"SMITH"},{"data":"hubris:Fate","floor":49.0,"key":"SMITH"},{"data":"Gatherer:QuickSynthesis","floor":55,"key":"SMITH"}],"circlet_count":0,"master_deck":["Gatherer:Strike_Gatherer","Gatherer:Strike_Gatherer","Gatherer:Defend_Gatherer","Gatherer:Defend_Gatherer","Gatherer:Defend_Gatherer","Gatherer:Defend_Gatherer","Gatherer:Centralize+1","Gatherer:FlowerWhip+1","MostiFishMod:StarWish","Gatherer:ScherryThrow","hubris:Fate+1","Gatherer:MiningStrike","Gatherer:SealedBomb+1","Gatherer:Bulldoze","Gatherer:QuickSynthesis+1","Gatherer:QuickSynthesis+1","Gatherer:Examine","Gatherer:Pollute+1","Gatherer:FruitForce","Gatherer:QuickSynthesis+1","Gatherer:Misfortune+1","Gatherer:Misfortune+1","Gatherer:Liquidism+1","Gatherer:QuickSynthesis+1","Gatherer:Misfortune+1"],"relics":["Gatherer:AlchemyBag","DaveBox","ice","REME_ComplimentaryCards","HollowDreamFlower","SynthV:TestCard","MagicDraw3","hubris:Icosahedron","infinitespire:FocusingShard","White Beast Statue","hubris:EmptyBottle","hubris:OldNail","Busted Crown","infinitespire:Satchel","Meat on the Bone","GodSword1","ImprovedEquipment","GodSword4","hubris:Backtick","Potion Belt","Blood Vial","infinitespire:Midas Blood","Ice Cream","paleoftheancients:Timepiece","paleoftheancients:KeyRelic","Oddly Smooth Stone","Letter Opener","paleoftheancients:SoulOfTheShowman","REME_HourglassOfDeath"],"acts_visited":["Exordium","TheCity","TheBeyond","paleoftheancients:PaleOfTheAncients"],"potions_floor_usage":[],"damage_taken":[{"damage":6.0,"enemies":"Cultist","floor":1.0,"turns":3.0},{"damage":2.0,"enemies":"Jaw Worm","floor":4.0,"turns":3.0},{"damage":6.0,"enemies":"Gremlin Nob","floor":6.0,"turns":3.0},{"damage":9.0,"enemies":"3 Sentries","floor":8.0,"turns":3.0},{"damage":0.0,"enemies":"Small Slimes","floor":10.0,"turns":1.0},{"damage":11.0,"enemies":"Blue Slaver","floor":13.0,"turns":2.0},{"damage":0.0,"enemies":"Exordium Thugs","floor":14.0,"turns":2.0},{"damage":12.0,"enemies":"Slime Boss","floor":16.0,"turns":5.0},{"damage":4.0,"enemies":"Shell Parasite","floor":18.0,"turns":3.0},{"damage":10.0,"enemies":"Chosen","floor":21.0,"turns":5.0},{"damage":28.0,"enemies":"Slavers","floor":24.0,"turns":4.0},{"damage":26.0,"enemies":"Nightmare","floor":27.0,"turns":5.0},{"damage":0.0,"enemies":"Centurion and Healer","floor":30.0,"turns":3.0},{"damage":23.0,"enemies":"Shelled Parasite and Fungi","floor":31.0,"turns":4.0},{"damage":11.0,"enemies":"hubris:MusketHawk","floor":33.0,"turns":4.0},{"damage":9.0,"enemies":"Orb Walker","floor":35.0,"turns":3.0},{"damage":27.0,"enemies":"3 Darklings","floor":36.0,"turns":3.0},{"damage":14.0,"enemies":"Sphere and 2 Shapes","floor":38.0,"turns":3.0},{"damage":18.0,"enemies":"4 Shapes","floor":39.0,"turns":3.0},{"damage":45.0,"enemies":"Nightmare","floor":41.0,"turns":6.0},{"damage":0.0,"enemies":"2 Orb Walkers","floor":46.0,"turns":2.0},{"damage":0.0,"enemies":"3 Darklings","floor":48.0,"turns":2.0},{"damage":0.0,"enemies":"Time Eater","floor":50.0,"turns":3.0},{"damage":0.0,"enemies":"Time Eater","floor":51.0,"turns":4.0},{"damage":0,"enemies":"Time Eater","floor":52,"turns":2},{"damage":35,"enemies":"Time Eater","floor":56,"turns":5}],"seed_played":"-2995692362373194608","potions_obtained":[{"floor":6.0,"key":"SkillPotion"},{"floor":10.0,"key":"BloodPotion"},{"floor":13.0,"key":"LiquidBronze"},{"floor":16.0,"key":"BloodPotion"},{"floor":18.0,"key":"jedi:holywater"},{"floor":21.0,"key":"DistilledChaos"},{"floor":24.0,"key":"DuplicationPotion"},{"floor":33.0,"key":"LiquidBronze"},{"floor":35.0,"key":"PowerPotion"},{"floor":36.0,"key":"Fire Potion"},{"floor":37.0,"key":"Strength Potion"},{"floor":37.0,"key":"Explosive Potion"},{"floor":51.0,"key":"Regen Potion"},{"floor":52,"key":"Regen Potion"}],"is_trial":false,"path_per_floor":["M","$","?","M","?","E","?","E","T","M","$","T","M","M","R","B",null,"M","?","$","M","?","R","E","$","T","NM","T","R","M","M","R","B",null,"M","M","?","M","M","R","NM","?","T","R","NS","?","R","M","R","B","M","M","?","T","R","M"],"character_chosen":"THE_GATHERER","items_purchased":["hubris:EmptyBottle","Fruit Juice","Gatherer:QuickSynthesis"],"campfire_rested":0,"item_purchase_floors":[11,20,25],"current_hp_per_floor":[73,73,54,56,40,38,38,33,33,37,37,37,30,34,34,56,79,75,75,85,79,79,79,93,93,93,67,67,67,71,52,52,57,93,84,61,61,51,49,49,20,20,20,20,20,38,38,56,56,93,93,93,93,93,93,58,58,58],"gold":307,"neow_bonus":"TEN_PERCENT_HP_BONUS","is_daily":false,"chose_seed":false,"campfire_upgraded":9,"win_rate":0.0,"timestamp":1612006270,"path_taken":["M","$","?","M","?","E","?","E","T","?","?","?","?","M","R","BOSS","M","?","?","M","?","R","E","?","T","NM","?","R","?","M","R","BOSS","M","M","?","?","M","R","NM","?","T","R","NS","?","R","M","R","BOSS","M","M","?","T","R","M"],"items_purchased_type":["Relic","Potion","Card"],"build_version":"2020-12-22","purchased_purges":1,"victory":false,"max_hp_per_floor":[79,79,79,79,79,79,79,79,79,79,79,79,79,79,79,79,79,79,79,89,89,89,89,93,93,93,93,93,93,93,93,93,93,93,93,93,93,93,93,93,93,93,93,93,93,93,93,93,93,93,93,93,93,93,93,93,93,93],"relic_stats":{"Blood Vial":6,"Busted Crown":46,"counters":[26,86],"Letter Opener":[120],"obtain_stats":[{"Ice Cream":46,"DaveBox":0,"ice":0,"hubris:EmptyBottle":11,"MagicDraw3":6,"Blood Vial":41,"hubris:Icosahedron":7,"hubris:Backtick":34,"HollowDreamFlower":0,"Potion Belt":34,"paleoftheancients:KeyRelic":50,"ImprovedEquipment":27,"Oddly Smooth Stone":50,"infinitespire:FocusingShard":8,"Letter Opener":50,"White Beast Statue":9,"paleoftheancients:Timepiece":50,"SynthV:TestCard":1,"Busted Crown":17,"REME_HourglassOfDeath":54,"infinitespire:Satchel":22,"GodSword4":28,"Gatherer:AlchemyBag":0,"hubris:OldNail":12,"paleoftheancients:SoulOfTheShowman":51,"REME_ComplimentaryCards":0,"Meat on the Bone":24,"GodSword1":26,"infinitespire:Midas Blood":43},{"Ice Cream":21,"DaveBox":0,"ice":0,"hubris:EmptyBottle":5,"MagicDraw3":3,"Blood Vial":20,"hubris:Icosahedron":3,"hubris:Backtick":15,"HollowDreamFlower":0,"Potion Belt":15,"paleoftheancients:KeyRelic":23,"ImprovedEquipment":12,"Oddly Smooth Stone":23,"infinitespire:FocusingShard":4,"Letter Opener":23,"White Beast Statue":4,"paleoftheancients:Timepiece":23,"SynthV:TestCard":1,"Busted Crown":8,"REME_HourglassOfDeath":25,"infinitespire:Satchel":10,"GodSword4":12,"Gatherer:AlchemyBag":0,"hubris:OldNail":5,"paleoftheancients:SoulOfTheShowman":24,"REME_ComplimentaryCards":0,"Meat on the Bone":11,"GodSword1":11,"infinitespire:Midas Blood":20},{"Ice Cream":70,"DaveBox":0,"ice":0,"hubris:EmptyBottle":13,"MagicDraw3":9,"Blood Vial":68,"hubris:Icosahedron":9,"hubris:Backtick":50,"HollowDreamFlower":0,"Potion Belt":50,"paleoftheancients:KeyRelic":75,"ImprovedEquipment":39,"Oddly Smooth Stone":75,"infinitespire:FocusingShard":12,"Letter Opener":75,"White Beast Statue":12,"paleoftheancients:Timepiece":75,"SynthV:TestCard":3,"Busted Crown":22,"REME_HourglassOfDeath":81,"infinitespire:Satchel":30,"GodSword4":39,"Gatherer:AlchemyBag":0,"hubris:OldNail":13,"paleoftheancients:SoulOfTheShowman":79,"REME_ComplimentaryCards":0,"Meat on the Bone":34,"GodSword1":34,"infinitespire:Midas Blood":68}],"Meat on the Bone":60},"card_choices":[{"not_picked":["Gatherer:CarefulStrike","Gatherer:EnergyBasket"],"picked":"Gatherer:ScherryThrow","floor":1.0},{"not_picked":["infinitespire:Gouge","hubris:Rewind"],"picked":"hubris:Fate","floor":3.0},{"not_picked":["Gatherer:Frenzy","Gatherer:VenomBarrier","Gatherer:Convert","Gatherer:AlchemyTrial"],"picked":"Gatherer:MiningStrike","floor":4.0},{"not_picked":["Gatherer:Snatch","Gatherer:ScentOfRosmari","Gatherer:AromaProtection","Gatherer:Polymorphism"],"picked":"Gatherer:SealedBomb","floor":6.0},{"not_picked":["Gatherer:Duality","Gatherer:BigPouch","Gatherer:RecoveryHerb","Gatherer:Liquidism"],"picked":"Gatherer:Bulldoze","floor":8.0},{"not_picked":["Gatherer:TacticalStrike","Gatherer:CarefulStrike","Gatherer:GatherMaterial","Gatherer:WoolGloves"],"picked":"Gatherer:QuickSynthesis","floor":10.0},{"not_picked":["Gatherer:FragileHammer","Gatherer:OddSpoils","Gatherer:Frenzy","Gatherer:TreeGrowth","Gatherer:Polymorphism"],"picked":"SKIP","floor":13.0},{"not_picked":["Gatherer:CarefulStrike","Gatherer:SaveValuables","Gatherer:Snatch","Gatherer:Convert"],"picked":"Gatherer:QuickSynthesis","floor":14.0},{"not_picked":["Gatherer:FinishingStrike","Gatherer:BomberForm","Gatherer:FlamingBottle","Gatherer:ScrollOfPurity"],"picked":"Gatherer:Examine","floor":16.0},{"not_picked":["Gatherer:PotentialSlash","Gatherer:BambuSword","Gatherer:Herbalism"],"picked":"SKIP","floor":18.0},{"not_picked":["Gatherer:OddSpoils","Gatherer:CollectorsShot"],"picked":"Gatherer:Pollute+1","floor":21.0},{"not_picked":["Gatherer:WoolGloves+1","Gatherer:PotentialSlash"],"picked":"Gatherer:FruitForce","floor":24.0},{"not_picked":["Gatherer:Convert","Gatherer:Uplift"],"picked":"Gatherer:Misfortune","floor":27.0},{"not_picked":["Gatherer:PotentialSlash","Gatherer:MiningStrike"],"picked":"Gatherer:Misfortune","floor":30.0},{"not_picked":["Gatherer:GlowingPlant+1","Gatherer:WoolGloves"],"picked":"Gatherer:Liquidism","floor":31.0},{"not_picked":["Gatherer:WoolGloves","Gatherer:FlowerShield+1"],"picked":"Gatherer:Solidify+1","floor":35.0},{"not_picked":["Gatherer:CarefulStrike+1","Gatherer:WoolGloves+1","Gatherer:BambuSword+1"],"picked":"SKIP","floor":36.0},{"not_picked":["Gatherer:Solidify+1","Gatherer:ScentOfRosmari+1"],"picked":"Gatherer:QuickSynthesis+1","floor":38.0},{"not_picked":["Gatherer:TacticalStrike+1","Gatherer:WitheringStrike+1","Gatherer:GlowingPlant+1"],"picked":"SKIP","floor":39.0},{"not_picked":["Gatherer:AromaProtection+1","Gatherer:QuickSynthesis+1"],"picked":"Gatherer:Misfortune+1","floor":41.0},{"not_picked":["Gatherer:RottenStipe","Gatherer:Uplift","Gatherer:CollectorsShot+1"],"picked":"SKIP","floor":48.0},{"not_picked":["Gatherer:PotentialSlash+1","Gatherer:ScherryThrow+1","Gatherer:AcidicSpray+1"],"picked":"SKIP","floor":51.0},{"not_picked":["Gatherer:Pollute","Gatherer:SaveValuables","Gatherer:CollectorsShot"],"picked":"SKIP","floor":52}],"player_experience":235428,"relics_obtained":[{"floor":1.0,"key":"SynthV:TestCard"},{"floor":6.0,"key":"MagicDraw3"},{"floor":8.0,"key":"infinitespire:FocusingShard"},{"floor":9.0,"key":"White Beast Statue"},{"floor":12.0,"key":"hubris:OldNail"},{"floor":22.0,"key":"infinitespire:Satchel"},{"floor":24.0,"key":"Meat on the Bone"},{"floor":26.0,"key":"GodSword1"},{"floor":27.0,"key":"ImprovedEquipment"},{"floor":28.0,"key":"GodSword4"},{"floor":41.0,"key":"Blood Vial"},{"floor":43.0,"key":"infinitespire:Midas Blood"},{"floor":46.0,"key":"Ice Cream"},{"floor":51.0,"key":"paleoftheancients:SoulOfTheShowman"},{"floor":52,"key":"paleoftheancients:SoulOfTheWokeBloke"},{"floor":54,"key":"REME_HourglassOfDeath"}],"event_choices":[{"damage_healed":0.0,"max_hp_gain":0.0,"max_hp_loss":0.0,"gold_gain":0.0,"event_name":"Shining Light","player_choice":"Entered Light","floor":5.0,"gold_loss":0.0,"damage_taken":16.0,"cards_upgraded":["Gatherer:Defend_Gatherer","Gatherer:FlowerWhip"]},{"cards_removed":["Gatherer:Strike_Gatherer"],"damage_healed":0.0,"max_hp_gain":0.0,"max_hp_loss":0.0,"gold_gain":0.0,"event_name":"Beggar","player_choice":"Gave Gold","floor":19.0,"gold_loss":75.0,"damage_taken":0.0},{"damage_healed":0.0,"max_hp_gain":0.0,"max_hp_loss":0.0,"gold_gain":0.0,"event_name":"Lab","player_choice":"Got Potions","floor":37.0,"gold_loss":0.0,"damage_taken":0.0},{"damage_healed":0.0,"max_hp_gain":0.0,"max_hp_loss":0.0,"gold_gain":0.0,"event_name":"Tomb of Lord Red Mask","player_choice":"Ignored","floor":42.0,"gold_loss":0.0,"damage_taken":0.0},{"damage_healed":0.0,"max_hp_gain":0.0,"max_hp_loss":0.0,"gold_gain":0.0,"event_name":"Mysterious Sphere","player_choice":"Fight","floor":46.0,"gold_loss":0.0,"damage_taken":0.0},{"cards_removed":["Gatherer:Strike_Gatherer"],"damage_healed":0,"gold_gain":0,"player_choice":"Purged","damage_taken":0,"max_hp_gain":0,"max_hp_loss":0,"event_name":"Purifier","floor":53,"gold_loss":0}],"is_beta":false,"boss_relics":[{"not_picked":["hubris:VirtuousBlindfold","Black Star"],"picked":"Busted Crown"},{"not_picked":["Gatherer:MiracleBag","Astrolabe"],"picked":"hubris:Backtick"}],"items_purged_floors":[2],"is_endless":false,"potions_floor_spawned":[6,10,13,14,16,18,21,24,27,30,31,33,35,36,38,39,41,46,48,51,52],"killed_by":"Time Eater","ascension_level":0}}