{"host":"sc0o2qwpf9j16a4i","time":1612015194,"event":{"mods":["AchievementEnabler","BaseMod","BetterRewards","Block Reminder","Colored Map","Colored Powertips","Custom Start","Highlight Path","Minty Spire (QoL Compilation)","Relic Stats"],"gold_per_floor":[113,42,16,33,50,50,81,92,92,105,117,117,133,146,146,266,266,285,298,298,322,28,28,62,62,62,62,161,182,202,225,225,344,344,344,365,365,365,380,411,434,458,458,458,458,477,477,17,17,17],"floor_reached":51,"language":"ENG","playtime":1221,"items_purged":["Normality","Normality"],"score":957,"play_id":"851e5854-3f1f-4ebb-ba17-31f3891a4f9a","local_time":"20210130155954","daily_mods":["Cursed Run","Uncertain Future","Lethality"],"is_ascension_mode":false,"campfire_choices":[{"data":"Riddle With Holes","floor":6,"key":"SMITH"},{"data":"Dagger Spray","floor":15,"key":"SMITH"},{"data":"Footwork","floor":23,"key":"SMITH"},{"data":"Leg Sweep","floor":25,"key":"SMITH"},{"data":"Corpse Explosion","floor":32,"key":"SMITH"},{"floor":45,"key":"REST"},{"data":"Discovery","floor":47,"key":"SMITH"},{"data":"Footwork","floor":49,"key":"SMITH"}],"circlet_count":0,"master_deck":["Strike_G","Strike_G","Defend_G","Defend_G","Defend_G+1","Defend_G","Defend_G","Survivor","Neutralize","Backflip","Dagger Spray+1","Poisoned Stab","Riddle With Holes+1","Backflip+1","Poisoned Stab","Leg Sweep+1","Bane","Injury","Slice","Bane","Clumsy","Corpse Explosion+1","Footwork+1","Riddle With Holes+1","Dodge and Roll","Regret","Bullet Time","Finisher+1","Doppelganger+1","A Thousand Cuts+1","Leg Sweep","Underhanded Strike+1","Crippling Poison","PiercingWail","Skewer","Writhe","Panacea","Discovery+1","Panacea","Acrobatics+1","Footwork+1","Blur","Underhanded Strike","Dagger Throw","Clumsy"],"relics":["Cursed Key","Darkstone Periapt","Du-Vu Doll","Lantern","Eternal Feather","Potion Belt","Golden Idol","Snecko Eye","ClockworkSouvenir","Orichalcum","Ninja Scroll","Astrolabe","War Paint","HornCleat","OrangePellets"],"acts_visited":["Exordium","TheCity","TheBeyond"],"potions_floor_usage":[7,8,19,24,24,24,33,35,38,50,50],"damage_taken":[{"damage":0,"enemies":"Small Slimes","floor":1,"turns":3},{"damage":0,"enemies":"Cultist","floor":4,"turns":3},{"damage":0,"enemies":"Jaw Worm","floor":5,"turns":2},{"damage":0,"enemies":"Gremlin Nob","floor":7,"turns":2},{"damage":1,"enemies":"Gremlin Gang","floor":8,"turns":3},{"damage":11,"enemies":"Red Slaver","floor":10,"turns":2},{"damage":0,"enemies":"Exordium Wildlife","floor":11,"turns":1},{"damage":0,"enemies":"3 Louse","floor":13,"turns":1},{"damage":0,"enemies":"Blue Slaver","floor":14,"turns":2},{"damage":10,"enemies":"Slime Boss","floor":16,"turns":4},{"damage":0,"enemies":"Shell Parasite","floor":18,"turns":3},{"damage":0,"enemies":"Spheric Guardian","floor":19,"turns":3},{"damage":0,"enemies":"Shelled Parasite and Fungi","floor":21,"turns":3},{"damage":24,"enemies":"Gremlin Leader","floor":24,"turns":5},{"damage":3,"enemies":"Cultist and Chosen","floor":29,"turns":2},{"damage":0,"enemies":"Chosen and Byrds","floor":30,"turns":3},{"damage":0,"enemies":"3 Cultists","floor":31,"turns":2},{"damage":39,"enemies":"Collector","floor":33,"turns":7},{"damage":0,"enemies":"3 Darklings","floor":35,"turns":2},{"damage":5,"enemies":"3 Shapes","floor":36,"turns":4},{"damage":0,"enemies":"3 Darklings","floor":38,"turns":1},{"damage":5,"enemies":"Transient","floor":39,"turns":5},{"damage":3,"enemies":"Reptomancer","floor":40,"turns":4},{"damage":9,"enemies":"Maw","floor":41,"turns":3},{"damage":31,"enemies":"Writhing Mass","floor":42,"turns":7},{"damage":8,"enemies":"Spire Growth","floor":46,"turns":4},{"damage":27,"enemies":"Donu and Deca","floor":50,"turns":5}],"seed_played":"-818689090739966495","potions_obtained":[{"floor":4,"key":"GamblersBrew"},{"floor":7,"key":"Fruit Juice"},{"floor":10,"key":"Dexterity Potion"},{"floor":14,"key":"Weak Potion"},{"floor":18,"key":"EssenceOfSteel"},{"floor":19,"key":"SmokeBomb"},{"floor":20,"key":"Ancient Potion"},{"floor":20,"key":"DistilledChaos"},{"floor":20,"key":"PowerPotion"},{"floor":24,"key":"FearPotion"},{"floor":29,"key":"SmokeBomb"},{"floor":39,"key":"AttackPotion"},{"floor":42,"key":"Block Potion"}],"is_trial":true,"path_per_floor":["M","?","$","M","M","R","E","M","T","M","M","?","M","M","R","B",null,"M","M","?","M","$","R","E","R","T","$","?","M","M","M","R","B",null,"M","M","?","M","M","E","M","M","T","?","R","M","R","$","R","B",null],"character_chosen":"THE_SILENT","items_purchased":["Dagger Spray","ClockworkSouvenir","Footwork","OrangePellets","Footwork","Blur","Underhanded Strike","Dagger Throw"],"campfire_rested":1,"item_purchase_floors":[3,22,22,48,48,48,48,48],"current_hp_per_floor":[70,70,70,70,70,70,70,74,80,69,69,75,75,75,87,83,93,93,93,93,93,93,93,69,84,90,90,90,87,87,87,99,66,105,105,100,100,100,95,92,83,52,58,48,105,97,111,111,111,90],"gold":17,"neow_bonus":"","is_daily":false,"chose_seed":false,"campfire_upgraded":7,"win_rate":0.0,"timestamp":1612015194,"path_taken":["M","?","$","M","?","R","E","M","T","M","M","?","M","M","R","BOSS","M","M","?","M","?","R","E","R","T","$","?","M","M","M","R","BOSS","M","M","?","M","M","E","?","M","T","?","R","M","R","$","R","BOSS"],"items_purchased_type":["Card","Relic","Card","Relic","Card","Card","Card","Card"],"build_version":"2020-12-22","purchased_purges":2,"victory":true,"max_hp_per_floor":[70,70,70,70,70,70,70,75,81,81,81,87,87,87,87,93,93,93,93,93,93,93,93,93,93,99,99,99,99,99,99,99,105,105,105,105,105,105,105,105,105,105,111,111,111,111,111,111,111,117],"relic_stats":{"Darkstone Periapt":42,"OrangePellets":[1],"counters":[27,86],"Golden Idol":147,"Astrolabe":["Finisher","Doppelganger","A Thousand Cuts"],"Snecko Eye":[96,109,104,87],"Eternal Feather":77,"Orichalcum":[42],"War Paint":["Backflip","Defend_G"],"Cursed Key":3,"obtain_stats":[{"Darkstone Periapt":0,"Potion Belt":9,"Lantern":2,"Golden Idol":12,"Astrolabe":34,"Eternal Feather":7,"Orichalcum":24,"War Paint":40,"Cursed Key":0,"ClockworkSouvenir":22,"Du-Vu Doll":0,"OrangePellets":48,"HornCleat":43,"Ninja Scroll":26,"Snecko Eye":17},{"Darkstone Periapt":0,"Potion Belt":5,"Lantern":1,"Golden Idol":7,"Astrolabe":18,"Eternal Feather":4,"Orichalcum":14,"War Paint":23,"Cursed Key":0,"ClockworkSouvenir":13,"Du-Vu Doll":0,"OrangePellets":26,"HornCleat":25,"Ninja Scroll":14,"Snecko Eye":10},{"Darkstone Periapt":0,"Potion Belt":13,"Lantern":3,"Golden Idol":16,"Astrolabe":51,"Eternal Feather":10,"Orichalcum":37,"War Paint":67,"Cursed Key":0,"ClockworkSouvenir":32,"Du-Vu Doll":0,"OrangePellets":81,"HornCleat":77,"Ninja Scroll":37,"Snecko Eye":23}]},"card_choices":[{"not_picked":["Accuracy","All Out Attack"],"picked":"Backflip","floor":1},{"not_picked":["Expertise","Endless Agony"],"picked":"Poisoned Stab","floor":4},{"not_picked":["Slice","Blur"],"picked":"Riddle With Holes","floor":5},{"not_picked":["Cloak And Dagger","Deflect"],"picked":"Backflip","floor":7},{"not_picked":["Heel Hook","Underhanded Strike"],"picked":"Poisoned Stab","floor":8},{"not_picked":["Deflect","Blade Dance"],"picked":"Leg Sweep","floor":10},{"not_picked":["Flechettes","Outmaneuver"],"picked":"Bane","floor":11},{"not_picked":["Reflex","Backflip"],"picked":"Slice","floor":13},{"not_picked":["Backflip","Flying Knee"],"picked":"Bane","floor":14},{"not_picked":["Malaise","Die Die Die"],"picked":"Corpse Explosion","floor":16},{"not_picked":["Dagger Spray","Dodge and Roll","Bane"],"picked":"SKIP","floor":18},{"not_picked":["Dagger Spray","Caltrops","Blade Dance"],"picked":"SKIP","floor":19},{"not_picked":["Blade Dance+1","Flechettes","Reflex+1"],"picked":"SKIP","floor":21},{"not_picked":["Slice","All Out Attack"],"picked":"Riddle With Holes+1","floor":24},{"not_picked":["Backstab","Tactician","Dagger Spray"],"picked":"SKIP","floor":29},{"not_picked":["Accuracy+1","Flechettes","Quick Slash"],"picked":"SKIP","floor":30},{"not_picked":["Accuracy","Backflip"],"picked":"Dodge and Roll","floor":31},{"not_picked":["Grand Finale","Burst"],"picked":"Bullet Time","floor":33},{"not_picked":["Flying Knee+1","Poisoned Stab+1"],"picked":"Leg Sweep","floor":36},{"not_picked":["Quick Slash","Acrobatics+1"],"picked":"Underhanded Strike+1","floor":39},{"not_picked":["Dodge and Roll","Quick Slash"],"picked":"Crippling Poison","floor":40},{"not_picked":["Masterful Stab","Dagger Spray+1"],"picked":"PiercingWail","floor":41},{"not_picked":["Flying Knee+1","Poisoned Stab"],"picked":"Skewer","floor":42},{"not_picked":["Chrysalis","Sadistic Nature"],"picked":"Panacea","floor":44},{"not_picked":["Sadistic Nature","Good Instincts"],"picked":"Discovery","floor":44},{"not_picked":["Bandage Up","Dramatic Entrance"],"picked":"Panacea","floor":44},{"not_picked":["Blade Dance","Dagger Spray+1"],"picked":"Acrobatics+1","floor":46}],"player_experience":1088313,"relics_obtained":[{"floor":7,"key":"Eternal Feather"},{"floor":9,"key":"Potion Belt"},{"floor":24,"key":"Orichalcum"},{"floor":26,"key":"Ninja Scroll"},{"floor":40,"key":"War Paint"},{"floor":43,"key":"HornCleat"}],"event_choices":[{"damage_healed":0,"gold_gain":0,"player_choice":"Paid Gold","damage_taken":0,"relics_obtained":["Lantern"],"max_hp_gain":0,"max_hp_loss":0,"event_name":"WeMeetAgain","floor":2,"gold_loss":71},{"damage_healed":0,"gold_gain":0,"player_choice":"Take Wound","damage_taken":0,"relics_obtained":["Golden Idol"],"max_hp_gain":0,"max_hp_loss":0,"event_name":"Golden Idol","floor":12,"gold_loss":0,"cards_obtained":["Injury"]},{"damage_healed":0,"gold_gain":0,"player_choice":"Got Potions","damage_taken":0,"max_hp_gain":0,"max_hp_loss":0,"event_name":"Lab","floor":20,"gold_loss":0},{"damage_healed":0,"gold_gain":99,"player_choice":"Stole From Cult","damage_taken":0,"max_hp_gain":0,"max_hp_loss":0,"event_name":"Nest","floor":28,"gold_loss":0},{"damage_healed":0,"gold_gain":0,"player_choice":"Ignored","damage_taken":0,"max_hp_gain":0,"max_hp_loss":0,"event_name":"NoteForYourself","floor":37,"gold_loss":0},{"damage_healed":0,"gold_gain":0,"player_choice":"Memory 3","damage_taken":10,"max_hp_gain":0,"max_hp_loss":0,"event_name":"SensoryStone","floor":44,"gold_loss":0}],"is_beta":false,"boss_relics":[{"not_picked":["Calling Bell","HoveringKite"],"picked":"Snecko Eye"},{"not_picked":["Sozu","WristBlade"],"picked":"Astrolabe"}],"items_purged_floors":[22,48],"is_endless":false,"potions_floor_spawned":[4,7,10,14,18,19,24,29,38,39,42],"ascension_level":0}}