{"host":"j7koecyuyeg298fi","time":1612035820,"event":{"mods":["BaseMod","Minty Spire (QoL Compilation)"],"gold_per_floor":[114,114,114,84,103,131,131,145,145,160,160,85,85,85,85,180,180,192,117,117,117,128,145,175,175,254,267,286,286,303,218,218,218,218],"floor_reached":33,"language":"ENG","playtime":3633,"items_purged":["Defend_B"],"score":265,"play_id":"9d2c0b53-92e1-4b7c-b194-47003040744d","local_time":"20210130214340","is_ascension_mode":false,"campfire_choices":[{"data":"Streamline","floor":7,"key":"SMITH"},{"floor":11,"key":"REST"},{"data":"Melter","floor":13,"key":"SMITH"},{"data":"Go for the Eyes","floor":15,"key":"SMITH"},{"floor":25,"key":"REST"},{"floor":32,"key":"REST"}],"circlet_count":0,"master_deck":["Strike_B","Strike_B","Strike_B","Defend_B","Defend_B","Defend_B","Zap","Dualcast","Melter+1","Streamline+1","Cold Snap","Go for the Eyes+1","Conserve Battery+1","Loop","RitualDagger","FTL","Conserve Battery+1","Redo+1","Coolheaded+1","Decay","Undo+1"],"relics":["FrozenCore","Matryoshka","Vajra","Blue Candle","Toxic Egg 2","Singing Bowl","White Beast Statue","Nilry\u0027s Codex","Mercury Hourglass","Kunai","Omamori"],"acts_visited":["Exordium","TheCity"],"potions_floor_usage":[6,16,16,24,24,28,30,33,33],"damage_taken":[{"damage":0,"enemies":"2 Louse","floor":1,"turns":2},{"damage":5,"enemies":"Small Slimes","floor":5,"turns":3},{"damage":26,"enemies":"Lagavulin","floor":6,"turns":5},{"damage":0,"enemies":"Cultist","floor":8,"turns":2},{"damage":6,"enemies":"Red Slaver","floor":10,"turns":3},{"damage":32,"enemies":"The Guardian","floor":16,"turns":9},{"damage":0,"enemies":"Spheric Guardian","floor":18,"turns":2},{"damage":0,"enemies":"3 Byrds","floor":22,"turns":6},{"damage":13,"enemies":"Centurion and Healer","floor":23,"turns":6},{"damage":20,"enemies":"Gremlin Leader","floor":24,"turns":9},{"damage":10,"enemies":"Shelled Parasite and Fungi","floor":27,"turns":5},{"damage":0,"enemies":"Snecko","floor":28,"turns":6},{"damage":13,"enemies":"3 Cultists","floor":30,"turns":6},{"damage":62,"enemies":"Automaton","floor":33,"turns":10}],"seed_played":"-4445494965670901028","potions_obtained":[{"floor":1,"key":"SteroidPotion"},{"floor":4,"key":"Strength Potion"},{"floor":4,"key":"Energy Potion"},{"floor":6,"key":"Block Potion"},{"floor":16,"key":"FearPotion"},{"floor":18,"key":"EssenceOfDarkness"},{"floor":22,"key":"Strength Potion"},{"floor":24,"key":"DistilledChaos"},{"floor":27,"key":"GamblersBrew"},{"floor":28,"key":"SmokeBomb"},{"floor":30,"key":"Swift Potion"}],"is_trial":false,"path_per_floor":["M","?","?","?","M","E","R","M","T","M","R","$","R","T","R","B",null,"M","?","?","?","M","M","E","R","T","M","M","?","M","?","R","B"],"character_chosen":"DEFECT","items_purchased":[],"campfire_rested":3,"item_purchase_floors":[],"current_hp_per_floor":[82,75,75,75,70,44,44,44,44,38,62,62,62,62,62,32,84,84,84,68,62,62,49,29,54,54,44,46,46,33,33,58,0,0],"gold":218,"neow_bonus":"TEN_PERCENT_HP_BONUS","is_daily":false,"chose_seed":false,"campfire_upgraded":3,"win_rate":0.0,"timestamp":1612035820,"path_taken":["M","?","?","?","?","E","R","M","T","M","R","?","R","?","R","BOSS","M","?","?","?","M","M","E","R","T","M","M","?","?","?","R","BOSS"],"items_purchased_type":[],"build_version":"2020-12-22","purchased_purges":1,"victory":false,"max_hp_per_floor":[82,82,82,82,82,82,82,82,82,82,82,82,82,82,82,84,84,84,84,84,84,84,84,84,84,84,84,86,86,86,86,86,86,86],"card_choices":[{"not_picked":["Rebound","Stack"],"picked":"Melter","floor":1},{"not_picked":["Hello World","Turbo"],"picked":"Streamline","floor":5},{"not_picked":["Chaos","Seek"],"picked":"Cold Snap","floor":6},{"not_picked":["Reinforced Body","Consume"],"picked":"Go for the Eyes","floor":8},{"not_picked":["Self Repair","Streamline"],"picked":"Conserve Battery+1","floor":10},{"not_picked":["Creative AI","Core Surge","Thunder Strike"],"picked":"Singing Bowl","floor":16},{"not_picked":["Stack+1","Hologram+1"],"picked":"Loop","floor":18},{"not_picked":["Redo+1","Hologram+1"],"picked":"FTL","floor":22},{"not_picked":["Go for the Eyes","Ball Lightning"],"picked":"Conserve Battery+1","floor":23},{"not_picked":["Storm","Electrodynamics"],"picked":"Redo+1","floor":24},{"not_picked":["Cold Snap+1","Conserve Battery+1"],"picked":"Coolheaded+1","floor":27},{"not_picked":["Turbo+1","Compile Driver","Doom and Gloom"],"picked":"Singing Bowl","floor":28},{"not_picked":["Auto Shields+1","Fusion+1"],"picked":"Undo+1","floor":30}],"player_experience":182549,"relics_obtained":[{"floor":6,"key":"Vajra"},{"floor":9,"key":"Blue Candle"},{"floor":9,"key":"Toxic Egg 2"},{"floor":14,"key":"Singing Bowl"},{"floor":14,"key":"White Beast Statue"},{"floor":20,"key":"Nilry\u0027s Codex"},{"floor":24,"key":"Mercury Hourglass"},{"floor":26,"key":"Kunai"}],"event_choices":[{"damage_healed":0,"gold_gain":0,"player_choice":"Success","damage_taken":7,"relics_obtained":["Matryoshka"],"max_hp_gain":0,"max_hp_loss":0,"event_name":"Scrap Ooze","floor":2,"gold_loss":0},{"damage_healed":0,"gold_gain":0,"player_choice":"Ignored","damage_taken":0,"max_hp_gain":0,"max_hp_loss":0,"event_name":"Shining Light","floor":3,"gold_loss":0},{"damage_healed":0,"gold_gain":0,"player_choice":"Bought 2 Potions","damage_taken":0,"max_hp_gain":0,"max_hp_loss":0,"event_name":"The Woman in Blue","floor":4,"gold_loss":0},{"cards_removed":["Strike_B"],"damage_healed":0,"gold_gain":0,"player_choice":"Gave Gold","damage_taken":0,"max_hp_gain":0,"max_hp_loss":0,"event_name":"Beggar","floor":19,"gold_loss":75},{"damage_healed":0,"gold_gain":0,"player_choice":"Obtained Book","damage_taken":16,"max_hp_gain":0,"max_hp_loss":0,"event_name":"Cursed Tome","floor":20,"gold_loss":0},{"damage_healed":0,"gold_gain":0,"player_choice":"Joined the Cult","damage_taken":6,"max_hp_gain":0,"max_hp_loss":0,"event_name":"Nest","floor":21,"gold_loss":0,"cards_obtained":["RitualDagger"]},{"damage_healed":0,"gold_gain":0,"player_choice":"Smashed Altar","damage_taken":0,"max_hp_gain":0,"max_hp_loss":0,"event_name":"Forgotten Altar","floor":29,"gold_loss":0,"cards_obtained":["Decay"]},{"damage_healed":0,"gold_gain":0,"player_choice":"Obtained Relic","damage_taken":0,"relics_obtained":["Omamori"],"max_hp_gain":0,"max_hp_loss":0,"event_name":"Addict","floor":31,"gold_loss":85}],"is_beta":false,"boss_relics":[{"not_picked":["Philosopher\u0027s Stone","Tiny House"],"picked":"FrozenCore"}],"items_purged_floors":[12],"is_endless":false,"potions_floor_spawned":[1,6,16,18,22,23,24,27,28,30],"killed_by":"Automaton","ascension_level":0}}