{"host":"imy0w7zcgpxryx7c","time":1612035207,"event":{"mods":["AchievementEnabler","BaseMod","Colored Map","Colored Powertips","DeckTracker","Minty Spire (QoL Compilation)","Relic Sorter","StSLib"],"gold_per_floor":[119,69,89,89,109,109,142,73,73,100,111,111,0,74,74,178,178,195,33,33,33,47,74,74,92,92,92,191,191,216,62,62,160,160,180,42,92,92,112,141,141,174,244,270,30,30,48,61,61,61],"floor_reached":51,"language":"ENG","playtime":5835,"items_purged":["Strike_R","Strike_R"],"score":1203,"play_id":"2efc3cd2-1e8e-46c1-bb20-de96f896d946","local_time":"20210130143327","is_ascension_mode":true,"campfire_choices":[{"data":"Rampage","floor":6,"key":"SMITH"},{"floor":12,"key":"REST"},{"data":"Warcry","floor":15,"key":"SMITH"},{"floor":24,"key":"REST"},{"data":"Immolate","floor":27,"key":"SMITH"},{"floor":29,"key":"REST"},{"data":"Hemokinesis","floor":32,"key":"SMITH"},{"data":"Deep Breath","floor":46,"key":"SMITH"},{"data":"Limit Break","floor":49,"key":"SMITH"}],"circlet_count":0,"master_deck":["Defend_R","Defend_R","Defend_R","Bash","Feed","Hemokinesis+1","Second Wind","Rampage+1","Disarm","Fire Breathing+1","Combust+1","Warcry+1","Rupture+1","Immolate+1","Ghostly Armor","Purity","Feel No Pain+1","Decay","Shrug It Off","Limit Break+1","Inflame+1","Bloodletting","Rage","Entrench+1","Battle Trance","Deep Breath+1","Pummel+1","Parasite"],"relics":["Burning Blood","Pen Nib","Frozen Egg 2","Enchiridion","Mummified Hand","Oddly Smooth Stone","Busted Crown","Matryoshka","Pear","Torii","White Beast Statue","Lizard Tail","Red Skull","Coffee Dripper","Mango","Bottled Lightning","Paper Frog","Pantograph","Champion Belt","Membership Card"],"acts_visited":["Exordium","TheCity","TheBeyond"],"potions_floor_usage":[10,25,33,40,42,42,48,50],"damage_taken":[{"damage":6,"enemies":"Cultist","floor":1,"turns":4},{"damage":2,"enemies":"2 Louse","floor":3,"turns":3},{"damage":9,"enemies":"Jaw Worm","floor":5,"turns":4},{"damage":44,"enemies":"3 Sentries","floor":7,"turns":10},{"damage":24,"enemies":"Gremlin Nob","floor":10,"turns":4},{"damage":5,"enemies":"Blue Slaver","floor":11,"turns":5},{"damage":32,"enemies":"Hexaghost","floor":16,"turns":7},{"damage":17,"enemies":"2 Thieves","floor":18,"turns":3},{"damage":7,"enemies":"Spheric Guardian","floor":22,"turns":3},{"damage":40,"enemies":"Book of Stabbing","floor":23,"turns":4},{"damage":17,"enemies":"Chosen and Byrds","floor":25,"turns":5},{"damage":19,"enemies":"Gremlin Leader","floor":30,"turns":5},{"damage":68,"enemies":"Collector","floor":33,"turns":8},{"damage":20,"enemies":"Orb Walker","floor":35,"turns":4},{"damage":2,"enemies":"Mind Bloom Boss Battle","floor":37,"turns":4},{"damage":19,"enemies":"3 Shapes","floor":39,"turns":6},{"damage":39,"enemies":"Nemesis","floor":40,"turns":7},{"damage":23,"enemies":"Reptomancer","floor":42,"turns":5},{"damage":41,"enemies":"Nemesis","floor":44,"turns":7},{"damage":0,"enemies":"Jaw Worm Horde","floor":47,"turns":1},{"damage":6,"enemies":"Writhing Mass","floor":48,"turns":5},{"damage":181,"enemies":"Time Eater","floor":50,"turns":12}],"seed_played":"255183801181703106","potions_obtained":[{"floor":5,"key":"PowerPotion"},{"floor":10,"key":"FairyPotion"},{"floor":16,"key":"FairyPotion"},{"floor":23,"key":"Block Potion"},{"floor":30,"key":"AttackPotion"},{"floor":33,"key":"FearPotion"},{"floor":35,"key":"BloodPotion"},{"floor":40,"key":"LiquidMemories"},{"floor":42,"key":"BlessingOfTheForge"},{"floor":44,"key":"Fire Potion"},{"floor":47,"key":"DistilledChaos"},{"floor":48,"key":"BlessingOfTheForge"}],"is_trial":false,"path_per_floor":["M","?","M","?","M","R","E","$","T","E","M","R","$","T","R","B",null,"M","$","?","?","M","E","R","M","T","R","?","R","E","$","R","B",null,"M","$","?","?","M","E","?","E","T","E","$","R","M","M","R","B",null],"character_chosen":"IRONCLAD","items_purchased":["Fire Breathing+1","Rupture+1","Purity","Feel No Pain+1","Red Skull","Inflame+1","Battle Trance","Membership Card","Deep Breath"],"campfire_rested":3,"item_purchase_floors":[8,13,19,19,31,36,45,45,45],"current_hp_per_floor":[54,54,61,61,61,61,26,26,36,18,19,49,49,49,49,23,82,74,74,58,58,57,23,54,46,46,46,46,78,65,65,65,38,91,77,77,95,95,82,49,49,59,59,24,24,24,30,33,33,29],"gold":61,"neow_bonus":"THREE_RARE_CARDS","is_daily":false,"chose_seed":false,"campfire_upgraded":6,"win_rate":0.0,"timestamp":1612035207,"path_taken":["M","?","M","?","M","R","E","?","T","E","M","R","$","?","R","BOSS","M","$","?","?","M","E","R","M","T","R","?","R","E","$","R","BOSS","M","$","?","?","?","E","?","E","T","E","$","R","M","?","R","BOSS"],"items_purchased_type":["Card","Card","Card","Card","Relic","Card","Card","Relic","Card"],"build_version":"2020-12-22","purchased_purges":2,"victory":true,"max_hp_per_floor":[83,83,86,86,89,89,92,92,102,102,102,102,102,102,102,102,102,105,105,105,105,105,105,105,108,108,108,108,108,108,108,108,108,108,108,108,122,122,122,122,122,125,125,125,125,125,125,128,128,131],"card_choices":[{"not_picked":["Double Tap","Limit Break"],"picked":"Feed","floor":0},{"not_picked":["Heavy Blade","Feel No Pain"],"picked":"Hemokinesis","floor":1},{"not_picked":["Thunderclap","Perfected Strike"],"picked":"Second Wind","floor":3},{"not_picked":["Perfected Strike","Iron Wave"],"picked":"Rampage","floor":5},{"not_picked":["Warcry","Sentinel"],"picked":"Disarm","floor":7},{"not_picked":["Dual Wield","Warcry"],"picked":"Combust+1","floor":10},{"not_picked":["Thunderclap","Carnage"],"picked":"Warcry","floor":11},{"not_picked":["Fiend Fire","Double Tap"],"picked":"Immolate","floor":16},{"not_picked":[],"picked":"Ghostly Armor","floor":18},{"not_picked":["Twin Strike"],"picked":"SKIP","floor":22},{"not_picked":["Rampage+1"],"picked":"SKIP","floor":23},{"not_picked":[],"picked":"Shrug It Off","floor":25},{"not_picked":["Twin Strike"],"picked":"SKIP","floor":30},{"not_picked":[],"picked":"Limit Break","floor":33},{"not_picked":["Anger"],"picked":"SKIP","floor":35},{"not_picked":[],"picked":"Bloodletting","floor":37},{"not_picked":["Perfected Strike"],"picked":"SKIP","floor":39},{"not_picked":["Body Slam"],"picked":"SKIP","floor":40},{"not_picked":["Armaments"],"picked":"SKIP","floor":42},{"not_picked":[],"picked":"Entrench+1","floor":44},{"not_picked":[],"picked":"Pummel+1","floor":47},{"not_picked":["True Grit"],"picked":"SKIP","floor":48}],"player_experience":310537,"relics_obtained":[{"floor":7,"key":"Frozen Egg 2"},{"floor":9,"key":"Pear"},{"floor":10,"key":"Matryoshka"},{"floor":14,"key":"Oddly Smooth Stone"},{"floor":14,"key":"Mummified Hand"},{"floor":20,"key":"Enchiridion"},{"floor":23,"key":"Torii"},{"floor":26,"key":"Pen Nib"},{"floor":26,"key":"White Beast Statue"},{"floor":30,"key":"Lizard Tail"},{"floor":37,"key":"Mango"},{"floor":40,"key":"Bottled Lightning"},{"floor":42,"key":"Paper Frog"},{"floor":43,"key":"Pantograph"},{"floor":44,"key":"Champion Belt"}],"event_choices":[{"cards_removed":["Strike_R"],"damage_healed":0,"gold_gain":0,"player_choice":"Card Removal","damage_taken":0,"max_hp_gain":0,"max_hp_loss":0,"event_name":"The Cleric","floor":2,"gold_loss":50},{"cards_removed":["Strike_R"],"damage_healed":0,"gold_gain":0,"player_choice":"Forget","damage_taken":0,"max_hp_gain":0,"max_hp_loss":0,"event_name":"Living Wall","floor":4,"gold_loss":0},{"damage_healed":0,"gold_gain":0,"player_choice":"Obtained Book","damage_taken":16,"max_hp_gain":0,"max_hp_loss":0,"event_name":"Cursed Tome","floor":20,"gold_loss":0},{"damage_healed":0,"gold_gain":0,"player_choice":"Smashed Altar","damage_taken":0,"max_hp_gain":0,"max_hp_loss":0,"event_name":"Forgotten Altar","floor":21,"gold_loss":0,"cards_obtained":["Decay"]},{"damage_healed":0,"gold_gain":99,"player_choice":"Stole From Cult","damage_taken":0,"max_hp_gain":0,"max_hp_loss":0,"event_name":"Nest","floor":28,"gold_loss":0},{"damage_healed":0,"gold_gain":0,"player_choice":"Fight","damage_taken":0,"max_hp_gain":0,"max_hp_loss":0,"event_name":"MindBloom","floor":37,"gold_loss":0},{"damage_healed":0,"gold_gain":0,"cards_transformed":["Strike_R"],"player_choice":"Transformed","damage_taken":0,"max_hp_gain":0,"max_hp_loss":0,"event_name":"Transmorgrifier","floor":38,"gold_loss":0,"cards_obtained":["Rage"]},{"cards_removed":["Defend_R"],"damage_healed":0,"gold_gain":0,"player_choice":"Purged","damage_taken":0,"max_hp_gain":0,"max_hp_loss":0,"event_name":"Purifier","floor":41,"gold_loss":0}],"is_beta":false,"boss_relics":[{"not_picked":["Runic Cube","Black Blood"],"picked":"Busted Crown"},{"not_picked":["Velvet Choker","Snecko Eye"],"picked":"Coffee Dripper"}],"items_purged_floors":[13,36],"is_endless":false,"potions_floor_spawned":[5,10,16,23,30,33,35,37,39,40,42,44,47,48],"ascension_level":8}}