{"host":"y76x98twjnyyxs83","time":1612025460,"event":{"mods":["BaseMod","Colored Powertips","Minty Spire (QoL Compilation)","Permanent Neow","Quick Restart","Rare Cards Sparkle","Relic Stats","StSLib"],"gold_per_floor":[369,369,2,15,35,47,66,101,101,101,101],"floor_reached":10,"language":"ENG","playtime":371,"items_purged":[],"score":133,"play_id":"7a1d92af-1b1f-4b2d-adeb-ef035eced8f0","local_time":"20210131005100","is_ascension_mode":true,"campfire_choices":[],"circlet_count":0,"master_deck":["AscendersBane","Strike_G","Strike_G","Strike_G","Strike_G","Defend_G","Defend_G","Defend_G","Defend_G","Defend_G","Survivor","Neutralize","Dagger Spray","Slice","Noxious Fumes","Deadly Poison","PiercingWail","Well Laid Plans","Wraith Form v2"],"relics":["Ring of the Snake","Pen Nib","Dream Catcher","StrikeDummy"],"acts_visited":["Exordium"],"potions_floor_usage":[8,8],"damage_taken":[{"damage":14,"enemies":"Jaw Worm","floor":1,"turns":8},{"damage":0,"enemies":"2 Louse","floor":4,"turns":3},{"damage":0,"enemies":"Small Slimes","floor":5,"turns":2},{"damage":5,"enemies":"Looter","floor":6,"turns":4},{"damage":10,"enemies":"Exordium Thugs","floor":7,"turns":6},{"damage":20,"enemies":"Lagavulin","floor":8,"turns":6},{"damage":3,"enemies":"Gremlin Nob","floor":10,"turns":2}],"seed_played":"6400408852281825852","potions_obtained":[{"floor":6,"key":"SkillPotion"},{"floor":8,"key":"Explosive Potion"}],"is_trial":false,"path_per_floor":["M","?","$","M","M","M","M","E","T","E"],"character_chosen":"THE_SILENT","items_purchased":["Pen Nib","Slice","Poison Potion","Noxious Fumes"],"campfire_rested":0,"item_purchase_floors":[3,3,3,3],"current_hp_per_floor":[45,38,38,38,38,33,23,3,3,0,0],"gold":101,"neow_bonus":"TWO_FIFTY_GOLD","is_daily":false,"chose_seed":false,"campfire_upgraded":0,"win_rate":0.0,"timestamp":1612025460,"path_taken":["M","?","$","M","M","M","M","E","T","E"],"items_purchased_type":["Relic","Card","Potion","Card"],"build_version":"2020-12-22","purchased_purges":0,"victory":false,"max_hp_per_floor":[60,60,60,60,60,60,60,60,60,60,60],"relic_stats":{"Dream Catcher":0,"counters":[7,31],"Pen Nib":[3],"obtain_stats":[{"Dream Catcher":8,"Pen Nib":3,"StrikeDummy":9,"Ring of the Snake":0},{"Dream Catcher":6,"Pen Nib":1,"StrikeDummy":6,"Ring of the Snake":0},{"Dream Catcher":29,"Pen Nib":8,"StrikeDummy":29,"Ring of the Snake":0}],"Ring of the Snake":[14]},"card_choices":[{"not_picked":["Backflip","Prepared"],"picked":"Dagger Spray","floor":1},{"not_picked":["Acrobatics","Bouncing Flask"],"picked":"Deadly Poison","floor":4},{"not_picked":["Cloak And Dagger","Tactician"],"picked":"PiercingWail","floor":5},{"not_picked":["Slice","Sucker Punch","Reflex"],"picked":"SKIP","floor":6},{"not_picked":["Quick Slash","Footwork"],"picked":"Well Laid Plans","floor":7},{"not_picked":["Endless Agony","Outmaneuver"],"picked":"Wraith Form v2","floor":8}],"player_experience":1171751,"relics_obtained":[{"floor":8,"key":"Dream Catcher"},{"floor":9,"key":"StrikeDummy"}],"event_choices":[{"cards_removed":["Strike_G"],"damage_healed":0,"gold_gain":0,"player_choice":"Card Removal","damage_taken":7,"max_hp_gain":0,"max_hp_loss":0,"event_name":"Golden Wing","floor":2,"gold_loss":0}],"is_beta":false,"boss_relics":[],"items_purged_floors":[],"is_endless":false,"potions_floor_spawned":[6,7,8],"killed_by":"Gremlin Nob","ascension_level":18}}