{"host":"va904f3s24glxxej","time":1612003701,"event":{"mods":["AchievementEnabler","BaseMod","Colored Powertips","Downfall","Hubris","Minty Spire (QoL Compilation)","Replay The Spire","StSLib","The Necromancer"],"gold_per_floor":[99,115,129,229,229,74,97,82,82,82,94,22,32,59,73,177,177,177,194,213,213,224,235,235,235,335,335,335,335],"floor_reached":27,"language":"ENG","playtime":1752,"items_purged":["ReplayTheSpireMod:Splinters"],"score":234,"play_id":"e8100338-4a17-4770-8817-6ee9f1697c2c","local_time":"20210130104821","is_ascension_mode":true,"campfire_choices":[{"data":"Madness","floor":1.0,"key":"SMITH"},{"data":"expansioncontent:QuickStudy","floor":10.0,"key":"SMITH"},{"data":"bronze:SpaghettiCode","floor":18.0,"key":"SMITH"},{"floor":25.0,"key":"REST"}],"circlet_count":0,"master_deck":["bronze:Strike","bronze:Strike","bronze:Defend","bronze:Defend","bronze:Defend","bronze:Replicate","bronze:Goto","Madness+1","expansioncontent:QuickStudy+1","bronze:Overheat","bronze:Turbo","bronze:MaxOutput+1","bronze:Constructor","bronze:NullPointer","bronze:FunctionCard","bronze:SpaghettiCode+1","bronze:Flail","bronze:Goto","bronze:Iterate","bronze:Boost","bronze:FindAndReplace","hubris:Insight","Parasite"],"relics":["bronze:BronzeCore","hubris:Towel","ReplayTheSpireMod:CursedCoin","Juzu Bracelet","hubris:Icosahedron","Incense Burner","Empty Cage","StrikeDummy","downfall:GremlinSack"],"acts_visited":["Exordium","TheCity"],"potions_floor_usage":[],"damage_taken":[{"damage":13.0,"enemies":"2 Louse","floor":2.0,"turns":3.0},{"damage":0.0,"enemies":"Small Slimes","floor":3.0,"turns":4.0},{"damage":0.0,"enemies":"downfall:FleeingMerchant","floor":6.0,"turns":4.0},{"damage":0.0,"enemies":"downfall:FleeingMerchant","floor":8.0,"turns":4.0},{"damage":9.0,"enemies":"Jaw Worm","floor":11.0,"turns":2.0},{"damage":5.0,"enemies":"downfall:FleeingMerchant","floor":12.0,"turns":4.0},{"damage":9.0,"enemies":"2 Fungi Beasts","floor":13.0,"turns":3.0},{"damage":9.0,"enemies":"Replay:BlueRogue","floor":14.0,"turns":3.0},{"damage":0.0,"enemies":"Red Slaver","floor":15.0,"turns":2.0},{"damage":34.0,"enemies":"SI_SHIV_ARCHETYPE","floor":16.0,"turns":7.0},{"damage":22.0,"enemies":"Spheric Guardian","floor":19.0,"turns":1.0},{"damage":0.0,"enemies":"Snecko","floor":20.0,"turns":3.0},{"damage":24.0,"enemies":"Centurion and Healer","floor":22.0,"turns":5.0},{"damage":9.0,"enemies":"Chosen and Byrds","floor":23.0,"turns":4.0},{"damage":0.0,"enemies":"Chosen and Byrds","floor":26.0,"turns":2.0},{"damage":39,"enemies":"Snake Plant","floor":27,"turns":3}],"seed_played":"5079366258635416046","potions_obtained":[{"floor":2.0,"key":"FearPotion"},{"floor":14.0,"key":"Guardian:BlockOnCardUsePotion"},{"floor":15.0,"key":"Energy Potion"},{"floor":16.0,"key":"Death Potion"},{"floor":19.0,"key":"Fire Potion"},{"floor":20.0,"key":"SkillPotion"},{"floor":22.0,"key":"Doom Potion"},{"floor":23.0,"key":"champ:CounterPotion"}],"is_trial":false,"path_per_floor":["R","M","M","?","?","$","T","$","?","R","M","$","M","E","M","B",null,"R","M","M","?","M","M","T","R","?","M"],"character_chosen":"THE_AUTOMATON","items_purchased":["ReplayTheSpireMod:CursedCoin","expansioncontent:QuickStudy","bronze:Overheat","bronze:MaxOutput+1"],"campfire_rested":1,"item_purchase_floors":[6,6,6,12],"current_hp_per_floor":[70,57,57,57,57,57,57,57,57,57,48,43,34,25,25,22,70,70,48,48,48,24,15,15,36,36,0,0,0],"gold":335,"neow_bonus":"RANDOM_COLORLESS","is_daily":false,"chose_seed":false,"campfire_upgraded":3,"win_rate":0.0,"timestamp":1612003701,"path_taken":["R","M","M","?","?","?","T","$","?","R","M","$","M","E","M","BOSS","R","M","M","?","M","M","T","R","?","M"],"items_purchased_type":["Relic","Card","Card","Card"],"build_version":"2020-12-22","purchased_purges":1,"victory":false,"max_hp_per_floor":[70,70,70,70,70,70,70,70,70,70,70,70,70,70,70,70,70,70,70,70,70,70,70,70,70,70,70,70,70],"card_choices":[{"not_picked":["Forethought","Flash of Steel"],"picked":"Madness","floor":0.0},{"not_picked":["bronze:BitShift","bronze:CutThrough"],"picked":"bronze:Boost","floor":2.0},{"not_picked":["bronze:OilSpill","bronze:WildBeam"],"picked":"bronze:ChildClass","floor":3.0},{"not_picked":["bronze:Invalidate","bronze:Safeguard","bronze:Shield"],"picked":"SKIP","floor":6.0},{"not_picked":["bronze:OilSpill","bronze:Turbo"],"picked":"bronze:RecursiveStrike","floor":8.0},{"not_picked":["bronze:DelayedSlice","bronze:Deprecate"],"picked":"bronze:Turbo","floor":11.0},{"not_picked":["bronze:DelayedGuard","bronze:DigitalCarnage"],"picked":"bronze:Hardcode","floor":12.0},{"not_picked":["bronze:Optimize","bronze:Turbo"],"picked":"bronze:Constructor","floor":13.0},{"not_picked":["bronze:Overload","bronze:Deprecate"],"picked":"bronze:NullPointer","floor":14.0},{"not_picked":["bronze:Invalidate","bronze:Frontload","bronze:Shield"],"picked":"SKIP","floor":15.0},{"not_picked":["bronze:HardenedForm","bronze:ShipIt"],"picked":"bronze:SpaghettiCode","floor":16.0},{"not_picked":["bronze:Iterate","bronze:CutThrough+1","bronze:DelayedSlice"],"picked":"SKIP","floor":19.0},{"not_picked":["bronze:DelayedSlice+1","bronze:Branch","bronze:Turbo"],"picked":"SKIP","floor":20.0},{"not_picked":["bronze:DelayedSlice","bronze:Invalidate","bronze:Repulsor"],"picked":"SKIP","floor":22.0},{"not_picked":["bronze:Overload","bronze:Constructor"],"picked":"bronze:Flail","floor":23.0}],"player_experience":774787,"relics_obtained":[{"floor":7.0,"key":"Juzu Bracelet"},{"floor":14.0,"key":"Incense Burner"},{"floor":24.0,"key":"StrikeDummy"},{"floor":26.0,"key":"downfall:GremlinSack"}],"event_choices":[],"is_beta":false,"boss_relics":[{"not_picked":["hubris:RunicObelisk","Busted Crown"],"picked":"Empty Cage"}],"items_purged_floors":[6],"is_endless":false,"potions_floor_spawned":[2,14,15,16,19,20,22,23],"killed_by":"Snake Plant","ascension_level":2}}