{"host":"b5mzvg96njlg7ry9","time":1612000389,"event":{"mods":["AlwaysNeverKeys","BaseMod","Colored Map","Colored Powertips","Downfall","Highlight Path","Minty Spire (QoL Compilation)","Quick Restart","Relic Sorter","StSLib","SuperFastMode","everything is the same but u backflip on backflip"],"gold_per_floor":[299,312,325,291,305,320,320,353,353,383,398,64,64,89,106,205,205,205,222,129,129,139,167,167,167,198,216,228,238,238,249,264,360,360,360,371,371,73,89,99,172,198,198,228,244,256,586,316,327,327,327,352,406,406,406,406],"floor_reached":57,"language":"ENG","playtime":5010,"items_purged":["Slimebound:Strike_Slimebound","Slimebound:Defend_Slimebound","Slimebound:Split","Slimebound:LeadByExample+1","Slimebound:SplitAcid","Slimebound:Tackle"],"score":1562,"play_id":"3e8e9ba0-c91f-4d93-9b3c-6f956db8abdd","local_time":"20210130105309","is_ascension_mode":true,"campfire_choices":[{"data":"Slimebound:CorrosiveSpit","floor":1.0,"key":"SMITH"},{"data":"Slimebound:GoopSpray","floor":9.0,"key":"SMITH"},{"data":"Slimebound:RollThrough","floor":13.0,"key":"SMITH"},{"data":"Slimebound:Chomp","floor":18.0,"key":"SMITH"},{"data":"Slimebound:Grow","floor":25.0,"key":"SMITH"},{"data":"Slimebound:FlameTackle","floor":35.0,"key":"SMITH"},{"data":"1","floor":54,"key":"LIFT"}],"circlet_count":0,"master_deck":["Slimebound:Strike_Slimebound+1","Slimebound:Defend_Slimebound","Slimebound:Defend_Slimebound","Slimebound:CorrosiveSpit+1","Slimebound:RollThrough+1","Slimebound:ViciousTackle","Slimebound:Chomp+1","Slimebound:LivingWall","Slimebound:GoopSpray+1","Slimebound:FlameTackle+1","Slimebound:BestDefense","Slimebound:Grow+1","Slimebound:Gluttony","Slimebound:Grow+1","Slimebound:GoopSpray+1","Slimebound:CheckThePlaybook","Slimebound:SpikyOuterGoop+1","CurseOfTheBell","Slimebound:RollThrough+1","Slimebound:MegaLick+1","Slimebound:Nibble+1","Slimebound:FormOfPuddle","Master of Strategy"],"relics":["Slimebound:AbsorbEndCombat","downfall:HeartBlessingRed","downfall:HeartBlessingBlue","downfall:HeartBlessingGreen","InkBottle","Girya","FossilizedHelix","Vajra","champ:Barbells","Bag of Marbles","Slimebound:TarBlob","Mango","champ:DeflectingBracers","bronze:DecasWashers","Lantern","Calling Bell","Oddly Smooth Stone","Singing Bowl","Calipers","Pen Nib","Pear","CaptainsWheel","Bottled Flame","Old Coin","Medical Kit","Du-Vu Doll","Strawberry","Akabeko","Membership Card","Nunchaku"],"acts_visited":["Exordium","TheCity","TheBeyond","TheEnding"],"potions_floor_usage":[55,56,56],"damage_taken":[{"damage":0.0,"enemies":"2 Louse","floor":2.0,"turns":3.0},{"damage":3.0,"enemies":"Cultist","floor":3.0,"turns":3.0},{"damage":3.0,"enemies":"downfall:FleeingMerchant","floor":4.0,"turns":4.0},{"damage":0.0,"enemies":"Small Slimes","floor":5.0,"turns":3.0},{"damage":13.0,"enemies":"Exordium Thugs","floor":6.0,"turns":5.0},{"damage":20.0,"enemies":"3 Sentries","floor":8.0,"turns":6.0},{"damage":0.0,"enemies":"Lagavulin","floor":10.0,"turns":6.0},{"damage":0.0,"enemies":"Red Slaver","floor":11.0,"turns":4.0},{"damage":9.0,"enemies":"downfall:FleeingMerchant","floor":12.0,"turns":4.0},{"damage":9.0,"enemies":"3 Sentries","floor":14.0,"turns":5.0},{"damage":0.0,"enemies":"Blue Slaver","floor":15.0,"turns":1.0},{"damage":35.0,"enemies":"DF_ARCHETYPE_STREAMLINE","floor":16.0,"turns":10.0},{"damage":0.0,"enemies":"Shell Parasite","floor":19.0,"turns":5.0},{"damage":18.0,"enemies":"downfall:FleeingMerchant","floor":20.0,"turns":4.0},{"damage":16.0,"enemies":"Shelled Parasite and Fungi","floor":22.0,"turns":4.0},{"damage":16.0,"enemies":"Gremlin Leader","floor":23.0,"turns":5.0},{"damage":11.0,"enemies":"Slavers","floor":26.0,"turns":3.0},{"damage":6.0,"enemies":"Centurion and Healer","floor":27.0,"turns":4.0},{"damage":0.0,"enemies":"Snake Plant","floor":28.0,"turns":3.0},{"damage":8.0,"enemies":"3 Cultists","floor":29.0,"turns":3.0},{"damage":0.0,"enemies":"Centurion and Healer","floor":31.0,"turns":5.0},{"damage":0.0,"enemies":"Chosen and Byrds","floor":32.0,"turns":4.0},{"damage":13.0,"enemies":"SI_MIRROR_ARCHETYPE","floor":33.0,"turns":8.0},{"damage":0.0,"enemies":"3 Shapes","floor":36.0,"turns":2.0},{"damage":0.0,"enemies":"Orb Walker","floor":39.0,"turns":3.0},{"damage":5.0,"enemies":"Writhing Mass","floor":40.0,"turns":4.0},{"damage":6.0,"enemies":"Reptomancer","floor":42.0,"turns":6.0},{"damage":0.0,"enemies":"Giant Head","floor":44.0,"turns":5.0},{"damage":0.0,"enemies":"Transient","floor":45.0,"turns":5.0},{"damage":0.0,"enemies":"Jaw Worm Horde","floor":46.0,"turns":3.0},{"damage":13.0,"enemies":"Reptomancer","floor":47.0,"turns":4.0},{"damage":0.0,"enemies":"Writhing Mass","floor":49.0,"turns":5.0},{"damage":0.0,"enemies":"IC_BLOCK_ARCHETYPE","floor":50.0,"turns":8.0},{"damage":80,"enemies":"downfall:CharBossMerchant","floor":52,"turns":7},{"damage":16,"enemies":"downfall:NeowBoss","floor":55,"turns":16},{"damage":41,"enemies":"downfall:NeowBossFinal","floor":56,"turns":12}],"seed_played":"-4641396114114156609","potions_obtained":[{"floor":2.0,"key":"Swift Potion"},{"floor":6.0,"key":"DuplicationPotion"},{"floor":8.0,"key":"CultistPotion"},{"floor":10.0,"key":"PowerPotion"},{"floor":26.0,"key":"SpeedPotion"},{"floor":27.0,"key":"champ:CounterPotion"},{"floor":28.0,"key":"Swift Potion"},{"floor":40.0,"key":"Strength Potion"},{"floor":52,"key":"Swift Potion"}],"is_trial":false,"path_per_floor":["R","M","M","$","M","M","T","E","R","E","M","$","R","E","M","B",null,"R","M","$","?","M","E","T","R","E","M","M","M","?","M","M","B",null,"R","M","?","$","M","M","T","E","?","E","M","M","E","$","M","B",null,"E","$","R","B","B",null],"character_chosen":"SLIMEBOUND","items_purchased":["InkBottle","Slimebound:LeadByExample","Slimebound:Chomp","Slimebound:LivingWall","champ:Barbells","Slimebound:FlameTackle","Mango","Pen Nib","Medical Kit","Du-Vu Doll","Strawberry","Membership Card","Nunchaku","Master of Strategy","Weak Potion"],"campfire_rested":0,"item_purchase_floors":[4,4,4,4,12,12,20,38,48,48,48,53,53,53,53],"current_hp_per_floor":[75,75,75,75,75,68,68,56,56,62,62,59,59,50,50,23,75,75,75,73,73,61,53,53,53,50,50,54,54,23,31,39,34,89,89,89,89,89,91,90,100,99,99,103,105,107,96,103,113,118,118,42,42,42,34,1],"gold":406,"neow_bonus":"REMOVE_CARD","is_daily":false,"chose_seed":false,"campfire_upgraded":6,"win_rate":0.0,"timestamp":1612000389,"path_taken":["R","M","M","$","M","M","T","E","R","E","M","$","R","E","M","BOSS","R","M","$","?","?","E","T","R","E","M","M","M","?","M","M","BOSS","R","M","?","?","?","M","T","E","?","E","M","?","E","$","M","BOSS","E","$","R","BOSS","BOSS"],"items_purchased_type":["Relic","Card","Card","Card","Relic","Card","Relic","Relic","Relic","Relic","Relic","Relic","Relic","Card","Potion"],"build_version":"2020-12-22","purchased_purges":6,"victory":true,"max_hp_per_floor":[75,75,75,75,75,75,75,75,75,75,75,75,75,75,75,75,75,75,75,89,89,89,89,89,89,89,89,89,89,89,89,89,89,89,89,89,89,89,91,93,103,103,103,103,105,107,109,116,118,118,118,118,118,118,118,118],"card_choices":[{"not_picked":["Slimebound:LevelUp","Slimebound:ComboTackle"],"picked":"Slimebound:RollThrough","floor":2.0},{"not_picked":["Slimebound:PressTheAttack","Slimebound:MegaLick"],"picked":"Slimebound:ViciousTackle","floor":3.0},{"not_picked":["Slimebound:ItLooksTasty","Slimebound:FinishingTackle","Slimebound:ProtectTheBoss"],"picked":"SKIP","floor":4.0},{"not_picked":["Slimebound:SplitLeeching","Slimebound:Grow","Slimebound:RollThrough"],"picked":"SKIP","floor":5.0},{"not_picked":["Slimebound:SamplingLick","Slimebound:LeechEnergy"],"picked":"Slimebound:GoopSpray","floor":6.0},{"not_picked":["Slimebound:LeechEnergy","Slimebound:SplitBruiser"],"picked":"Slimebound:Darklings","floor":8.0},{"not_picked":["Slimebound:SplitLeeching","Slimebound:GrowthPunch","Slimebound:SplitBruiser"],"picked":"SKIP","floor":10.0},{"not_picked":["Slimebound:SplitLeeching","Slimebound:GrowthPunch","Slimebound:SplitBruiser"],"picked":"SKIP","floor":10.0},{"not_picked":["Slimebound:PressTheAttack","Slimebound:LeadByExample","Slimebound:SamplingLick"],"picked":"SKIP","floor":11.0},{"not_picked":["Slimebound:PressTheAttack","Slimebound:LivingWall","Slimebound:SplitAcid"],"picked":"SKIP","floor":12.0},{"not_picked":["Slimebound:Equalize","Slimebound:FinishingTackle"],"picked":"Slimebound:BestDefense","floor":14.0},{"not_picked":["Slimebound:GoopSpray","Slimebound:Prepare","Slimebound:DivideAndConquer"],"picked":"SKIP","floor":15.0},{"not_picked":["Slimebound:Schlurp+1","Slimebound:HauntingLick","Slimebound:SplitAcid"],"picked":"SKIP","floor":19.0},{"not_picked":["Slimebound:LeechEnergy","Slimebound:LivingWall+1","Slimebound:Teamwork"],"picked":"SKIP","floor":20.0},{"not_picked":["Slimebound:Schlurp","Slimebound:ItLooksTasty","Slimebound:RollThrough"],"picked":"SKIP","floor":22.0},{"not_picked":["Slimebound:HauntingLick","Slimebound:LeadByExample","Slimebound:GoopTackle"],"picked":"SKIP","floor":23.0},{"not_picked":["Slimebound:GoopTackle","Slimebound:Equalize+1"],"picked":"Slimebound:Gluttony","floor":26.0},{"not_picked":["Slimebound:LevelUp","Slimebound:FinishingTackle"],"picked":"Slimebound:Grow+1","floor":27.0},{"not_picked":["Slimebound:SlimeSpikes","Slimebound:Gluttony","Slimebound:GoopTackle"],"picked":"SKIP","floor":28.0},{"not_picked":["Slimebound:SplitBruiser","Slimebound:RainOfGoop"],"picked":"Slimebound:GoopSpray","floor":29.0},{"not_picked":["Slimebound:LeechingTouch","Slimebound:DisruptingSlam"],"picked":"Slimebound:SpikyOuterGoop","floor":31.0},{"not_picked":["Slimebound:PressTheAttack","Slimebound:SplitLeeching+1","Slimebound:GoopTackle"],"picked":"SKIP","floor":32.0},{"not_picked":["Slimebound:GoopTackle","Slimebound:DouseInSlime"],"picked":"Slimebound:RollThrough+1","floor":36.0},{"not_picked":["Slimebound:LevelUp","Slimebound:SplitLeeching+1","Slimebound:FlameTackle"],"picked":"Singing Bowl","floor":39.0},{"not_picked":["Slimebound:ItLooksTasty","Slimebound:Repurpose+1","Slimebound:GoopSpray"],"picked":"Singing Bowl","floor":40.0},{"not_picked":["Slimebound:ItLooksTasty","Slimebound:GoopTackle+1"],"picked":"Slimebound:MegaLick+1","floor":42.0},{"not_picked":["Slimebound:ForwardTackle+1","Slimebound:LeechingTouch"],"picked":"Slimebound:Nibble+1","floor":44.0},{"not_picked":["Slimebound:Prepare+1","Slimebound:ItLooksTasty","Slimebound:TongueLash"],"picked":"Singing Bowl","floor":45.0},{"not_picked":["Slimebound:Equalize+1","Slimebound:Nibble","Slimebound:PressTheAttack"],"picked":"Singing Bowl","floor":46.0},{"not_picked":["Slimebound:ComboTackle","Slimebound:LeadByExample+1","Slimebound:BestDefense+1"],"picked":"Singing Bowl","floor":47.0},{"not_picked":["Slimebound:PrepareCrush","Slimebound:HauntingLick","Slimebound:SlimeBrawl"],"picked":"Singing Bowl","floor":49.0},{"not_picked":["Slimebound:GoopTackle+1","Slimebound:HauntingLick"],"picked":"Slimebound:FormOfPuddle","floor":52}],"player_experience":829664,"relics_obtained":[{"floor":7.0,"key":"Girya"},{"floor":8.0,"key":"FossilizedHelix"},{"floor":10.0,"key":"Vajra"},{"floor":14.0,"key":"Bag of Marbles"},{"floor":23.0,"key":"champ:DeflectingBracers"},{"floor":24.0,"key":"bronze:DecasWashers"},{"floor":26.0,"key":"Lantern"},{"floor":34.0,"key":"Oddly Smooth Stone"},{"floor":34.0,"key":"Singing Bowl"},{"floor":34.0,"key":"Calipers"},{"floor":41.0,"key":"Pear"},{"floor":42.0,"key":"CaptainsWheel"},{"floor":44.0,"key":"Bottled Flame"},{"floor":47.0,"key":"Old Coin"},{"floor":52,"key":"Akabeko"}],"event_choices":[],"is_beta":false,"boss_relics":[{"not_picked":["Coffee Dripper","Empty Cage"],"picked":"Slimebound:TarBlob"},{"not_picked":["bronze:MakeshiftBattery","Pandora\u0027s Box"],"picked":"Calling Bell"}],"items_purged_floors":[4,12,20,38,48,53],"is_endless":false,"potions_floor_spawned":[2,6,8,10,11,16,19,26,27,28,33,36,40,42,46,49,52],"ascension_level":1}}