{"host":"6xsbn6ynqlzwllfm","time":1612050247,"event":{"mods":["2.2 Compatiblity","BaseMod","Bestiary","Colored Map","Colored Powertips","Curses Come First","Highlight Path","Keyboard Shortcuts","Minty Spire (QoL Compilation)","Relic Stats","Slay the Relics Exporter","StSLib","SuperFastMode"],"gold_per_floor":[110,127,143,68,79,79,105,105,105,30,65,80,113,127,127,204,204,214,47,47,64,99,99,99,99],"floor_reached":24,"language":"ENG","playtime":741,"items_purged":["Strike_P"],"score":532,"play_id":"6952b815-0552-4abb-8d61-1b99c8a49a81","local_time":"20210130184407","is_ascension_mode":true,"campfire_choices":[{"data":"WreathOfFlame","floor":6.0,"key":"SMITH"},{"data":"FlyingSleeves","floor":8.0,"key":"SMITH"},{"data":"Vault","floor":15.0,"key":"SMITH"},{"data":"Consecrate","floor":23,"key":"SMITH"}],"circlet_count":0,"master_deck":["AscendersBane","Strike_P+1","Strike_P+1","Defend_P+1","Defend_P+1","Defend_P+1","Defend_P+1","Eruption","Vigilance","WreathOfFlame+1","FearNoEvil","FlyingSleeves+1","Vault+1","Vengeance","Consecrate+1","Omniscience","CurseOfTheBell","Adaptation","Indignation"],"relics":["PureWater","Ice Cream","Question Card","Sundial","Centennial Puzzle","Calling Bell","Du-Vu Doll","White Beast Statue","Juzu Bracelet","Sling","Red Mask"],"acts_visited":["Exordium","TheCity"],"potions_floor_usage":[22,22],"damage_taken":[{"damage":2.0,"enemies":"2 Louse","floor":1.0,"turns":3.0},{"damage":0.0,"enemies":"Small Slimes","floor":2.0,"turns":1.0},{"damage":0.0,"enemies":"Jaw Worm","floor":3.0,"turns":5.0},{"damage":11.0,"enemies":"Blue Slaver","floor":5.0,"turns":5.0},{"damage":0.0,"enemies":"Lagavulin","floor":7.0,"turns":4.0},{"damage":8.0,"enemies":"Gremlin Nob","floor":11.0,"turns":3.0},{"damage":14.0,"enemies":"3 Louse","floor":12.0,"turns":4.0},{"damage":0.0,"enemies":"Lagavulin","floor":13.0,"turns":4.0},{"damage":9.0,"enemies":"Looter","floor":14.0,"turns":4.0},{"damage":12.0,"enemies":"Hexaghost","floor":16.0,"turns":8.0},{"damage":13.0,"enemies":"Shell Parasite","floor":18.0,"turns":3.0},{"damage":15.0,"enemies":"3 Byrds","floor":21.0,"turns":7.0},{"damage":12,"enemies":"Masked Bandits","floor":22,"turns":2},{"damage":25,"enemies":"Gremlin Leader","floor":24,"turns":3}],"seed_played":"4649900247474749023","potions_obtained":[{"floor":1.0,"key":"AttackPotion"},{"floor":5.0,"key":"DuplicationPotion"},{"floor":7.0,"key":"Dexterity Potion"},{"floor":13.0,"key":"Energy Potion"},{"floor":16.0,"key":"ColorlessPotion"},{"floor":18.0,"key":"Fruit Juice"},{"floor":21.0,"key":"SkillPotion"},{"floor":22,"key":"EssenceOfSteel"}],"is_trial":false,"path_per_floor":["M","M","M","?","M","R","E","R","T","$","E","M","E","M","R","B",null,"M","$","?","M","?","R","E"],"character_chosen":"WATCHER","items_purchased":["Sling"],"campfire_rested":0,"item_purchase_floors":[19],"current_hp_per_floor":[65,65,65,65,54,54,54,54,54,54,46,32,32,23,23,11,58,50,50,50,35,23,23,0,0],"gold":99,"neow_bonus":"TEN_PERCENT_HP_BONUS","is_daily":false,"chose_seed":false,"campfire_upgraded":4,"win_rate":0.0,"timestamp":1612050247,"path_taken":["M","M","M","?","M","R","E","R","T","$","E","M","E","M","R","BOSS","M","$","?","M","?","R","E"],"items_purchased_type":["Relic"],"build_version":"2020-12-22","purchased_purges":1,"victory":false,"max_hp_per_floor":[74,74,74,74,74,74,74,74,74,74,74,74,74,74,74,74,74,79,79,79,79,79,79,79,79],"relic_stats":{"Centennial Puzzle":[18],"counters":[14,56],"Sundial":[6],"Juzu Bracelet":0,"Question Card":9,"obtain_stats":[{"Ice Cream":7,"Calling Bell":17,"Du-Vu Doll":17,"Centennial Puzzle":13,"Sundial":11,"Juzu Bracelet":17,"Red Mask":22,"PureWater":0,"Question Card":9,"Sling":19,"White Beast Statue":17},{"Ice Cream":5,"Calling Bell":10,"Du-Vu Doll":10,"Centennial Puzzle":8,"Sundial":6,"Juzu Bracelet":10,"Red Mask":13,"PureWater":0,"Question Card":5,"Sling":11,"White Beast Statue":10},{"Ice Cream":18,"Calling Bell":41,"Du-Vu Doll":41,"Centennial Puzzle":29,"Sundial":21,"Juzu Bracelet":41,"Red Mask":53,"PureWater":0,"Question Card":18,"Sling":44,"White Beast Statue":41}]},"card_choices":[{"not_picked":["CrushJoints","Evaluate"],"picked":"WreathOfFlame","floor":1.0},{"not_picked":["Prostrate","PathToVictory"],"picked":"FearNoEvil","floor":2.0},{"not_picked":["Pray","BowlingBash"],"picked":"FlyingSleeves","floor":5.0},{"not_picked":["Nirvana","TalkToTheHand"],"picked":"Vault","floor":7.0},{"not_picked":["Study","FollowUp","DeusExMachina"],"picked":"Vengeance","floor":11.0},{"not_picked":["CutThroughFate","TalkToTheHand","ClearTheMind"],"picked":"Consecrate","floor":12.0},{"not_picked":["DevaForm","MasterReality","DeusExMachina"],"picked":"Omniscience","floor":16.0},{"not_picked":["FollowUp","ThirdEye","FlurryOfBlows+1","Indignation"],"picked":"SKIP","floor":18.0},{"not_picked":["Evaluate+1","EmptyBody","SignatureMove"],"picked":"Adaptation","floor":21.0},{"not_picked":["EmptyFist","Tantrum","SashWhip"],"picked":"Indignation","floor":22}],"player_experience":1308356,"relics_obtained":[{"floor":7.0,"key":"Ice Cream"},{"floor":9.0,"key":"Question Card"},{"floor":11.0,"key":"Sundial"},{"floor":13.0,"key":"Centennial Puzzle"},{"floor":17.0,"key":"Du-Vu Doll"},{"floor":17.0,"key":"White Beast Statue"},{"floor":17.0,"key":"Juzu Bracelet"},{"floor":22,"key":"Red Mask"}],"event_choices":[{"cards_removed":["Strike_P"],"damage_healed":0.0,"max_hp_gain":0.0,"max_hp_loss":0.0,"gold_gain":0.0,"event_name":"The Cleric","player_choice":"Card Removal","floor":4.0,"gold_loss":75.0,"damage_taken":0.0},{"damage_healed":0.0,"max_hp_gain":0.0,"max_hp_loss":0.0,"gold_gain":0.0,"event_name":"Back to Basics","player_choice":"Simplicity","floor":20.0,"gold_loss":0.0,"damage_taken":0.0,"cards_upgraded":["Strike_P","Strike_P","Defend_P","Defend_P","Defend_P","Defend_P"]},{"damage_healed":0,"gold_gain":0,"player_choice":"Fought Bandits","damage_taken":0,"max_hp_gain":0,"max_hp_loss":0,"event_name":"Masked Bandits","floor":22,"gold_loss":0}],"is_beta":false,"boss_relics":[{"not_picked":["Tiny House","HolyWater"],"picked":"Calling Bell"}],"items_purged_floors":[10],"is_endless":false,"potions_floor_spawned":[1,5,7,13,16,18,21,22],"killed_by":"Gremlin Leader","ascension_level":20}}