{"host":"xumidyqji6pg2yy3","time":1612015884,"event":{"mods":["BaseMod","Minty Spire (QoL Compilation)","Robot Space Explorer","StSLib"],"gold_per_floor":[114,114,127,145,320,320,320],"floor_reached":6,"language":"ZHS","playtime":266,"items_purged":[],"score":36,"play_id":"12cf75e7-51f9-428e-9774-3658d85151b6","local_time":"20210130221124","is_ascension_mode":false,"campfire_choices":[],"circlet_count":0,"master_deck":["RobotSpaceExplorer:Strike","RobotSpaceExplorer:Strike","RobotSpaceExplorer:Strike","RobotSpaceExplorer:Strike","RobotSpaceExplorer:Defend","RobotSpaceExplorer:Defend","RobotSpaceExplorer:Defend","RobotSpaceExplorer:Defend","RobotSpaceExplorer:Scan","RobotSpaceExplorer:MiniLasers+1","RobotSpaceExplorer:ScrapMissile","Doubt"],"relics":["RobotSpaceExplorer:RoboCore","NeowsBlessing"],"acts_visited":["Exordium"],"potions_floor_usage":[],"damage_taken":[{"damage":0,"enemies":"2 Louse","floor":1,"turns":1},{"damage":0,"enemies":"Cultist","floor":3,"turns":1},{"damage":0,"enemies":"Small Slimes","floor":4,"turns":1},{"damage":86,"enemies":"Gremlin Nob","floor":6,"turns":6}],"seed_played":"8060421735122055694","potions_obtained":[{"floor":4,"key":"LiquidMemories"}],"is_trial":false,"path_per_floor":["M","?","M","M","?","E"],"character_chosen":"RobotSpaceExplorer","items_purchased":[],"campfire_rested":0,"item_purchase_floors":[],"current_hp_per_floor":[75,75,75,75,75,0,0],"gold":320,"neow_bonus":"THREE_ENEMY_KILL","is_daily":false,"chose_seed":false,"campfire_upgraded":0,"win_rate":0.0,"timestamp":1612015884,"path_taken":["M","?","?","M","?","E"],"items_purchased_type":[],"build_version":"2020-12-22","purchased_purges":0,"victory":false,"max_hp_per_floor":[75,75,75,75,75,75,75],"card_choices":[{"not_picked":["RobotSpaceExplorer:ShovelStrike","RobotSpaceExplorer:Reload"],"picked":"RobotSpaceExplorer:ScrapMissile","floor":1},{"not_picked":["RobotSpaceExplorer:DoubleBlock","RobotSpaceExplorer:Ammunition","RobotSpaceExplorer:Probe"],"picked":"SKIP","floor":3},{"not_picked":["RobotSpaceExplorer:FreezingShield","RobotSpaceExplorer:Ammunition","RobotSpaceExplorer:SwiftStep"],"picked":"SKIP","floor":4}],"player_experience":52200,"relics_obtained":[],"event_choices":[{"damage_healed":0,"gold_gain":0,"player_choice":"Forge","damage_taken":0,"max_hp_gain":0,"max_hp_loss":0,"event_name":"Accursed Blacksmith","floor":2,"gold_loss":0,"cards_upgraded":["RobotSpaceExplorer:MiniLasers"]},{"damage_healed":0,"gold_gain":175,"player_choice":"AGREE","damage_taken":0,"max_hp_gain":0,"max_hp_loss":0,"event_name":"Liars Game","floor":5,"gold_loss":0,"cards_obtained":["Doubt"]}],"is_beta":false,"boss_relics":[],"items_purged_floors":[],"is_endless":false,"potions_floor_spawned":[4],"killed_by":"Gremlin Nob","ascension_level":0}}