{"host":"5kuyqt569m09uheu","time":1612041869,"event":{"mods":["BaseMod","Lobotomy","LobotomyExtend","Minty Spire (QoL Compilation)","StSLib"],"gold_per_floor":[113,130,61,71,85,119,119,119,144,144,144,144,144,144],"floor_reached":13,"language":"ENG","playtime":687,"items_purged":[],"score":83,"play_id":"544f9df7-1d24-4202-8945-238ecaefcc71","local_time":"20210130222429","is_ascension_mode":false,"campfire_choices":[{"floor":8,"key":"REST"}],"circlet_count":0,"master_deck":[],"relics":["CogitoBucket","LetterFromLob","Regal Pillow","Golden Idol","Anchor"],"acts_visited":["Exordium"],"potions_floor_usage":[5,6],"damage_taken":[{"damage":4,"enemies":"Cultist","floor":1,"turns":4},{"damage":6,"enemies":"2 Louse","floor":2,"turns":2},{"damage":14,"enemies":"Jaw Worm","floor":4,"turns":4},{"damage":45,"enemies":"Large Slime","floor":5,"turns":7},{"damage":17,"enemies":"Lagavulin","floor":6,"turns":6},{"damage":75,"enemies":"Gremlin Nob","floor":13,"turns":6}],"seed_played":"-3713573700586236956","potions_obtained":[{"floor":2,"key":"BlessingOfTheForge"},{"floor":5,"key":"Fruit Juice"},{"floor":6,"key":"Block Potion"}],"is_trial":false,"path_per_floor":["M","M","$","M","M","E","?","R","T","R","$","?","E"],"character_chosen":"Angela","items_purchased":["Logging"],"campfire_rested":1,"item_purchase_floors":[3],"current_hp_per_floor":[63,63,63,57,25,16,16,51,51,51,51,68,0,0],"gold":144,"neow_bonus":"THREE_RARE_CARDS","is_daily":false,"chose_seed":false,"campfire_upgraded":0,"win_rate":0.0,"timestamp":1612041869,"path_taken":["M","?","?","M","M","E","?","R","T","R","$","?","E"],"items_purchased_type":["Card"],"build_version":"2020-12-22","purchased_purges":0,"victory":false,"max_hp_per_floor":[63,63,63,63,68,68,68,68,68,68,68,68,68,68],"card_choices":[{"not_picked":["Justitia","Mimicry"],"picked":"CENSORED_ego","floor":0},{"not_picked":["Beak"],"picked":"Noise","floor":1},{"not_picked":["Alriune","PunishingBird"],"picked":"Laetitia","floor":1},{"not_picked":["RapturousDream"],"picked":"Reverberation","floor":1},{"not_picked":["Ecstasy"],"picked":"ParadiseLost","floor":2},{"not_picked":["LongBird","VoidDream"],"picked":"Mercenary","floor":2},{"not_picked":["CrimsonScar"],"picked":"ShedSkin","floor":2},{"not_picked":["Laetitia_ego"],"picked":"FrostShard","floor":4},{"not_picked":["HeroicMonk","LongBird"],"picked":"Scorched","floor":4},{"not_picked":["Wingbeat"],"picked":"Spore","floor":4},{"not_picked":["Beak"],"picked":"Galaxy","floor":5},{"not_picked":["ShyLook","OldLady"],"picked":"Alriune","floor":6},{"not_picked":["Horn"],"picked":"WristCuter","floor":6}],"player_experience":3916521,"relics_obtained":[{"floor":1,"key":"LetterFromLob"},{"floor":6,"key":"Regal Pillow"},{"floor":9,"key":"Anchor"}],"event_choices":[{"damage_healed":0,"gold_gain":0,"player_choice":"Take Wound","damage_taken":0,"relics_obtained":["Golden Idol"],"max_hp_gain":0,"max_hp_loss":0,"event_name":"Golden Idol","floor":7,"gold_loss":0,"cards_obtained":["Injury"]}],"is_beta":false,"boss_relics":[],"items_purged_floors":[],"is_endless":false,"potions_floor_spawned":[2,5,6],"killed_by":"Gremlin Nob","ascension_level":0}}