{"host":"2zw05eexjythz74b","time":1612019503,"event":{"mods":["AchievementEnabler","BaseMod","Better Altar","Colored Map","Minty Spire (QoL Compilation)","StSLib","everything is the same but u backflip on backflip"],"gold_per_floor":[118,134,153,153,172,172,211,211,211,211,211,286,364,79,79,205,205,219,219,244,264,88,129,129,129,129,149,149,27,47,47,47,47,47],"floor_reached":33,"language":"ENG","playtime":1054,"items_purged":["Writhe"],"score":302,"play_id":"f989cf94-7ed0-4fb9-9510-44865d1d27e8","local_time":"20210130091143","is_ascension_mode":true,"campfire_choices":[{"data":"Mayhem","floor":6,"key":"SMITH"},{"data":"Bash","floor":8,"key":"SMITH"},{"floor":11,"key":"REST"},{"data":"Inflame","floor":15,"key":"SMITH"},{"floor":25,"key":"REST"},{"floor":28,"key":"REST"},{"floor":32,"key":"REST"}],"circlet_count":0,"master_deck":["Strike_R+1","Strike_R+1","Strike_R+1","Strike_R+1","Strike_R+1","Defend_R+1","Defend_R+1","Defend_R+1","Defend_R+1","Bash+1","Mayhem+1","Cleave","Shockwave+1","Dropkick","Headbutt","Dropkick","Inflame+1","Flash of Steel","Exhume","Rage+1","Juggernaut","Rage","Juggernaut","Iron Wave+1"],"relics":["Burning Blood","Golden Idol","Art of War","The Courier","War Paint","Runic Dome","Incense Burner","Strange Spoon","Charon\u0027s Ashes","InkBottle","DollysMirror","Enchiridion"],"acts_visited":["Exordium","TheCity"],"potions_floor_usage":[7,23,27,27,27,30],"damage_taken":[{"damage":10,"enemies":"Small Slimes","floor":1,"turns":4},{"damage":14,"enemies":"2 Louse","floor":2,"turns":2},{"damage":7,"enemies":"Jaw Worm","floor":3,"turns":3},{"damage":0,"enemies":"Large Slime","floor":5,"turns":5},{"damage":22,"enemies":"3 Sentries","floor":7,"turns":4},{"damage":35,"enemies":"Slime Boss","floor":16,"turns":7},{"damage":11,"enemies":"3 Byrds","floor":18,"turns":4},{"damage":8,"enemies":"Chosen","floor":20,"turns":3},{"damage":23,"enemies":"Snake Plant","floor":21,"turns":4},{"damage":18,"enemies":"Book of Stabbing","floor":23,"turns":4},{"damage":47,"enemies":"Shelled Parasite and Fungi","floor":27,"turns":4},{"damage":9,"enemies":"Centurion and Healer","floor":30,"turns":4},{"damage":61,"enemies":"Automaton","floor":33,"turns":6}],"seed_played":"8544782977784019013","potions_obtained":[{"floor":1,"key":"AttackPotion"},{"floor":2,"key":"Weak Potion"},{"floor":16,"key":"FearPotion"},{"floor":18,"key":"Energy Potion"},{"floor":23,"key":"GamblersBrew"},{"floor":27,"key":"SkillPotion"}],"is_trial":false,"path_per_floor":["M","M","M","?","M","R","E","R","T","?","R","?","?","$","R","B",null,"M","?","M","M","$","E","?","R","T","M","R","$","M","?","R","B"],"character_chosen":"IRONCLAD","items_purchased":["Dropkick","War Paint","Inflame","Flash of Steel","Strange Spoon","DollysMirror"],"campfire_rested":4,"item_purchase_floors":[14,14,14,14,22,29],"current_hp_per_floor":[68,60,59,41,47,47,31,31,31,36,59,48,48,48,48,19,77,72,72,70,53,53,41,41,64,64,23,46,46,43,27,50,0,0],"gold":47,"neow_bonus":"RANDOM_COLORLESS_2","is_daily":false,"chose_seed":false,"campfire_upgraded":3,"win_rate":0.0,"timestamp":1612019503,"path_taken":["M","M","M","?","M","R","E","R","T","?","R","?","?","$","R","BOSS","M","?","M","M","$","E","?","R","T","M","R","$","M","?","R","BOSS"],"items_purchased_type":["Card","Relic","Card","Card","Relic","Relic"],"build_version":"2020-12-22","purchased_purges":1,"victory":false,"max_hp_per_floor":[72,72,72,72,72,72,72,72,72,77,77,77,77,77,77,77,77,77,77,77,77,77,77,77,77,77,77,77,77,77,77,77,77,77],"card_choices":[{"not_picked":["Secret Weapon","Apotheosis"],"picked":"Mayhem","floor":0},{"not_picked":["Searing Blow","Iron Wave"],"picked":"Cleave","floor":1},{"not_picked":["Ghostly Armor","Anger"],"picked":"Shockwave","floor":2},{"not_picked":["Uppercut","Dual Wield"],"picked":"Dropkick","floor":3},{"not_picked":["Flex","Cleave"],"picked":"Headbutt","floor":5},{"not_picked":["Heavy Blade","Fiend Fire","Sentinel"],"picked":"SKIP","floor":7},{"not_picked":["Barricade","Double Tap"],"picked":"Exhume","floor":16},{"not_picked":["Shrug It Off","Pommel Strike"],"picked":"Rage+1","floor":18},{"not_picked":["Headbutt","Wild Strike","Thunderclap"],"picked":"SKIP","floor":20},{"not_picked":["Warcry","Twin Strike","Entrench"],"picked":"SKIP","floor":21},{"not_picked":["Sword Boomerang","Clothesline+1"],"picked":"Juggernaut","floor":23},{"not_picked":["Heavy Blade","Wild Strike"],"picked":"Rage","floor":27},{"not_picked":["Anger","Combust+1"],"picked":"Iron Wave+1","floor":30}],"player_experience":240106,"relics_obtained":[{"floor":7,"key":"Art of War"},{"floor":9,"key":"The Courier"},{"floor":23,"key":"Charon\u0027s Ashes"},{"floor":26,"key":"InkBottle"},{"floor":31,"key":"Enchiridion"}],"event_choices":[{"damage_healed":0,"gold_gain":0,"player_choice":"Take Damage","damage_taken":18,"relics_obtained":["Golden Idol"],"max_hp_gain":0,"max_hp_loss":0,"event_name":"Golden Idol","floor":4,"gold_loss":0},{"damage_healed":0,"gold_gain":0,"player_choice":"Donut","damage_taken":0,"max_hp_gain":5,"max_hp_loss":0,"event_name":"Big Fish","floor":10,"gold_loss":0},{"damage_healed":0,"gold_gain":75,"player_choice":"Gather Gold","damage_taken":11,"max_hp_gain":0,"max_hp_loss":0,"event_name":"World of Goop","floor":12,"gold_loss":0},{"damage_healed":0,"gold_gain":78,"player_choice":"Gained Gold","damage_taken":0,"max_hp_gain":0,"max_hp_loss":0,"event_name":"Golden Wing","floor":13,"gold_loss":0},{"damage_healed":0,"gold_gain":0,"player_choice":"Opened","damage_taken":0,"relics_obtained":["Incense Burner"],"max_hp_gain":0,"max_hp_loss":0,"event_name":"The Mausoleum","floor":19,"gold_loss":0,"cards_obtained":["Writhe"]},{"damage_healed":0,"gold_gain":0,"player_choice":"Simplicity","damage_taken":0,"max_hp_gain":0,"max_hp_loss":0,"event_name":"Back to Basics","floor":24,"gold_loss":0,"cards_upgraded":["Strike_R","Strike_R","Strike_R","Strike_R","Strike_R","Defend_R","Defend_R","Defend_R"]},{"damage_healed":0,"gold_gain":0,"player_choice":"Obtained Book","damage_taken":16,"max_hp_gain":0,"max_hp_loss":0,"event_name":"Cursed Tome","floor":31,"gold_loss":0}],"is_beta":false,"boss_relics":[{"not_picked":["Tiny House","Fusion Hammer"],"picked":"Runic Dome"}],"items_purged_floors":[22],"is_endless":false,"potions_floor_spawned":[1,2,16,18,23,27],"killed_by":"Automaton","ascension_level":3}}