{"host":"gmrw3hv4wligmwgo","time":1612017922,"event":{"mods":["2.2 Compatiblity","BaseMod","Colored Map","Highlight Path","Minty Spire (QoL Compilation)","Relic Stats","StSLib","Synergy Search","Td1madao Mod","The Animator"],"gold_per_floor":[116,96,8,21,21,21,21,48,73,97,120,132,158,36,36,36,36],"floor_reached":16,"language":"ENG","playtime":838,"items_purged":[],"score":250,"play_id":"9c63ad72-1582-4e35-8766-9b8a87a413a1","local_time":"20210130154522","is_ascension_mode":true,"campfire_choices":[{"data":"Entrench","floor":6,"key":"SMITH"},{"data":"Barricade","floor":15,"key":"SMITH"}],"circlet_count":0,"master_deck":["AscendersBane","Strike_R","Strike_R","Strike_R","Strike_R","Strike_R","Defend_R","Defend_R","Defend_R","Defend_R","Bash+1","Evolve","Entrench+1","Pommel Strike","Barricade+1","Body Slam","Body Slam","Offering"],"relics":["Burning Blood","NeowsBlessing","Ancient Tea Set","Shovel","MawBank"],"acts_visited":["Exordium"],"potions_floor_usage":[13],"damage_taken":[{"damage":0,"enemies":"Jaw Worm","floor":1,"turns":1},{"damage":0,"enemies":"Cultist","floor":4,"turns":1},{"damage":0,"enemies":"Lagavulin","floor":8,"turns":1},{"damage":1,"enemies":"Small Slimes","floor":10,"turns":4},{"damage":7,"enemies":"2 Fungi Beasts","floor":11,"turns":4},{"damage":15,"enemies":"Exordium Wildlife","floor":13,"turns":4},{"damage":52,"enemies":"The Guardian","floor":16,"turns":7}],"seed_played":"-3078196174394421417","potions_obtained":[{"floor":2,"key":"DistilledChaos"},{"floor":8,"key":"LiquidMemories"}],"is_trial":false,"path_per_floor":["M","?","$","M","?","R","?","E","T","M","M","$","M","$","R","B"],"character_chosen":"IRONCLAD","items_purchased":["Entrench","Offering","SpeedPotion"],"campfire_rested":0,"item_purchase_floors":[3,14,14],"current_hp_per_floor":[74,74,74,75,49,49,49,55,55,60,59,59,50,50,50,0,0],"gold":36,"neow_bonus":"THREE_ENEMY_KILL","is_daily":false,"chose_seed":true,"campfire_upgraded":2,"win_rate":0.0,"timestamp":1612017922,"path_taken":["M","?","$","?","?","R","?","E","T","M","M","$","M","$","R","BOSS"],"items_purchased_type":["Card","Card","Potion"],"build_version":"2020-12-22","purchased_purges":0,"victory":false,"max_hp_per_floor":[75,75,75,75,75,75,75,75,75,75,75,75,75,75,75,75,75],"relic_stats":{"Shovel":0,"counters":[7,22],"MawBank":60,"obtain_stats":[{"Shovel":8,"NeowsBlessing":0,"Ancient Tea Set":5,"MawBank":9,"Burning Blood":0},{"Shovel":3,"NeowsBlessing":0,"Ancient Tea Set":2,"MawBank":3,"Burning Blood":0},{"Shovel":3,"NeowsBlessing":0,"Ancient Tea Set":2,"MawBank":3,"Burning Blood":0}],"Burning Blood":31},"card_choices":[{"not_picked":["Clothesline","Burning Pact"],"picked":"Evolve","floor":1},{"not_picked":["Cleave","Sentinel"],"picked":"Pommel Strike","floor":4},{"not_picked":["Sever Soul","Shrug It Off"],"picked":"Barricade","floor":8},{"not_picked":["Disarm","Sword Boomerang"],"picked":"Body Slam","floor":10},{"not_picked":["Rage","Clash"],"picked":"Body Slam","floor":11},{"not_picked":["Sword Boomerang","Iron Wave","Warcry"],"picked":"SKIP","floor":13}],"player_experience":677952,"relics_obtained":[{"floor":8,"key":"Shovel"},{"floor":9,"key":"MawBank"}],"event_choices":[{"damage_healed":0,"gold_gain":0,"player_choice":"Bought 1 Potion","damage_taken":0,"max_hp_gain":0,"max_hp_loss":0,"event_name":"The Woman in Blue","floor":2,"gold_loss":0},{"damage_healed":0,"gold_gain":0,"player_choice":"Success","damage_taken":26,"relics_obtained":["Ancient Tea Set"],"max_hp_gain":0,"max_hp_loss":0,"event_name":"Scrap Ooze","floor":5,"gold_loss":0},{"damage_healed":0,"gold_gain":0,"player_choice":"Grow","damage_taken":0,"max_hp_gain":0,"max_hp_loss":0,"event_name":"Living Wall","floor":7,"gold_loss":0,"cards_upgraded":["Bash"]}],"is_beta":false,"boss_relics":[],"items_purged_floors":[],"is_endless":false,"potions_floor_spawned":[8,11],"killed_by":"The Guardian","ascension_level":20}}