{"host":"qfskrnw3pl1q86j0","time":1612031946,"event":{"mods":["BaseMod","Block Reminder","Hermit","Marisa????????","Minty Spire (QoL Compilation)","Quick Restart","Random Character Button","Relic Stats","StSLib","The Poker Player","slay the spire mod where everything is the same but ironclad has a cowboy hat"],"gold_per_floor":[364,364,176,193,203,203,215,243,243,243,259,108,108,125,125,228,228,244,244,343,359,390,390,403,403,403,413,288,288,288,305,305,409,409,425,435,285,302,312,312,327,327,353,353,403,434,434,452,452,452],"floor_reached":51,"language":"ENG","playtime":1432,"items_purged":["Normality","Strike_R","Strike_R","Strike_R"],"score":729,"play_id":"cba43387-4bd3-4223-b62c-d71e1486c6c6","local_time":"20210130193906","is_ascension_mode":false,"campfire_choices":[{"data":"Bash","floor":6.0,"key":"SMITH"},{"data":"Searing Blow","floor":13.0,"key":"SMITH"},{"data":"Searing Blow+1","floor":15.0,"key":"SMITH"},{"data":"Searing Blow+2","floor":23.0,"key":"SMITH"},{"data":"Searing Blow+3","floor":25.0,"key":"SMITH"},{"data":"Searing Blow+4","floor":29.0,"key":"SMITH"},{"data":"Searing Blow+5","floor":32.0,"key":"SMITH"},{"data":"Searing Blow+6","floor":40,"key":"SMITH"},{"data":"Searing Blow+7","floor":42,"key":"SMITH"},{"data":"Searing Blow+8","floor":49,"key":"SMITH"}],"circlet_count":0,"master_deck":["Defend_R","Defend_R","Defend_R","Bash+1","Immolate","Searing Blow+9","Shrug It Off","Shrug It Off","Armaments+1","Ghostly Armor+1","Impervious","Cleave+1","Offering","Headbutt+1"],"relics":["Burning Blood","Vajra","MealTicket","SlaversCollar","MutagenicStrength","Red Mask","Gremlin Horn","Sozu","PreservedInsect","Du-Vu Doll","Mummified Hand"],"acts_visited":["Exordium","TheCity","TheBeyond"],"potions_floor_usage":[],"damage_taken":[{"damage":2.0,"enemies":"Small Slimes","floor":1.0,"turns":5.0},{"damage":1.0,"enemies":"Cultist","floor":4.0,"turns":4.0},{"damage":1.0,"enemies":"Jaw Worm","floor":5.0,"turns":3.0},{"damage":4.0,"enemies":"Large Slime","floor":7.0,"turns":5.0},{"damage":41.0,"enemies":"Lagavulin","floor":8.0,"turns":7.0},{"damage":7.0,"enemies":"Exordium Thugs","floor":11.0,"turns":3.0},{"damage":0.0,"enemies":"Lots of Slimes","floor":14.0,"turns":2.0},{"damage":42.0,"enemies":"The Guardian","floor":16.0,"turns":11.0},{"damage":21.0,"enemies":"3 Byrds","floor":18.0,"turns":5.0},{"damage":10.0,"enemies":"Chosen","floor":21.0,"turns":5.0},{"damage":16.0,"enemies":"Masked Bandits","floor":22.0,"turns":3.0},{"damage":13.0,"enemies":"Centurion and Healer","floor":24.0,"turns":6.0},{"damage":1.0,"enemies":"3 Cultists","floor":27.0,"turns":5.0},{"damage":16.0,"enemies":"Snake Plant","floor":31.0,"turns":4.0},{"damage":59.0,"enemies":"Collector","floor":33.0,"turns":7.0},{"damage":6,"enemies":"3 Darklings","floor":35,"turns":7},{"damage":0,"enemies":"Orb Walker","floor":36,"turns":4},{"damage":4,"enemies":"3 Darklings","floor":38,"turns":6},{"damage":2,"enemies":"4 Shapes","floor":39,"turns":7},{"damage":2,"enemies":"Jaw Worm Horde","floor":41,"turns":5},{"damage":0,"enemies":"Mind Bloom Boss Battle","floor":45,"turns":2},{"damage":0,"enemies":"Reptomancer","floor":46,"turns":2},{"damage":10,"enemies":"Writhing Mass","floor":48,"turns":2},{"damage":30,"enemies":"Awakened One","floor":50,"turns":10}],"seed_played":"8089128304317244823","potions_obtained":[{"floor":1.0,"key":"BloodPotion"},{"floor":7.0,"key":"SteroidPotion"},{"floor":8.0,"key":"AttackPotion"},{"floor":11.0,"key":"Swift Potion"},{"floor":14.0,"key":"PowerPotion"},{"floor":22.0,"key":"LiquidBronze"},{"floor":24.0,"key":"Energy Potion"},{"floor":27.0,"key":"ElixirPotion"}],"is_trial":false,"path_per_floor":["M","?","$","M","M","R","M","E","T","?","M","$","R","M","R","B",null,"M","?","?","M","?","R","M","R","T","M","$","R","?","M","R","B",null,"M","M","$","M","M","R","M","R","T","?","?","E","?","M","R","B",null],"character_chosen":"IRONCLAD","items_purchased":["Searing Blow","Shrug It Off","Shrug It Off"],"campfire_rested":0,"item_purchase_floors":[3,3,12],"current_hp_per_floor":[80,80,80,80,80,80,80,45,45,45,44,59,59,65,65,29,80,65,65,65,61,51,51,60,60,60,65,80,80,80,70,70,17,80,80,80,80,80,80,80,80,80,80,80,80,80,76,72,72,48],"gold":452,"neow_bonus":"TWO_FIFTY_GOLD","is_daily":false,"chose_seed":false,"campfire_upgraded":10,"win_rate":0.0,"timestamp":1612031946,"path_taken":["M","?","$","?","M","R","?","E","T","?","M","?","R","M","R","BOSS","M","?","?","M","?","R","M","R","T","M","$","R","?","?","R","BOSS","M","?","$","M","M","R","M","R","T","?","?","E","?","M","R","BOSS"],"items_purchased_type":["Card","Card","Card"],"build_version":"2020-12-22","purchased_purges":4,"victory":true,"max_hp_per_floor":[80,80,80,80,80,80,80,80,80,80,80,80,80,80,80,80,80,80,80,80,80,80,80,80,80,80,80,80,80,80,80,80,80,80,80,80,80,80,80,80,80,80,80,80,80,80,76,76,76,76],"relic_stats":{"Sozu":4,"Gremlin Horn":[24,24],"counters":[24,120],"Mummified Hand":[0],"MealTicket":30,"PreservedInsect":58,"obtain_stats":[{"Sozu":34,"Du-Vu Doll":45,"SlaversCollar":17,"Gremlin Horn":26,"Mummified Hand":46,"MutagenicStrength":19,"Vajra":8,"MealTicket":9,"PreservedInsect":43,"Red Mask":22,"Burning Blood":0},{"Sozu":15,"Du-Vu Doll":21,"SlaversCollar":8,"Gremlin Horn":12,"Mummified Hand":22,"MutagenicStrength":9,"Vajra":5,"MealTicket":5,"PreservedInsect":20,"Red Mask":11,"Burning Blood":0},{"Sozu":75,"Du-Vu Doll":106,"SlaversCollar":40,"Gremlin Horn":59,"Mummified Hand":108,"MutagenicStrength":45,"Vajra":24,"MealTicket":24,"PreservedInsect":104,"Red Mask":53,"Burning Blood":0}],"Burning Blood":100},"card_choices":[{"not_picked":["Warcry","Dropkick","Body Slam"],"picked":"SKIP","floor":1.0},{"not_picked":["Shockwave","Dark Embrace","Flex"],"picked":"SKIP","floor":4.0},{"not_picked":["Anger","Wild Strike","Burning Pact"],"picked":"SKIP","floor":5.0},{"not_picked":["Rampage","Sword Boomerang","Cleave"],"picked":"SKIP","floor":7.0},{"not_picked":["Clash","Pummel","Twin Strike"],"picked":"SKIP","floor":8.0},{"not_picked":["Clothesline","Disarm","Blood for Blood"],"picked":"SKIP","floor":11.0},{"not_picked":["Fire Breathing","Warcry","Clothesline"],"picked":"SKIP","floor":14.0},{"not_picked":["Shockwave","Evolve","Warcry"],"picked":"SKIP","floor":18.0},{"not_picked":["Whirlwind","Clash","Dropkick"],"picked":"SKIP","floor":21.0},{"not_picked":["Flex","Body Slam"],"picked":"Armaments+1","floor":22.0},{"not_picked":["Brutality","Feel No Pain"],"picked":"Ghostly Armor+1","floor":24.0},{"not_picked":["Second Wind","Blood for Blood","Evolve"],"picked":"SKIP","floor":27.0},{"not_picked":["Inflame","Sword Boomerang+1","Pommel Strike"],"picked":"SKIP","floor":31.0},{"not_picked":["Juggernaut","Barricade"],"picked":"Impervious","floor":33.0},{"not_picked":["Shockwave","Flame Barrier","Body Slam"],"picked":"SKIP","floor":35},{"not_picked":["Thunderclap","Body Slam","Rupture"],"picked":"SKIP","floor":36},{"not_picked":["Dark Embrace+1","Flex+1"],"picked":"Cleave+1","floor":38},{"not_picked":["Flex","Wild Strike+1"],"picked":"Offering","floor":39},{"not_picked":["Fire Breathing","Headbutt","Reckless Charge"],"picked":"SKIP","floor":41},{"not_picked":["Hemokinesis","Metallicize+1"],"picked":"Headbutt+1","floor":46},{"not_picked":["Havoc","Flex","Rampage"],"picked":"SKIP","floor":48}],"player_experience":1024108,"relics_obtained":[{"floor":8.0,"key":"Vajra"},{"floor":9.0,"key":"MealTicket"},{"floor":22.0,"key":"Red Mask"},{"floor":26.0,"key":"Gremlin Horn"},{"floor":43,"key":"PreservedInsect"},{"floor":45,"key":"Du-Vu Doll"},{"floor":46,"key":"Mummified Hand"}],"event_choices":[{"damage_healed":0.0,"max_hp_gain":0.0,"max_hp_loss":0.0,"gold_gain":0.0,"cards_transformed":["Strike_R"],"event_name":"Transmorgrifier","player_choice":"Transformed","floor":2.0,"gold_loss":0.0,"damage_taken":0.0,"cards_obtained":["Immolate"]},{"cards_removed":["Strike_R"],"damage_healed":0.0,"max_hp_gain":0.0,"max_hp_loss":0.0,"gold_gain":0.0,"event_name":"Purifier","player_choice":"Purged","floor":10.0,"gold_loss":0.0,"damage_taken":0.0},{"damage_healed":0.0,"max_hp_gain":0.0,"max_hp_loss":0.0,"gold_gain":0.0,"event_name":"Drug Dealer","player_choice":"Inject Mutagens","floor":19.0,"gold_loss":0.0,"damage_taken":0.0,"relics_obtained":["MutagenicStrength"]},{"damage_healed":0.0,"max_hp_gain":0.0,"max_hp_loss":0.0,"gold_gain":99.0,"event_name":"Nest","player_choice":"Stole From Cult","floor":20.0,"gold_loss":0.0,"damage_taken":0.0},{"damage_healed":0.0,"max_hp_gain":0.0,"max_hp_loss":0.0,"gold_gain":0.0,"event_name":"Masked Bandits","player_choice":"Fought Bandits","floor":22.0,"gold_loss":0.0,"damage_taken":0.0},{"damage_healed":0.0,"max_hp_gain":0.0,"max_hp_loss":0.0,"gold_gain":0.0,"event_name":"N\u0027loth","player_choice":"Ignored","floor":30.0,"gold_loss":0.0,"damage_taken":0.0},{"cards_removed":["Defend_R"],"damage_healed":0,"gold_gain":0,"player_choice":"Removed Skill","damage_taken":0,"max_hp_gain":0,"max_hp_loss":0,"event_name":"Falling","floor":44,"gold_loss":0},{"damage_healed":0,"gold_gain":0,"player_choice":"Fight","damage_taken":0,"max_hp_gain":0,"max_hp_loss":0,"event_name":"MindBloom","floor":45,"gold_loss":0},{"damage_healed":0,"gold_gain":0,"player_choice":"Max HP","damage_taken":0,"max_hp_gain":0,"max_hp_loss":4,"event_name":"Winding Halls","floor":47,"gold_loss":0}],"is_beta":false,"boss_relics":[{"not_picked":["Black Blood","Runic Cube"],"picked":"SlaversCollar"},{"not_picked":["Cursed Key","Empty Cage"],"picked":"Sozu"}],"items_purged_floors":[3,12,28,37],"is_endless":false,"potions_floor_spawned":[1,7,8,11,14,22,24,27,31,38,41,45,48],"ascension_level":0}}