{"host":"ml2ro5l6hu6y0pll","time":1612048964,"event":{"mods":["AchievementEnabler","BaseMod","Colored Map","Colored Powertips","Custom Start","Googly Eyes","Minty Spire (QoL Compilation)","Quick Restart","Rare Cards Sparkle","Relic Stats","Reliquary","StSLib","everything is the same but u backflip on backflip"],"gold_per_floor":[115,126,136,136,67,67,101,113,140,166,101,101,117,146,146,224,224,235,252,252,113,128,155,155,155,155,181,181,207,207,232,232,310,310,326,343,368,368,368,397,397,397,397,397,424,436,456,481,481,481,481,481,481,45,73,73,73],"floor_reached":56,"language":"ENG","playtime":1629,"items_purged":[],"score":2368,"play_id":"11281bb2-6c7c-4dea-a48b-e95d40418085","local_time":"20210130232244","is_ascension_mode":true,"campfire_choices":[{"data":"Whirlwind","floor":6.0,"key":"SMITH"},{"data":"Uppercut","floor":15.0,"key":"SMITH"},{"data":"Limit Break","floor":25.0,"key":"SMITH"},{"data":"Demon Form","floor":30.0,"key":"SMITH"},{"floor":32.0,"key":"REST"},{"data":"Offering","floor":42.0,"key":"SMITH"},{"data":"Battle Trance","floor":44.0,"key":"SMITH"},{"floor":49.0,"key":"RECALL"},{"data":"Limit Break","floor":53.0,"key":"SMITH"}],"circlet_count":0,"master_deck":["Defend_R","Defend_R","Defend_R","Defend_R","Whirlwind+1","Anger","Bash+1","Pommel Strike","Uppercut+1","Offering+1","Spot Weakness","Reaper","Demon Form+1","Limit Break+1","Battle Trance+1","Reaper+1","Flex+1","Seeing Red+1","Bloodletting+1","Master of Strategy","Shrug It Off+1","Limit Break+1","Rage","Offering"],"relics":["Burning Blood","Membership Card","Chemical X","Shuriken","The Courier","Potion Belt","Blood Vial","Omamori","Ornamental Fan","Paper Frog","reliquary:WritOfMandamus","Calipers","Gambling Chip","Bottled Flame","reliquary:Firecrackers","Happy Flower","White Beast Statue","Astrolabe","Champion Belt","Akabeko","Whetstone","Ancient Tea Set","Magic Flower","InkBottle","Mercury Hourglass","Orrery","reliquary:HotPoker","reliquary:SilkGlove","reliquary:Stiletto"],"acts_visited":["Exordium","TheCity","TheBeyond","TheEnding"],"potions_floor_usage":[56,56],"damage_taken":[{"damage":0.0,"enemies":"Small Slimes","floor":1.0,"turns":2.0},{"damage":0.0,"enemies":"Cultist","floor":2.0,"turns":2.0},{"damage":0.0,"enemies":"2 Louse","floor":3.0,"turns":1.0},{"damage":6.0,"enemies":"3 Sentries","floor":7.0,"turns":2.0},{"damage":4.0,"enemies":"Blue Slaver","floor":8.0,"turns":3.0},{"damage":14.0,"enemies":"Gremlin Nob","floor":10.0,"turns":3.0},{"damage":6.0,"enemies":"2 Fungi Beasts","floor":13.0,"turns":2.0},{"damage":6.0,"enemies":"3 Sentries","floor":14.0,"turns":1.0},{"damage":6.0,"enemies":"Slime Boss","floor":16.0,"turns":5.0},{"damage":0.0,"enemies":"3 Byrds","floor":18.0,"turns":2.0},{"damage":6.0,"enemies":"Chosen","floor":19.0,"turns":3.0},{"damage":6.0,"enemies":"Snake Plant","floor":22.0,"turns":1.0},{"damage":24.0,"enemies":"Slavers","floor":23.0,"turns":3.0},{"damage":27.0,"enemies":"Gremlin Leader","floor":27.0,"turns":4.0},{"damage":31.0,"enemies":"Book of Stabbing","floor":31.0,"turns":3.0},{"damage":29.0,"enemies":"Collector","floor":33.0,"turns":5.0},{"damage":6.0,"enemies":"Orb Walker","floor":35.0,"turns":1.0},{"damage":9.0,"enemies":"3 Shapes","floor":36.0,"turns":1.0},{"damage":38.0,"enemies":"Mind Bloom Boss Battle","floor":37.0,"turns":5.0},{"damage":75.0,"enemies":"Nemesis","floor":40.0,"turns":5.0},{"damage":30.0,"enemies":"Giant Head","floor":45.0,"turns":3.0},{"damage":11.0,"enemies":"Transient","floor":46.0,"turns":6.0},{"damage":0.0,"enemies":"3 Darklings","floor":47.0,"turns":1.0},{"damage":0.0,"enemies":"Reptomancer","floor":48.0,"turns":1.0},{"damage":33.0,"enemies":"Time Eater","floor":50.0,"turns":4.0},{"damage":27.0,"enemies":"Donu and Deca","floor":51.0,"turns":2.0},{"damage":6,"enemies":"Shield and Spear","floor":55,"turns":1},{"damage":146,"enemies":"The Heart","floor":56,"turns":3}],"seed_played":"-3906151793331818553","potions_obtained":[{"floor":2.0,"key":"Strength Potion"},{"floor":3.0,"key":"Fire Potion"},{"floor":10.0,"key":"DuplicationPotion"},{"floor":13.0,"key":"CultistPotion"},{"floor":16.0,"key":"Block Potion"},{"floor":23.0,"key":"DuplicationPotion"},{"floor":31.0,"key":"LiquidMemories"}],"is_trial":true,"path_per_floor":["M","M","M","?","$","R","E","M","T","E","$","T","M","E","R","B",null,"M","M","?","$","M","E","?","R","T","E","?","T","R","E","R","B",null,"M","M","?","?","?","E","?","R","T","R","E","M","M","E","R","B","B",null,"R","$","E","B"],"character_chosen":"IRONCLAD","items_purchased":["Offering","Omamori","Calipers","InkBottle","Mercury Hourglass","Orrery","reliquary:HotPoker","reliquary:SilkGlove"],"campfire_rested":1,"item_purchase_floors":[5,11,21,54,54,54,54,54],"current_hp_per_floor":[74,75,75,75,75,75,75,75,75,67,67,67,69,71,71,73,75,75,75,54,54,56,42,42,42,42,50,50,50,50,27,51,79,80,80,77,80,80,80,30,66,66,66,66,66,66,66,66,66,66,48,62,62,62,66,0,0],"gold":73,"neow_bonus":"","is_daily":false,"chose_seed":false,"campfire_upgraded":7,"win_rate":0.0,"timestamp":1612048964,"path_taken":["M","M","M","?","$","R","E","M","T","E","$","?","M","E","R","BOSS","M","M","?","$","M","E","?","R","T","E","?","?","R","E","R","BOSS","M","M","?","?","?","E","?","R","T","R","E","?","M","E","R","BOSS","BOSS","R","$","E","BOSS"],"items_purchased_type":["Card","Relic","Relic","Relic","Relic","Relic","Relic","Relic"],"build_version":"2020-12-22","purchased_purges":0,"victory":false,"max_hp_per_floor":[75,75,75,75,75,75,75,75,75,75,75,75,75,75,75,75,75,75,75,80,80,80,80,80,80,80,80,80,80,80,80,80,80,80,80,80,80,80,80,80,66,66,66,66,66,66,66,66,66,66,66,66,66,66,66,66,66],"relic_stats":{"Happy Flower":[13],"counters":[28,75],"Astrolabe":["Flex","Seeing Red","Bloodletting"],"Magic Flower":[12],"Whetstone":["Bash","Reaper"],"Burning Blood":110,"Mercury Hourglass":[15],"Blood Vial":21,"Shuriken":[18],"Ornamental Fan":[56],"Gambling Chip":[27],"Chemical X":[36],"Champion Belt":[7],"obtain_stats":[{"Calipers":21,"reliquary:SilkGlove":54,"reliquary:Firecrackers":27,"Magic Flower":48,"Whetstone":43,"Ancient Tea Set":45,"Burning Blood":0,"Blood Vial":10,"reliquary:HotPoker":54,"Gambling Chip":23,"Chemical X":0,"InkBottle":54,"Paper Frog":14,"Potion Belt":7,"Happy Flower":29,"Astrolabe":34,"The Courier":0,"Omamori":11,"White Beast Statue":31,"Akabeko":40,"Mercury Hourglass":54,"Bottled Flame":26,"Shuriken":0,"Ornamental Fan":12,"Orrery":54,"reliquary:Stiletto":55,"Membership Card":0,"Champion Belt":37,"reliquary:WritOfMandamus":17},{"Calipers":11,"reliquary:SilkGlove":26,"reliquary:Firecrackers":14,"Magic Flower":24,"Whetstone":20,"Ancient Tea Set":21,"Burning Blood":0,"Blood Vial":6,"reliquary:HotPoker":26,"Gambling Chip":13,"Chemical X":0,"InkBottle":26,"Paper Frog":8,"Potion Belt":4,"Happy Flower":14,"Astrolabe":16,"The Courier":0,"Omamori":6,"White Beast Statue":15,"Akabeko":20,"Mercury Hourglass":26,"Bottled Flame":13,"Shuriken":0,"Ornamental Fan":6,"Orrery":26,"reliquary:Stiletto":27,"Membership Card":0,"Champion Belt":19,"reliquary:WritOfMandamus":9},{"Calipers":26,"reliquary:SilkGlove":71,"reliquary:Firecrackers":34,"Magic Flower":65,"Whetstone":54,"Ancient Tea Set":57,"Burning Blood":0,"Blood Vial":13,"reliquary:HotPoker":71,"Gambling Chip":30,"Chemical X":0,"InkBottle":71,"Paper Frog":16,"Potion Belt":7,"Happy Flower":34,"Astrolabe":42,"The Courier":0,"Omamori":13,"White Beast Statue":37,"Akabeko":54,"Mercury Hourglass":71,"Bottled Flame":30,"Shuriken":0,"Ornamental Fan":13,"Orrery":71,"reliquary:Stiletto":72,"Membership Card":0,"Champion Belt":49,"reliquary:WritOfMandamus":21}],"InkBottle":[1]},"card_choices":[{"not_picked":["Flex","Anger"],"picked":"Pommel Strike","floor":1.0},{"not_picked":["Rage","Flex"],"picked":"Shrug It Off","floor":2.0},{"not_picked":["Pommel Strike","Sword Boomerang"],"picked":"Uppercut","floor":3.0},{"not_picked":["Clash","Immolate","Searing Blow"],"picked":"SKIP","floor":7.0},{"not_picked":["Clothesline","Anger","Warcry"],"picked":"SKIP","floor":8.0},{"not_picked":["Armaments","Body Slam","Thunderclap"],"picked":"SKIP","floor":10.0},{"not_picked":["Iron Wave","Shockwave"],"picked":"Spot Weakness","floor":13.0},{"not_picked":["Clash","Flex"],"picked":"Reaper","floor":14.0},{"not_picked":["Barricade","Impervious"],"picked":"Demon Form","floor":16.0},{"not_picked":["Shrug It Off","Evolve","Clothesline"],"picked":"SKIP","floor":18.0},{"not_picked":["Warcry","Sword Boomerang","Reckless Charge"],"picked":"SKIP","floor":19.0},{"not_picked":["Havoc","Sever Soul","Combust"],"picked":"SKIP","floor":22.0},{"not_picked":["Anger","Reaper"],"picked":"Limit Break","floor":23.0},{"not_picked":["Juggernaut","Dark Embrace","Havoc"],"picked":"SKIP","floor":27.0},{"not_picked":["Spot Weakness","Clothesline","Warcry"],"picked":"SKIP","floor":31.0},{"not_picked":["Demon Form","Double Tap"],"picked":"Reaper","floor":33.0},{"not_picked":["Anger","True Grit","Sword Boomerang+1"],"picked":"SKIP","floor":35.0},{"not_picked":["Thunderclap+1","Entrench","Dark Embrace"],"picked":"SKIP","floor":36.0},{"not_picked":["Bandage Up","Impatience"],"picked":"Master of Strategy","floor":39.0},{"not_picked":["Clash","Armaments","Bloodletting"],"picked":"SKIP","floor":40.0},{"not_picked":["Infernal Blade","Rage"],"picked":"Shrug It Off+1","floor":45.0},{"not_picked":["Anger","Havoc","Shockwave"],"picked":"SKIP","floor":46.0},{"not_picked":["Heavy Blade","Disarm","Clothesline"],"picked":"SKIP","floor":47.0},{"not_picked":["Shockwave","Heavy Blade+1"],"picked":"Limit Break","floor":48.0},{"not_picked":["Headbutt","Wild Strike"],"picked":"Rage","floor":54.0},{"not_picked":["Anger","Warcry"],"picked":"Offering","floor":54.0},{"not_picked":["Body Slam+1","Anger","Cleave"],"picked":"SKIP","floor":55}],"player_experience":880106,"relics_obtained":[{"floor":7.0,"key":"Potion Belt"},{"floor":10.0,"key":"Blood Vial"},{"floor":12.0,"key":"Ornamental Fan"},{"floor":14.0,"key":"Paper Frog"},{"floor":23.0,"key":"Gambling Chip"},{"floor":26.0,"key":"Bottled Flame"},{"floor":27.0,"key":"reliquary:Firecrackers"},{"floor":29.0,"key":"Happy Flower"},{"floor":31.0,"key":"White Beast Statue"},{"floor":37.0,"key":"Champion Belt"},{"floor":40.0,"key":"Akabeko"},{"floor":43.0,"key":"Whetstone"},{"floor":45.0,"key":"Ancient Tea Set"},{"floor":48.0,"key":"Magic Flower"},{"floor":55,"key":"reliquary:Stiletto"}],"event_choices":[{"cards_removed":["Strike_R"],"damage_healed":0.0,"max_hp_gain":0.0,"max_hp_loss":0.0,"gold_gain":0.0,"event_name":"Bonfire Elementals","player_choice":"Offered Basic","floor":4.0,"gold_loss":0.0,"damage_taken":0.0},{"damage_healed":0.0,"max_hp_gain":5.0,"max_hp_loss":0.0,"gold_gain":0.0,"event_name":"Forgotten Altar","player_choice":"Shed Blood","floor":20.0,"gold_loss":0.0,"damage_taken":26.0},{"damage_healed":0.0,"max_hp_gain":0.0,"max_hp_loss":0.0,"gold_gain":0.0,"event_name":"The Library","player_choice":"Read","floor":24.0,"gold_loss":0.0,"damage_taken":0.0,"cards_obtained":["Battle Trance"]},{"damage_healed":0.0,"max_hp_gain":0.0,"max_hp_loss":0.0,"gold_gain":0.0,"event_name":"Vampires","player_choice":"Ignored","floor":28.0,"gold_loss":0.0,"damage_taken":0.0},{"damage_healed":0.0,"max_hp_gain":0.0,"max_hp_loss":0.0,"gold_gain":0.0,"event_name":"MindBloom","player_choice":"Fight","floor":37.0,"gold_loss":0.0,"damage_taken":0.0},{"cards_removed":["Shrug It Off"],"damage_healed":0.0,"max_hp_gain":0.0,"max_hp_loss":0.0,"gold_gain":0.0,"event_name":"Falling","player_choice":"Removed Skill","floor":38.0,"gold_loss":0.0,"damage_taken":0.0},{"damage_healed":0.0,"max_hp_gain":0.0,"max_hp_loss":0.0,"gold_gain":0.0,"event_name":"SensoryStone","player_choice":"Memory 1","floor":39.0,"gold_loss":0.0,"damage_taken":0.0},{"damage_healed":66.0,"max_hp_gain":0.0,"max_hp_loss":14.0,"gold_gain":0.0,"event_name":"The Moai Head","player_choice":"Heal","floor":41.0,"gold_loss":0.0,"damage_taken":0.0}],"is_beta":false,"boss_relics":[{"not_picked":["Sozu","Pandora\u0027s Box"],"picked":"reliquary:WritOfMandamus"},{"not_picked":["reliquary:Ember","Black Blood"],"picked":"Astrolabe"}],"items_purged_floors":[],"is_endless":false,"potions_floor_spawned":[2,3,10,13,16,18,23,31,33,35,36,37,40,45,46,47,48,55],"killed_by":"The Heart","ascension_level":20}}