{"host":"1nniobf0g4s2td4e","time":1612018578,"event":{"mods":["2.2 Compatiblity","BaseMod","Minty Spire (QoL Compilation)","StSLib","SuperFastMode"],"gold_per_floor":[111,125,125,75,94,94,120,141,141,151,151,167,183,19,19,118,118,136,235,255,265,265,296,62,62,111,111,131,131,164,180,180,283,283,298,298,223,233,133,133,43,43,70,70,103,115,145,162,162,162,162,162,110,143,143],"floor_reached":56,"language":"ENG","playtime":3148,"items_purged":["Strike_G","Strike_G"],"score":1320,"play_id":"4dcdf66b-5d48-42d3-81a4-df3e750ec4dc","local_time":"20210130085618","is_ascension_mode":false,"campfire_choices":[{"data":"Prepared","floor":6.0,"key":"SMITH"},{"data":"Concentrate","floor":11.0,"key":"SMITH"},{"floor":15.0,"key":"REST"},{"data":"After Image","floor":25.0,"key":"SMITH"},{"floor":27.0,"key":"RECALL"},{"data":"Finesse","floor":29.0,"key":"SMITH"},{"data":"Cloak And Dagger","floor":32.0,"key":"SMITH"},{"data":"Madness","floor":40.0,"key":"SMITH"},{"data":"Madness","floor":42.0,"key":"SMITH"},{"data":"Tools of the Trade","floor":44.0,"key":"SMITH"},{"data":"Reflex","floor":49.0,"key":"SMITH"},{"data":"Reflex","floor":52.0,"key":"SMITH"}],"circlet_count":0,"master_deck":["Strike_G","Defend_G","Defend_G+1","Defend_G","Defend_G","Defend_G","Survivor","Neutralize+1","Prepared+1","Underhanded Strike","Reflex+1","Reflex+1","Slice","Flash of Steel","Footwork","Unload","Infinite Blades","Blade Dance+1","Finesse+1","After Image+1","Cloak And Dagger+1","Tools of the Trade+1","Cloak And Dagger+1","Madness+1","Madness+1","Backstab"],"relics":["Ring of the Snake","Pantograph","Odd Mushroom","Kunai","WristBlade","Omamori","Vajra","Philosopher\u0027s Stone","Regal Pillow","Mercury Hourglass","Prayer Wheel","Boot"],"acts_visited":["Exordium","TheCity","TheBeyond","TheEnding"],"potions_floor_usage":[55,55,55],"damage_taken":[{"damage":5.0,"enemies":"Cultist","floor":1.0,"turns":4.0},{"damage":3.0,"enemies":"Jaw Worm","floor":2.0,"turns":6.0},{"damage":0.0,"enemies":"Small Slimes","floor":5.0,"turns":3.0},{"damage":12.0,"enemies":"Gremlin Nob","floor":7.0,"turns":3.0},{"damage":9.0,"enemies":"The Mushroom Lair","floor":8.0,"turns":4.0},{"damage":6.0,"enemies":"3 Louse","floor":10.0,"turns":4.0},{"damage":0.0,"enemies":"Blue Slaver","floor":12.0,"turns":5.0},{"damage":2.0,"enemies":"Gremlin Gang","floor":13.0,"turns":6.0},{"damage":48.0,"enemies":"Slime Boss","floor":16.0,"turns":23.0},{"damage":6.0,"enemies":"Chosen","floor":18.0,"turns":5.0},{"damage":14.0,"enemies":"3 Byrds","floor":20.0,"turns":6.0},{"damage":8.0,"enemies":"Shelled Parasite and Fungi","floor":21.0,"turns":6.0},{"damage":19.0,"enemies":"Slavers","floor":23.0,"turns":4.0},{"damage":2.0,"enemies":"Snake Plant","floor":28.0,"turns":3.0},{"damage":0.0,"enemies":"Gremlin Leader","floor":30.0,"turns":6.0},{"damage":4.0,"enemies":"Chosen and Byrds","floor":31.0,"turns":6.0},{"damage":13.0,"enemies":"Collector","floor":33.0,"turns":9.0},{"damage":4.0,"enemies":"3 Shapes","floor":35.0,"turns":4.0},{"damage":0.0,"enemies":"3 Darklings","floor":38.0,"turns":4.0},{"damage":0.0,"enemies":"Giant Head","floor":45.0,"turns":6.0},{"damage":7.0,"enemies":"Jaw Worm Horde","floor":46.0,"turns":4.0},{"damage":0.0,"enemies":"Reptomancer","floor":47.0,"turns":5.0},{"damage":0.0,"enemies":"Maw","floor":48.0,"turns":7.0},{"damage":67.0,"enemies":"Time Eater","floor":50.0,"turns":13.0},{"damage":0.0,"enemies":"Shield and Spear","floor":54.0,"turns":2.0},{"damage":50,"enemies":"The Heart","floor":55,"turns":8}],"seed_played":"-9060891158109780054","potions_obtained":[{"floor":1.0,"key":"CunningPotion"},{"floor":5.0,"key":"LiquidBronze"},{"floor":8.0,"key":"GamblersBrew"},{"floor":33.0,"key":"SkillPotion"}],"is_trial":false,"path_per_floor":["M","M","$","?","M","R","E","?","T","M","R","M","M","$","R","B",null,"M","?","M","M","?","E","$","R","T","R","M","R","E","M","R","B",null,"M","?","$","M","$","R","?","R","T","R","E","M","E","M","R","B",null,"R","$","E","B",null],"character_chosen":"THE_SILENT","items_purchased":["Flash of Steel","Footwork","Finesse","After Image","PowerPotion"],"campfire_rested":1,"item_purchase_floors":[14,14,24,24,53],"current_hp_per_floor":[65,62,62,62,62,62,50,41,41,35,35,35,33,33,54,22,70,64,64,50,42,70,51,51,51,51,51,49,49,49,45,45,57,70,66,57,57,57,57,57,57,57,57,57,57,50,50,50,50,3,70,70,70,70,20],"gold":143,"neow_bonus":"UPGRADE_CARD","is_daily":false,"chose_seed":false,"campfire_upgraded":10,"win_rate":0.0,"timestamp":1612018578,"path_taken":["M","?","$","?","M","R","E","?","T","M","R","M","M","$","R","BOSS","M","?","M","M","?","E","$","R","T","R","?","R","E","M","R","BOSS","M","?","$","M","$","R","?","R","T","R","E","M","E","M","R","BOSS","R","$","E","BOSS"],"items_purchased_type":["Card","Card","Card","Card","Potion"],"build_version":"2020-12-22","purchased_purges":2,"victory":true,"max_hp_per_floor":[70,70,70,70,70,70,70,70,70,70,70,70,70,70,70,70,70,70,70,70,70,70,70,70,70,70,70,70,70,70,70,70,70,70,70,70,70,70,70,70,70,70,70,70,70,70,70,70,70,70,70,70,70,70,70],"card_choices":[{"not_picked":["Well Laid Plans","Leg Sweep"],"picked":"Prepared","floor":1.0},{"not_picked":["PiercingWail","Slice"],"picked":"Underhanded Strike","floor":2.0},{"not_picked":["Flechettes","Sucker Punch"],"picked":"Reflex","floor":5.0},{"not_picked":["Flying Knee","Underhanded Strike","Crippling Poison"],"picked":"SKIP","floor":7.0},{"not_picked":["Underhanded Strike","Poisoned Stab"],"picked":"Concentrate","floor":10.0},{"not_picked":["Flying Knee","Bane"],"picked":"Reflex","floor":12.0},{"not_picked":["Caltrops","Slice","Dagger Spray"],"picked":"SKIP","floor":13.0},{"not_picked":["Caltrops","Dagger Spray"],"picked":"Slice","floor":13.0},{"not_picked":["Bullet Time","Envenom"],"picked":"Unload","floor":16.0},{"not_picked":["Dagger Spray","Poisoned Stab","Quick Slash"],"picked":"SKIP","floor":18.0},{"not_picked":["Distraction+1","Backflip+1"],"picked":"Infinite Blades","floor":20.0},{"not_picked":["Reflex","PiercingWail"],"picked":"Blade Dance+1","floor":21.0},{"not_picked":["All Out Attack","Flechettes","Quick Slash+1"],"picked":"SKIP","floor":23.0},{"not_picked":["Flying Knee","Prepared+1","Tactician+1"],"picked":"SKIP","floor":28.0},{"not_picked":["Reflex","Outmaneuver+1"],"picked":"Cloak And Dagger","floor":30.0},{"not_picked":["Deflect","Riddle With Holes","Sucker Punch"],"picked":"SKIP","floor":31.0},{"not_picked":["Grand Finale","Doppelganger"],"picked":"Tools of the Trade","floor":33.0},{"not_picked":["Footwork","Poisoned Stab"],"picked":"Cloak And Dagger+1","floor":35.0},{"not_picked":["Acrobatics","Crippling Poison","PiercingWail"],"picked":"SKIP","floor":38.0},{"not_picked":["Setup+1","Predator+1","Catalyst"],"picked":"SKIP","floor":45.0},{"not_picked":["Acrobatics+1","PiercingWail","Poisoned Stab+1"],"picked":"SKIP","floor":46.0},{"not_picked":["Concentrate","Backflip"],"picked":"Backstab","floor":47.0},{"not_picked":["Blade Dance","Deadly Poison+1","Bane"],"picked":"SKIP","floor":48.0},{"not_picked":["Burst","Well Laid Plans+1","Choke+1"],"picked":"SKIP","floor":48.0},{"not_picked":["PiercingWail+1","Backflip","Dagger Spray+1"],"picked":"SKIP","floor":54.0}],"player_experience":716845,"relics_obtained":[{"floor":7.0,"key":"Pantograph"},{"floor":8.0,"key":"Odd Mushroom"},{"floor":9.0,"key":"Kunai"},{"floor":23.0,"key":"Omamori"},{"floor":30.0,"key":"Vajra"},{"floor":43.0,"key":"Regal Pillow"},{"floor":45.0,"key":"Mercury Hourglass"},{"floor":47.0,"key":"Prayer Wheel"},{"floor":54.0,"key":"Boot"}],"event_choices":[{"cards_removed":["Strike_G"],"damage_healed":0.0,"max_hp_gain":0.0,"max_hp_loss":0.0,"gold_gain":0.0,"event_name":"The Cleric","player_choice":"Card Removal","floor":4.0,"gold_loss":50.0,"damage_taken":0.0},{"damage_healed":0.0,"max_hp_gain":0.0,"max_hp_loss":0.0,"gold_gain":0.0,"event_name":"Mushrooms","player_choice":"Fought Mushrooms","floor":8.0,"gold_loss":0.0,"damage_taken":0.0},{"damage_healed":0.0,"max_hp_gain":0.0,"max_hp_loss":0.0,"gold_gain":99.0,"event_name":"Nest","player_choice":"Stole From Cult","floor":19.0,"gold_loss":0.0,"damage_taken":0.0},{"cards_removed":["Concentrate"],"damage_healed":28.0,"max_hp_gain":0.0,"max_hp_loss":0.0,"gold_gain":0.0,"event_name":"Bonfire Elementals","player_choice":"Offered Uncommon","floor":22.0,"gold_loss":0.0,"damage_taken":0.0},{"damage_healed":0.0,"max_hp_gain":0.0,"max_hp_loss":0.0,"gold_gain":0.0,"event_name":"Winding Halls","player_choice":"Embrace Madness","floor":36.0,"gold_loss":0.0,"damage_taken":9.0,"cards_obtained":["Madness","Madness"]},{"cards_removed":["Strike_G"],"damage_healed":0.0,"max_hp_gain":0.0,"max_hp_loss":0.0,"gold_gain":0.0,"event_name":"Designer","player_choice":"Upgrade and Remove","floor":41.0,"gold_loss":90.0,"damage_taken":0.0,"cards_upgraded":["Defend_G"]}],"is_beta":false,"boss_relics":[{"not_picked":["Black Star","Velvet Choker"],"picked":"WristBlade"},{"not_picked":["Empty Cage","SlaversCollar"],"picked":"Philosopher\u0027s Stone"}],"items_purged_floors":[37,39],"is_endless":false,"potions_floor_spawned":[1,5,8,10,18,20,33,38,45],"ascension_level":0}}