{"host":"tpad8qsc9e0g0pa5","time":1612008372,"event":{"mods":["BaseMod","Minty Spire (QoL Compilation)","Quick Restart","StSLib","The Cursed"],"gold_per_floor":[113,123,123,48,148,179,190,190,190,202,222,222,222,256,256,360,360,370,395,395,407,61,92,92,92,92],"floor_reached":25,"language":"ZHS","playtime":1018,"items_purged":["Strike_P","Strike_P"],"score":345,"play_id":"16390221-37c4-4d71-99b5-3285151d09c6","local_time":"20210130200612","is_ascension_mode":true,"campfire_choices":[{"data":"PathToVictory","floor":8,"key":"SMITH"},{"data":"PathToVictory","floor":12,"key":"SMITH"},{"data":"CutThroughFate","floor":15,"key":"SMITH"},{"floor":24,"key":"REST"}],"circlet_count":0,"master_deck":["Strike_P","Strike_P","Defend_P","Defend_P","Defend_P","Defend_P","Eruption","Vigilance","FlurryOfBlows","PathToVictory+1","PathToVictory+1","CutThroughFate+1","DeusExMachina+1","DevaForm","Sanctity","JustLucky","Omniscience","Bandage Up"],"relics":["PureWater","NeowsBlessing","CloakClasp","Calipers","Shuriken","Philosopher\u0027s Stone","Red Mask","Turnip"],"acts_visited":["Exordium","TheCity"],"potions_floor_usage":[21,23,25],"damage_taken":[{"damage":0,"enemies":"Cultist","floor":1,"turns":1},{"damage":0,"enemies":"2 Louse","floor":2,"turns":1},{"damage":0,"enemies":"Gremlin Nob","floor":6,"turns":1},{"damage":0,"enemies":"Small Slimes","floor":7,"turns":3},{"damage":1,"enemies":"Red Slaver","floor":10,"turns":4},{"damage":5,"enemies":"Blue Slaver","floor":11,"turns":2},{"damage":19,"enemies":"3 Sentries","floor":14,"turns":7},{"damage":0,"enemies":"Slime Boss","floor":16,"turns":6},{"damage":40,"enemies":"3 Byrds","floor":18,"turns":5},{"damage":66,"enemies":"Masked Bandits","floor":19,"turns":4},{"damage":0,"enemies":"Spheric Guardian","floor":21,"turns":3},{"damage":0,"enemies":"Gremlin Leader","floor":23,"turns":3},{"damage":39,"enemies":"Slavers","floor":25,"turns":2}],"seed_played":"4240983923101067992","potions_obtained":[{"floor":1,"key":"Ancient Potion"},{"floor":6,"key":"BlessingOfTheForge"},{"floor":10,"key":"FairyPotion"},{"floor":19,"key":"LiquidMemories"}],"is_trial":false,"path_per_floor":["M","M","?","$","?","E","M","R","T","M","M","R","?","E","R","B",null,"M","?","?","M","$","E","R","E"],"character_chosen":"WATCHER","items_purchased":["Omniscience","Bandage Up"],"campfire_rested":1,"item_purchase_floors":[22,22],"current_hp_per_floor":[72,72,77,77,77,77,77,77,77,76,71,71,71,52,52,52,77,37,4,4,4,4,8,31,0,0],"gold":92,"neow_bonus":"THREE_ENEMY_KILL","is_daily":false,"chose_seed":false,"campfire_upgraded":3,"win_rate":0.0,"timestamp":1612008372,"path_taken":["M","M","?","$","?","E","M","R","T","?","M","R","?","E","R","BOSS","M","?","?","M","$","E","R","E"],"items_purchased_type":["Card","Card"],"build_version":"2020-12-22","purchased_purges":2,"victory":false,"max_hp_per_floor":[72,72,77,77,77,77,77,77,77,77,77,77,77,77,77,77,77,77,77,77,77,77,77,77,77,77],"card_choices":[{"not_picked":["WreathOfFlame","WaveOfTheHand"],"picked":"FlurryOfBlows","floor":1},{"not_picked":["Crescendo","Collect"],"picked":"PathToVictory","floor":2},{"not_picked":["FlyingSleeves","Wireheading"],"picked":"PathToVictory","floor":6},{"not_picked":["Swivel","EmptyMind"],"picked":"CutThroughFate","floor":7},{"not_picked":["BattleHymn","EmptyBody","SashWhip"],"picked":"SKIP","floor":10},{"not_picked":["Evaluate","CarveReality"],"picked":"DeusExMachina","floor":11},{"not_picked":["Crescendo","BowlingBash","Prostrate"],"picked":"SKIP","floor":14},{"not_picked":["Alpha","LessonLearned"],"picked":"DevaForm","floor":16},{"not_picked":["JustLucky","Evaluate","Halt"],"picked":"SKIP","floor":18},{"not_picked":["SashWhip","Prostrate"],"picked":"Sanctity","floor":19},{"not_picked":["Halt","EmptyBody"],"picked":"JustLucky","floor":21},{"not_picked":["Study","EmptyFist","EmptyBody+1"],"picked":"SKIP","floor":23}],"player_experience":230067,"relics_obtained":[{"floor":6,"key":"CloakClasp"},{"floor":9,"key":"Calipers"},{"floor":14,"key":"Shuriken"},{"floor":19,"key":"Red Mask"},{"floor":23,"key":"Turnip"}],"event_choices":[{"damage_healed":0,"gold_gain":0,"player_choice":"Donut","damage_taken":0,"max_hp_gain":5,"max_hp_loss":0,"event_name":"Big Fish","floor":3,"gold_loss":0},{"damage_healed":0,"gold_gain":100,"player_choice":"Pray","damage_taken":0,"max_hp_gain":0,"max_hp_loss":0,"event_name":"Golden Shrine","floor":5,"gold_loss":0},{"damage_healed":0,"gold_gain":0,"player_choice":"Upgraded","damage_taken":0,"max_hp_gain":0,"max_hp_loss":0,"event_name":"Upgrade Shrine","floor":13,"gold_loss":0,"cards_upgraded":["DeusExMachina"]},{"damage_healed":0,"gold_gain":0,"player_choice":"Fought Bandits","damage_taken":0,"max_hp_gain":0,"max_hp_loss":0,"event_name":"Masked Bandits","floor":19,"gold_loss":0},{"damage_healed":0,"gold_gain":0,"player_choice":"Ignored","damage_taken":0,"max_hp_gain":0,"max_hp_loss":0,"event_name":"Vampires","floor":20,"gold_loss":0}],"is_beta":false,"boss_relics":[{"not_picked":["Tiny House","SlaversCollar"],"picked":"Philosopher\u0027s Stone"}],"items_purged_floors":[4,22],"is_endless":false,"potions_floor_spawned":[1,6,10,11,16,19],"killed_by":"Slavers","ascension_level":1}}