{"host":"141e8mu1xuvwtmt1","time":1612029146,"event":{"mods":["AchievementEnabler","BaseMod","BetterRewards","Colored Map","Colored Powertips","Downfall","Highlight Path","Minty Spire (QoL Compilation)","Replay The Spire","StSLib"],"gold_per_floor":[118,118,137,148,165,191,191,203,229,0,18,38,48,61,61,158,158,169,169,182,199,217,217,23,36,36,36,36,135,84,95,95,95,95],"floor_reached":33,"language":"ENG","playtime":4018,"items_purged":[],"score":380,"play_id":"6af95cf3-1ead-4e65-abb4-884035b8342e","local_time":"20210130185226","is_ascension_mode":false,"campfire_choices":[{"floor":7,"key":"REST"},{"floor":23,"key":"REST"},{"floor":28,"key":"REST"}],"circlet_count":0,"master_deck":["Strike_G+1","Strike_G+1","Strike_G","Strike_G","Strike_G","Defend_G","Defend_G","Defend_G","Defend_G","Defend_G","Survivor","Neutralize","All Out Attack","PiercingWail","Deadly Poison","Deadly Poison","Bouncing Flask","Poisoned Stab","Reflex+1","Underhanded Strike","Mayhem+1","Specialist","Jack Of All Trades","Poisoned Stab","Endless Agony","Backstab","PiercingWail","ReplayTheSpireMod:Necrosis","Deflect","Distraction","Deadly Poison","Blade Dance+1","All Out Attack+1","ReplayTheSpireMod:Splinters","Fluid Movement","Fluid Movement","Poison Darts","Tools of the Trade+1","Looming Evil","Acrobatics","Dagger Throw+1"],"relics":["Ring of the Snake","Tingsha","Guide Book","Bag of Preparation","ReplayTheSpireMod:Lightbulb","PreservedInsect","ReplayTheSpireMod:ShopPack","SlaversCollar","ReplayTheSpireMod:CursedCoin","Lantern","Vajra","Ring of Fangs","Ring of Fury"],"acts_visited":["Exordium","TheCity"],"potions_floor_usage":[13,16,18,21,25,33,33],"damage_taken":[{"damage":0,"enemies":"Jaw Worm","floor":1,"turns":3},{"damage":0,"enemies":"2 Louse","floor":3,"turns":1},{"damage":0,"enemies":"Cultist","floor":4,"turns":3},{"damage":2,"enemies":"Large Slime","floor":5,"turns":5},{"damage":14,"enemies":"Gremlin Nob","floor":6,"turns":3},{"damage":0,"enemies":"Lots of Slimes","floor":8,"turns":3},{"damage":10,"enemies":"Exordium Wildlife","floor":11,"turns":4},{"damage":0,"enemies":"Looter","floor":12,"turns":4},{"damage":0,"enemies":"Gremlin Gang","floor":13,"turns":3},{"damage":0,"enemies":"Blue Slaver","floor":14,"turns":3},{"damage":10,"enemies":"The Guardian","floor":16,"turns":9},{"damage":19,"enemies":"2 Thieves","floor":18,"turns":4},{"damage":17,"enemies":"Shell Parasite","floor":20,"turns":6},{"damage":25,"enemies":"Shelled Parasite and Fungi","floor":21,"turns":6},{"damage":2,"enemies":"Snecko","floor":22,"turns":5},{"damage":33,"enemies":"Sentry and Sphere","floor":25,"turns":6},{"damage":17,"enemies":"Centurion and Healer","floor":31,"turns":5},{"damage":39,"enemies":"Champ","floor":33,"turns":5}],"seed_played":"421065885044929754","potions_obtained":[{"floor":1,"key":"Venom Potion"},{"floor":4,"key":"Languid Potion"},{"floor":8,"key":"Slimebound:ThreeZeroPotion"},{"floor":13,"key":"Dexterity Potion"},{"floor":21,"key":"Fruit Juice"},{"floor":25,"key":"champ:CounterPotion"}],"is_trial":false,"path_per_floor":["M","?","M","M","M","E","R","M","T","$","M","M","M","M","R_BF","B",null,"M","?","M","M","M","R","$","M","T","?","R","?","$","M","R_BF","B"],"character_chosen":"THE_SILENT","items_purchased":["Tingsha","Guide Book","ReplayTheSpireMod:ShopPack","Reflex+1","Underhanded Strike","ReplayTheSpireMod:CursedCoin","Lantern","Fluid Movement","Poison Darts","Acrobatics"],"campfire_rested":3,"item_purchase_floors":[0,0,10,10,10,24,24,24,24,30],"current_hp_per_floor":[63,51,51,51,49,35,56,56,56,56,46,46,46,46,67,57,70,51,51,34,14,12,34,34,1,1,1,23,23,23,6,28,0,0],"gold":95,"neow_bonus":"","is_daily":false,"chose_seed":false,"campfire_upgraded":0,"win_rate":0.0,"timestamp":1612029146,"path_taken":["M","?","M","M","M","E","R","M","T","$","M","M","M","M","R_BF","BOSS","M","?","M","M","M","R","$","M","T","?","R","?","?","M","R_BF","BOSS"],"items_purchased_type":["Relic","Relic","Relic","Card","Card","Relic","Relic","Card","Card","Card"],"build_version":"2020-12-22","purchased_purges":0,"victory":false,"max_hp_per_floor":[70,70,70,70,70,70,70,70,70,70,70,70,70,70,70,70,70,70,70,70,75,75,75,75,75,75,75,75,75,75,75,75,75,75],"card_choices":[{"not_picked":["Calculated Gamble","Skewer"],"picked":"All Out Attack","floor":1},{"not_picked":["Quick Slash","Skewer"],"picked":"PiercingWail","floor":3},{"not_picked":["Dash","ReplayTheSpireMod:The Works"],"picked":"Deadly Poison","floor":4},{"not_picked":["Outmaneuver","ReplayTheSpireMod:Exploit Weakness"],"picked":"Deadly Poison","floor":5},{"not_picked":["Dodge and Roll","ReplayTheSpireMod:Tripwire"],"picked":"Bouncing Flask","floor":6},{"not_picked":["Blade Dance","Dagger Throw"],"picked":"Poisoned Stab","floor":8},{"not_picked":["Metamorphosis","The Bomb"],"picked":"Mayhem","floor":10},{"not_picked":["Replay:Sssssssssshield","Enlightenment"],"picked":"Specialist","floor":10},{"not_picked":["Good Instincts","Replay:Parry"],"picked":"Jack Of All Trades","floor":10},{"not_picked":["Quick Slash","Cloak And Dagger"],"picked":"Poisoned Stab","floor":11},{"not_picked":["Hidden Blade","Dagger Spray"],"picked":"Endless Agony","floor":12},{"not_picked":["Dagger Spray","Night Terror"],"picked":"Backstab","floor":13},{"not_picked":["ReplayTheSpireMod:Shiv Toss","Cloak And Dagger"],"picked":"PiercingWail","floor":14},{"not_picked":["Malaise","Die Die Die"],"picked":"ReplayTheSpireMod:Necrosis","floor":16},{"not_picked":["Cloak And Dagger","Slice"],"picked":"Deflect","floor":18},{"not_picked":["Eviscerate","Bane"],"picked":"Deadly Poison","floor":20},{"not_picked":["Flechettes","Escape Plan"],"picked":"Blade Dance+1","floor":21},{"not_picked":["Dagger Throw","PiercingWail"],"picked":"All Out Attack+1","floor":22},{"not_picked":["Draining Mist","Dodge and Roll"],"picked":"Tools of the Trade","floor":25},{"not_picked":["Dodge and Roll","Expertise+1"],"picked":"Dagger Throw+1","floor":31}],"player_experience":239961,"relics_obtained":[{"floor":6,"key":"ReplayTheSpireMod:Lightbulb"},{"floor":9,"key":"PreservedInsect"},{"floor":26,"key":"Vajra"},{"floor":27,"key":"Ring of Fangs"},{"floor":27,"key":"Ring of Fury"}],"event_choices":[{"damage_healed":0,"gold_gain":0,"player_choice":"Success","damage_taken":12,"relics_obtained":["Bag of Preparation"],"max_hp_gain":0,"max_hp_loss":0,"event_name":"Scrap Ooze","floor":2,"gold_loss":0},{"damage_healed":0,"gold_gain":0,"player_choice":"Read","damage_taken":0,"max_hp_gain":0,"max_hp_loss":0,"event_name":"The Library","floor":19,"gold_loss":0,"cards_obtained":["Distraction"]},{"damage_healed":0,"gold_gain":99,"player_choice":"Stole From Cult","damage_taken":0,"max_hp_gain":0,"max_hp_loss":0,"event_name":"Nest","floor":29,"gold_loss":0}],"is_beta":false,"boss_relics":[{"not_picked":["Cursed Key","Coffee Dripper"],"picked":"SlaversCollar"}],"items_purged_floors":[],"is_endless":false,"potions_floor_spawned":[1,4,8,12,13,21,25],"killed_by":"Champ","ascension_level":0}}