{"host":"8is2j71l4wmybkoi","time":1612018841,"event":{"mods":["AchievementEnabler","BaseMod","Colored Map","Minty Spire (QoL Compilation)","Rare Cards Sparkle","StSLib","SuperFastMode"],"gold_per_floor":[18,18,34,34,53,53,78,102,129,129,148,163,207,220,220,220,220],"floor_reached":16,"language":"KOR","playtime":472,"items_purged":[],"score":159,"play_id":"f3dcb843-4284-4a5f-9631-3fd1bf9c3abb","local_time":"20210131000041","is_ascension_mode":true,"campfire_choices":[{"data":"Dagger Spray","floor":6,"key":"SMITH"},{"data":"Noxious Fumes","floor":10,"key":"SMITH"},{"floor":15,"key":"REST"}],"circlet_count":0,"master_deck":["AscendersBane","Strike_G","Strike_G","Strike_G","Strike_G","Defend_G","Defend_G","Defend_G","Defend_G","Survivor+1","Neutralize","Deadly Poison","Noxious Fumes+1","Riddle With Holes+1","Dagger Spray+1","Dagger Throw","Tactician","Footwork","Prepared"],"relics":["Ring of the Snake","Golden Idol","Snake Skull","Art of War"],"acts_visited":["Exordium"],"potions_floor_usage":[13,13,14,16],"damage_taken":[{"damage":8,"enemies":"Small Slimes","floor":1,"turns":3},{"damage":0,"enemies":"2 Louse","floor":3,"turns":3},{"damage":1,"enemies":"Jaw Worm","floor":5,"turns":2},{"damage":10,"enemies":"Gremlin Gang","floor":7,"turns":4},{"damage":0,"enemies":"2 Fungi Beasts","floor":8,"turns":2},{"damage":8,"enemies":"3 Louse","floor":11,"turns":3},{"damage":18,"enemies":"Lots of Slimes","floor":12,"turns":3},{"damage":2,"enemies":"Gremlin Nob","floor":13,"turns":3},{"damage":0,"enemies":"Exordium Thugs","floor":14,"turns":5},{"damage":26,"enemies":"The Guardian","floor":16,"turns":8}],"seed_played":"-8868390800132699375","potions_obtained":[{"floor":3,"key":"Weak Potion"},{"floor":7,"key":"Strength Potion"},{"floor":11,"key":"SpeedPotion"},{"floor":13,"key":"Explosive Potion"}],"is_trial":false,"path_per_floor":["M","?","M","?","M","R","M","M","T","R","M","M","E","M","R","B"],"character_chosen":"THE_SILENT","items_purchased":[],"campfire_rested":1,"item_purchase_floors":[],"current_hp_per_floor":[55,55,55,42,41,41,31,31,31,31,23,5,3,3,22,0,0],"gold":220,"neow_bonus":"TRANSFORM_TWO_CARDS","is_daily":false,"chose_seed":false,"campfire_upgraded":2,"win_rate":0.0,"timestamp":1612018841,"path_taken":["M","?","M","?","M","R","M","M","T","R","M","M","E","M","R","BOSS"],"items_purchased_type":[],"build_version":"2020-12-22","purchased_purges":0,"victory":false,"max_hp_per_floor":[70,65,65,65,65,65,65,65,65,65,65,65,65,65,65,65,65],"card_choices":[{"not_picked":["PiercingWail","Dagger Throw"],"picked":"Riddle With Holes","floor":1},{"not_picked":["Slice","Underhanded Strike"],"picked":"Dagger Spray","floor":3},{"not_picked":["Storm of Steel","Poisoned Stab"],"picked":"Dagger Throw","floor":5},{"not_picked":["Finisher","Dodge and Roll","Poisoned Stab"],"picked":"SKIP","floor":7},{"not_picked":["Prepared","Dagger Spray"],"picked":"Tactician","floor":8},{"not_picked":["Infinite Blades","Noxious Fumes"],"picked":"Footwork","floor":11},{"not_picked":["Endless Agony","Deflect"],"picked":"Prepared","floor":12},{"not_picked":["Masterful Stab","Caltrops","Footwork"],"picked":"SKIP","floor":13},{"not_picked":["Outmaneuver","All Out Attack","Choke"],"picked":"SKIP","floor":14}],"player_experience":858364,"relics_obtained":[{"floor":9,"key":"Snake Skull"},{"floor":13,"key":"Art of War"}],"event_choices":[{"damage_healed":0,"gold_gain":0,"player_choice":"Lose Max HP","damage_taken":0,"relics_obtained":["Golden Idol"],"max_hp_gain":0,"max_hp_loss":5,"event_name":"Golden Idol","floor":2,"gold_loss":0},{"damage_healed":0,"gold_gain":0,"player_choice":"Entered Light","damage_taken":13,"max_hp_gain":0,"max_hp_loss":0,"event_name":"Shining Light","floor":4,"gold_loss":0,"cards_upgraded":["Survivor","Riddle With Holes"]}],"is_beta":false,"boss_relics":[],"items_purged_floors":[],"is_endless":false,"potions_floor_spawned":[3,7,11,13],"killed_by":"The Guardian","ascension_level":10}}