{"host":"6p0attdrtjqaih7v","time":1612046216,"event":{"mods":["2.2 Compatiblity","AchievementEnabler","Bard","BaseMod","Better Skull","Better Third Choice","Colored Powertips","Downfall","Hermit","Highlight Path","Key Reminder","Minty Spire (QoL Compilation)","Permanent Neow","Quick Restart","Random Character Button","Relic Stats","Replay The Spire","Robot Space Explorer","StSLib","The Witch"],"gold_per_floor":[110,22,0,13,13,13,163,177,177,209,221,221,34,34,34,106,106,123,173,184,9,28,28,28,41,41,41,72,72,72,72],"floor_reached":30,"language":"ENG","playtime":1051,"items_purged":["Strike_B","Doubt"],"score":492,"play_id":"9feff72f-72b2-4db2-ad2a-efd3c8241cbb","local_time":"20210130173656","is_ascension_mode":true,"campfire_choices":[{"data":"Zap","floor":6,"key":"SMITH"},{"data":"Barrage","floor":12,"key":"SMITH"},{"data":"Capacitor","floor":15,"key":"SMITH"},{"floor":23,"key":"REST"},{"data":"Consume","floor":27,"key":"SMITH"},{"floor":29,"key":"REST"}],"circlet_count":0,"master_deck":["AscendersBane","Strike_B","Strike_B","Defend_B","Defend_B","Defend_B","Zap+1","Dualcast","Rebound","Glacier","Coolheaded","Genetic Algorithm","Barrage+1","Rainbow+1","Capacitor+1","Ball Lightning+1","Electrodynamics","AbeCurse","Rebound+1","Consume+1","Self Repair","Coolheaded","BasicCrystalCard"],"relics":["Cracked Core","Replay:WaspNest","Blue Candle","Abe\u0027s Treasure","CaptainsWheel","Whetstone"],"acts_visited":["Exordium","TheCity"],"potions_floor_usage":[10,16,22,30,30],"damage_taken":[{"damage":3,"enemies":"2 Louse","floor":1,"turns":3},{"damage":3,"enemies":"Small Slimes","floor":4,"turns":4},{"damage":0,"enemies":"Cultist","floor":8,"turns":4},{"damage":8,"enemies":"3 Sentries","floor":10,"turns":11},{"damage":3,"enemies":"2 Fungi Beasts","floor":11,"turns":4},{"damage":30,"enemies":"The Guardian","floor":16,"turns":9},{"damage":8,"enemies":"Chosen","floor":18,"turns":4},{"damage":32,"enemies":"2 Thieves","floor":20,"turns":3},{"damage":14,"enemies":"Chosen and Byrds","floor":22,"turns":5},{"damage":6,"enemies":"Cultist and Chosen","floor":25,"turns":10},{"damage":12,"enemies":"Book of Stabbing","floor":28,"turns":4},{"damage":45,"enemies":"Gremlin Leader","floor":30,"turns":4}],"seed_played":"7843032349290225","potions_obtained":[{"floor":8,"key":"Strength Potion"},{"floor":11,"key":"PowerPotion"},{"floor":16,"key":"FocusPotion"},{"floor":20,"key":"Dexterity Potion"},{"floor":25,"key":"Fire Potion"}],"is_trial":false,"path_per_floor":["M","$","?","M","?","R","?","M","T","E","M","R","$","?","R","B",null,"M","?","M","$","M","R","?","M","T","R","E","R","E"],"character_chosen":"DEFECT","items_purchased":["Glacier","Capacitor","Ball Lightning","Self Repair"],"campfire_rested":2,"item_purchase_floors":[2,13,13,21],"current_hp_per_floor":[43,43,43,40,45,45,45,45,45,37,34,34,34,34,34,4,58,50,50,18,18,11,33,33,34,34,34,22,44,0,0],"gold":72,"neow_bonus":"REMOVE_TWO","is_daily":false,"chose_seed":false,"campfire_upgraded":4,"win_rate":0.0,"timestamp":1612046216,"path_taken":["M","$","?","M","?","R","?","M","T","E","M","R","$","?","R","BOSS","M","?","M","$","M","R","?","M","T","R","E","R","E"],"items_purchased_type":["Card","Card","Card","Card"],"build_version":"2020-12-22","purchased_purges":2,"victory":false,"max_hp_per_floor":[71,71,71,71,76,76,76,76,76,76,76,76,76,76,76,76,76,76,76,76,76,76,76,76,76,76,76,76,76,76,76],"relic_stats":{"counters":[12,65],"Blue Candle":[10],"Whetstone":["Ball Lightning","Rebound"],"obtain_stats":[{"CaptainsWheel":26,"Blue Candle":10,"Replay:WaspNest":9,"Whetstone":28,"Cracked Core":0,"Abe\u0027s Treasure":17},{"CaptainsWheel":10,"Blue Candle":4,"Replay:WaspNest":3,"Whetstone":11,"Cracked Core":0,"Abe\u0027s Treasure":6},{"CaptainsWheel":57,"Blue Candle":22,"Replay:WaspNest":11,"Whetstone":61,"Cracked Core":0,"Abe\u0027s Treasure":35}]},"card_choices":[{"not_picked":["Storm","Hologram"],"picked":"Rebound","floor":1},{"not_picked":["Fusion","Multi-Cast"],"picked":"Coolheaded","floor":4},{"not_picked":["Redo","Loop"],"picked":"Genetic Algorithm","floor":8},{"not_picked":["BootSequence","Steam"],"picked":"Barrage","floor":10},{"not_picked":["Barrage","Glacier"],"picked":"Rainbow","floor":11},{"not_picked":["Reboot","Fission"],"picked":"Electrodynamics","floor":16},{"not_picked":["Recycle","Gash"],"picked":"Rebound","floor":18},{"not_picked":["Melter","Conserve Battery"],"picked":"Consume","floor":20},{"not_picked":["Streamline","Blizzard","Steam"],"picked":"SKIP","floor":22},{"not_picked":["Rebound+1","Reprogram"],"picked":"Coolheaded","floor":25},{"not_picked":["Rebound","Thunder Strike"],"picked":"BasicCrystalCard","floor":28}],"player_experience":975315,"relics_obtained":[{"floor":9,"key":"Replay:WaspNest"},{"floor":10,"key":"Blue Candle"},{"floor":26,"key":"CaptainsWheel"},{"floor":28,"key":"Whetstone"}],"event_choices":[{"damage_healed":0,"gold_gain":0,"player_choice":"Left Gold","damage_taken":0,"max_hp_gain":0,"max_hp_loss":0,"event_name":"World of Goop","floor":3,"gold_loss":22},{"damage_healed":0,"gold_gain":0,"player_choice":"Donut","damage_taken":0,"max_hp_gain":5,"max_hp_loss":0,"event_name":"Big Fish","floor":5,"gold_loss":0},{"damage_healed":0,"gold_gain":150,"player_choice":"AGREE","damage_taken":0,"max_hp_gain":0,"max_hp_loss":0,"event_name":"Liars Game","floor":7,"gold_loss":0,"cards_obtained":["Doubt"]},{"damage_healed":0,"gold_gain":0,"player_choice":"Upgraded","damage_taken":0,"max_hp_gain":0,"max_hp_loss":0,"event_name":"Upgrade Shrine","floor":14,"gold_loss":0,"cards_upgraded":["Rainbow"]},{"damage_healed":0,"gold_gain":50,"player_choice":"Stole From Cult","damage_taken":0,"max_hp_gain":0,"max_hp_loss":0,"event_name":"Nest","floor":19,"gold_loss":0},{"damage_healed":0,"gold_gain":0,"player_choice":"Ignored","damage_taken":0,"max_hp_gain":0,"max_hp_loss":0,"event_name":"Vampires","floor":24,"gold_loss":0}],"is_beta":false,"boss_relics":[{"not_picked":["Snecko Heart","Philosopher\u0027s Stone"],"picked":"Abe\u0027s Treasure"}],"items_purged_floors":[13,21],"is_endless":false,"potions_floor_spawned":[8,11,16,20,25],"killed_by":"Gremlin Leader","ascension_level":20}}