{"host":"cxn6tbf67hppzwy1","time":1612014530,"event":{"mods":["BaseMod","Minty Spire (QoL Compilation)","Waifu the Spire"],"gold_per_floor":[118,118,42,42,42,83,4,35,35,35,35,58,92,116,116,247,247,271,271,43,58,58,98,98,118,188,188,206,156,3,21,21,140,140,161,180,205,33,49,49,88,0,0,69,82,95,45,81,81,81,81,81,31,75,75],"floor_reached":56,"language":"ZHS","playtime":2371,"items_purged":["Strike_G","Strike_G","Strike_G","Strike_G","Strike_G"],"score":1475,"play_id":"8b933b5d-d799-4296-94b1-2df788566b68","local_time":"20210130214850","is_ascension_mode":true,"campfire_choices":[{"data":"Bouncing Flask","floor":10.0,"key":"SMITH"},{"data":"Catalyst","floor":15.0,"key":"SMITH"},{"data":"Adrenaline","floor":24.0,"key":"SMITH"},{"data":"Well Laid Plans","floor":27.0,"key":"SMITH"},{"floor":32,"key":"RECALL"},{"floor":40,"key":"REST"},{"floor":49,"key":"REST"},{"floor":52,"key":"REST"}],"circlet_count":0,"master_deck":["Defend_G","Defend_G","Defend_G","Defend_G","Survivor","Neutralize","Crippling Poison","Bouncing Flask+1","Catalyst+1","Backflip","Well Laid Plans+1","Corpse Explosion","CurseOfTheBell","Backstab+1","Adrenaline+1","Calculated Gamble","Wraith Form v2","Adrenaline","Apotheosis","Tactician","Reflex+1","Escape Plan","Adrenaline","Acrobatics+1","Well Laid Plans+1"],"relics":["Ring of the Snake","NeowsBlessing","Golden Idol","Blood Vial","Bronze Scales","White Beast Statue","Centennial Puzzle","Calling Bell","Oddly Smooth Stone","Molten Egg 2","Incense Burner","Medical Kit","Smiling Mask","Membership Card","Fusion Hammer","Happy Flower","Red Mask","Lantern","Bird Faced Urn","MealTicket","Nunchaku"],"acts_visited":["Exordium","TheCity","TheBeyond","TheEnding"],"potions_floor_usage":[33,41,55],"damage_taken":[{"damage":0.0,"enemies":"2 Louse","floor":1.0,"turns":1.0},{"damage":0.0,"enemies":"3 Sentries","floor":6.0,"turns":1.0},{"damage":0.0,"enemies":"Lagavulin","floor":8.0,"turns":1.0},{"damage":0.0,"enemies":"Cultist","floor":12.0,"turns":2.0},{"damage":21.0,"enemies":"3 Sentries","floor":13.0,"turns":8.0},{"damage":5.0,"enemies":"Small Slimes","floor":14.0,"turns":3.0},{"damage":20.0,"enemies":"The Guardian","floor":16.0,"turns":6.0},{"damage":0.0,"enemies":"3 Byrds","floor":18.0,"turns":3.0},{"damage":3.0,"enemies":"Shell Parasite","floor":21.0,"turns":2.0},{"damage":20.0,"enemies":"Gremlin Leader","floor":23.0,"turns":5.0},{"damage":9.0,"enemies":"Cultist and Chosen","floor":25.0,"turns":4.0},{"damage":0.0,"enemies":"Snake Plant","floor":28.0,"turns":2.0},{"damage":3.0,"enemies":"3 Cultists","floor":31.0,"turns":3.0},{"damage":12,"enemies":"Champ","floor":33,"turns":5},{"damage":8,"enemies":"Orb Walker","floor":35,"turns":3},{"damage":0,"enemies":"3 Darklings","floor":36,"turns":3},{"damage":3,"enemies":"4 Shapes","floor":37,"turns":3},{"damage":6,"enemies":"Jaw Worm Horde","floor":39,"turns":2},{"damage":1,"enemies":"Reptomancer","floor":41,"turns":7},{"damage":1,"enemies":"2 Orb Walkers","floor":44,"turns":2},{"damage":2,"enemies":"Spire Growth","floor":45,"turns":4},{"damage":0,"enemies":"Maw","floor":46,"turns":5},{"damage":0,"enemies":"Giant Head","floor":48,"turns":4},{"damage":21,"enemies":"Awakened One","floor":50,"turns":10},{"damage":0,"enemies":"Shield and Spear","floor":54,"turns":4},{"damage":54,"enemies":"The Heart","floor":55,"turns":5}],"seed_played":"2862046436339912970","potions_obtained":[{"floor":6.0,"key":"AttackPotion"},{"floor":12.0,"key":"Poison Potion"},{"floor":13.0,"key":"Explosive Potion"},{"floor":14.0,"key":"Fire Potion"},{"floor":21.0,"key":"AttackPotion"},{"floor":23.0,"key":"LiquidMemories"},{"floor":25.0,"key":"FearPotion"},{"floor":28.0,"key":"Poison Potion"},{"floor":33,"key":"SpeedPotion"},{"floor":35,"key":"Ancient Potion"},{"floor":36,"key":"DistilledChaos"},{"floor":37,"key":"GamblersBrew"},{"floor":41,"key":"Swift Potion"}],"is_trial":false,"path_per_floor":["M","?","$","?","?","E","$","E","T","R","?","M","E","M","R","B",null,"M","?","$","M","?","E","R","M","T","R","M","$","$","M","R","B",null,"M","M","M","$","M","R","E","?","T","?","M","M","$","E","R","B",null,"R","$","E","B",null],"character_chosen":"THE_SILENT","items_purchased":["Crippling Poison","Catalyst","Medical Kit","Membership Card","Apotheosis","Tactician"],"campfire_rested":3,"item_purchase_floors":[3,7,20,30,38,38],"current_hp_per_floor":[70,70,70,70,53,53,53,55,55,55,55,57,38,35,35,17,70,70,57,57,56,56,38,38,31,31,31,33,33,33,32,32,22,75,67,69,68,68,64,75,74,74,74,74,73,75,75,75,75,56,75,75,75,75,27],"gold":75,"neow_bonus":"THREE_ENEMY_KILL","is_daily":false,"chose_seed":false,"campfire_upgraded":4,"win_rate":0.0,"timestamp":1612014530,"path_taken":["M","?","?","?","?","E","?","E","T","R","?","M","E","M","R","BOSS","M","?","$","M","?","E","R","M","T","R","M","?","$","M","R","BOSS","M","M","M","$","M","R","E","?","T","?","M","M","$","E","R","BOSS","R","$","E","BOSS"],"items_purchased_type":["Card","Card","Relic","Relic","Card","Card"],"build_version":"2020-12-22","purchased_purges":5,"victory":true,"max_hp_per_floor":[70,70,70,70,70,70,70,70,70,70,70,70,70,70,70,70,70,70,75,75,75,75,75,75,75,75,75,75,75,75,75,75,75,75,75,75,75,75,75,75,75,75,75,75,75,75,75,75,75,75,75,75,75,75,75],"card_choices":[{"not_picked":["Underhanded Strike","Deadly Poison","Flying Knee"],"picked":"SKIP","floor":1.0},{"not_picked":["Blur","PiercingWail"],"picked":"Bouncing Flask","floor":6.0},{"not_picked":["Bane","Cloak And Dagger"],"picked":"Backflip","floor":8.0},{"not_picked":["Predator","Quick Slash","Cloak And Dagger"],"picked":"SKIP","floor":12.0},{"not_picked":["Acrobatics","Dagger Throw","PiercingWail"],"picked":"SKIP","floor":13.0},{"not_picked":["Flechettes","Bane"],"picked":"Well Laid Plans","floor":14.0},{"not_picked":["Envenom","A Thousand Cuts"],"picked":"Corpse Explosion","floor":16.0},{"not_picked":["Slice+1","Deadly Poison","Caltrops"],"picked":"SKIP","floor":18.0},{"not_picked":["Deflect","Distraction"],"picked":"Backstab+1","floor":21.0},{"not_picked":["Glass Knife+1","Well Laid Plans"],"picked":"Adrenaline","floor":23.0},{"not_picked":["Blur","Underhanded Strike+1","Cloak And Dagger"],"picked":"SKIP","floor":25.0},{"not_picked":["Reflex","Slice+1","Bullet Time"],"picked":"SKIP","floor":28.0},{"not_picked":["Deadly Poison+1","Blade Dance","Calculated Gamble"],"picked":"SKIP","floor":31.0},{"not_picked":["Deadly Poison+1","Blade Dance"],"picked":"Calculated Gamble","floor":31.0},{"not_picked":["Doppelganger","Night Terror"],"picked":"Wraith Form v2","floor":33},{"not_picked":["Noxious Fumes+1","Backflip","Poisoned Stab+1"],"picked":"SKIP","floor":35},{"not_picked":["Noxious Fumes+1","Backflip","Poisoned Stab+1"],"picked":"SKIP","floor":35},{"not_picked":["Terror","Outmaneuver","Dagger Throw+1"],"picked":"SKIP","floor":36},{"not_picked":["Backflip","Dagger Spray+1"],"picked":"Adrenaline","floor":37},{"not_picked":["Outmaneuver+1","Flying Knee+1","Quick Slash+1"],"picked":"SKIP","floor":39},{"not_picked":["Backflip","Heel Hook+1"],"picked":"Reflex+1","floor":41},{"not_picked":["Prepared","Sucker Punch+1"],"picked":"Escape Plan","floor":44},{"not_picked":["Well Laid Plans+1","Dagger Spray+1"],"picked":"Adrenaline","floor":45},{"not_picked":["Dodge and Roll","Dagger Throw+1"],"picked":"Acrobatics+1","floor":46},{"not_picked":["Dodge and Roll+1","All Out Attack+1","Calculated Gamble+1"],"picked":"SKIP","floor":48},{"not_picked":["Riddle With Holes+1","Cloak And Dagger+1"],"picked":"Well Laid Plans+1","floor":54}],"player_experience":54021,"relics_obtained":[{"floor":6.0,"key":"Blood Vial"},{"floor":8.0,"key":"Bronze Scales"},{"floor":9.0,"key":"White Beast Statue"},{"floor":13.0,"key":"Centennial Puzzle"},{"floor":17.0,"key":"Oddly Smooth Stone"},{"floor":17.0,"key":"Molten Egg 2"},{"floor":17.0,"key":"Incense Burner"},{"floor":23.0,"key":"Smiling Mask"},{"floor":41,"key":"Happy Flower"},{"floor":43,"key":"Lantern"},{"floor":44,"key":"Bird Faced Urn"},{"floor":48,"key":"MealTicket"},{"floor":54,"key":"Nunchaku"}],"event_choices":[{"cards_removed":["Defend_G"],"damage_healed":0.0,"max_hp_gain":0.0,"max_hp_loss":0.0,"gold_gain":0.0,"event_name":"Bonfire Elementals","player_choice":"Offered Basic","floor":2.0,"gold_loss":0.0,"damage_taken":0.0},{"damage_healed":0.0,"max_hp_gain":0.0,"max_hp_loss":0.0,"gold_gain":0.0,"event_name":"Shining Light","player_choice":"Ignored","floor":4.0,"gold_loss":0.0,"damage_taken":0.0},{"damage_healed":0.0,"max_hp_gain":0.0,"max_hp_loss":0.0,"gold_gain":0.0,"event_name":"Golden Idol","player_choice":"Take Damage","floor":5.0,"gold_loss":0.0,"damage_taken":17.0,"relics_obtained":["Golden Idol"]},{"damage_healed":0.0,"max_hp_gain":0.0,"max_hp_loss":0.0,"gold_gain":0.0,"event_name":"Liars Game","player_choice":"Ignored","floor":11.0,"gold_loss":0.0,"damage_taken":0.0},{"damage_healed":0.0,"max_hp_gain":5.0,"max_hp_loss":0.0,"gold_gain":0.0,"event_name":"Forgotten Altar","player_choice":"Shed Blood","floor":19.0,"gold_loss":0.0,"damage_taken":18.0},{"damage_healed":0,"gold_gain":0,"player_choice":"Paid","damage_taken":0,"relics_obtained":["Red Mask"],"max_hp_gain":0,"max_hp_loss":0,"event_name":"Tomb of Lord Red Mask","floor":42,"gold_loss":88},{"damage_healed":0,"gold_gain":0,"player_choice":"Fight","damage_taken":0,"max_hp_gain":0,"max_hp_loss":0,"event_name":"Mysterious Sphere","floor":44,"gold_loss":0}],"is_beta":false,"boss_relics":[{"not_picked":["Busted Crown","HoveringKite"],"picked":"Calling Bell"},{"not_picked":["Sozu","Tiny House"],"picked":"Fusion Hammer"}],"items_purged_floors":[20,29,38,47,53],"is_endless":false,"potions_floor_spawned":[6,12,13,14,16,18,21,23,25,28,31,33,35,36,37,39,41,44,45,46,48,54],"ascension_level":2}}