{"host":"j0rajrfs2q3wozdq","time":1612011902,"event":{"mods":["Arknights The Spire","BaseMod","Colored Powertips","HololiveMod","Koishi","Lobotomy","LobotomyExtend","Minty Spire (QoL Compilation)","Prisma Mod","Quick Restart","Relic Filter Mod","Remilia¡]Á¢¦Ì²ú?¡^","Replay The Spire","Shop Mod","StSLib","The Alterego","WarShipGirlsR/??¤Ö¤kR mod","Yakumo Yukari mod","Youmu¡]»î¾z§¯?¡^"],"gold_per_floor":[115,126,139,139,149,149,149,149,172,187,187,204,233,245,245,347,347,362,382,400,172,188,188,188],"floor_reached":23,"language":"ZHS","playtime":1497,"items_purged":["PrismaMod:MiyuCommonAttack"],"score":247,"play_id":"6b2ec884-fc1f-4a38-971b-e69e8d563348","local_time":"20210130210502","is_ascension_mode":false,"campfire_choices":[{"data":"PrismaMod:MiyuUberAOEAttack","floor":6,"key":"SMITH"},{"data":"PrismaMod:MiyuUncommonDexBuff","floor":11,"key":"SMITH"},{"floor":15,"key":"DIG"}],"circlet_count":0,"master_deck":["PrismaMod:MiyuCommonDefend+1","PrismaMod:MiyuCommonDefend","PrismaMod:MiyuCommonDefend","PrismaMod:MiyuCommonDefend","PrismaMod:MiyuCommonAttack","PrismaMod:MiyuCommonAttack+1","PrismaMod:MiyuCommonAttack","PrismaMod:MiyuCheapChannelAttack+1","PrismaMod:MiyuCheapChannelDefend","Bloodbath","Scorched","Wellcheers","PrismaMod:MiyuCheapAttack1","PrismaMod:MiyuMaid","PrismaMod:MiyuUncommonAttack+1","PrismaMod:MiyuUncommonDexBuff+1","PrismaMod:MiyuOrbIncreasePerm","PrismaMod:MiyuDefenseExplosion","MHz","PrismaMod:MiyuCarnivalDefend","PrismaMod:MiyuUberAOEAttack","PrismaMod:MiyuUberAOEAttack+1"],"relics":["PrismaMod:PrismaSapphireUpgrade","CogitoBucket","Orichalcum","War Paint","ReplayTheSpireMod:Ninjato","MerchantsRug"],"acts_visited":["Exordium","TheCity"],"potions_floor_usage":[16,16,16,19,22,23],"damage_taken":[{"damage":2,"enemies":"Small Slimes","floor":1,"turns":5},{"damage":0,"enemies":"2 Louse","floor":2,"turns":3},{"damage":1,"enemies":"Jaw Worm","floor":3,"turns":2},{"damage":5,"enemies":"Large Slime","floor":5,"turns":6},{"damage":2,"enemies":"Exordium Thugs","floor":10,"turns":3},{"damage":35,"enemies":"Lots of Slimes","floor":12,"turns":6},{"damage":5,"enemies":"3 Sentries","floor":13,"turns":4},{"damage":3,"enemies":"Large Slime","floor":14,"turns":4},{"damage":0,"enemies":"Fading Forest","floor":16,"turns":11},{"damage":0,"enemies":"Chosen","floor":18,"turns":4},{"damage":40,"enemies":"Shell Parasite","floor":19,"turns":7},{"damage":7,"enemies":"Centurion and Healer","floor":20,"turns":7},{"damage":25,"enemies":"Shelled Parasite and Fungi","floor":22,"turns":5},{"damage":21,"enemies":"Gremlin Leader","floor":23,"turns":5}],"seed_played":"-1099594787168604708","potions_obtained":[{"floor":1,"key":"PowerPotion"},{"floor":2,"key":"Energy Potion"},{"floor":13,"key":"Reflective Coating"},{"floor":14,"key":"CultistPotion"},{"floor":16,"key":"Flashbang"},{"floor":18,"key":"PowerPotion"},{"floor":22,"key":"Weak Potion"}],"is_trial":false,"path_per_floor":["M","M","M","?","M","R","?","?","T","M","R","M","E","M","R","B",null,"M","M","M","$","M","E"],"character_chosen":"MIYU","items_purchased":["MerchantsRug"],"campfire_rested":0,"item_purchase_floors":[21],"current_hp_per_floor":[73,74,74,74,73,73,73,58,58,60,60,28,27,25,25,41,75,75,42,37,37,19,0,0],"gold":188,"neow_bonus":"","is_daily":false,"chose_seed":false,"campfire_upgraded":2,"win_rate":0.0,"timestamp":1612011902,"path_taken":["M","M","M","?","M","R","?","?","T","M","R","M","E","M","R","BOSS","M","M","M","$","M","E"],"items_purchased_type":["Relic"],"build_version":"2020-12-22","purchased_purges":1,"victory":false,"max_hp_per_floor":[75,75,75,75,75,75,75,75,75,75,75,75,75,75,75,75,75,75,75,75,75,75,75,75],"card_choices":[{"not_picked":["CrumblingArmor","BeautyBeast"],"picked":"Bloodbath","floor":1},{"not_picked":["PrismaMod:MiyuCheapAttack1","PrismaMod:MiyuUberAttack"],"picked":"PrismaMod:MiyuUberAOEAttack","floor":1},{"not_picked":["PunishingBird","Scarecrow"],"picked":"Scorched","floor":2},{"not_picked":["PrismaMod:MiyuCheapChannelVul","PrismaMod:MiyuUberAttack","PrismaMod:MiyuAttackChannelAttack"],"picked":"SKIP","floor":2},{"not_picked":["PrismaMod:MiyuCheapChannelVul","PrismaMod:MiyuUberAttack","PrismaMod:MiyuAttackChannelAttack"],"picked":"SKIP","floor":2},{"not_picked":["WallGazer","UniverseFragment"],"picked":"Wellcheers","floor":3},{"not_picked":["PrismaMod:MiyuUncommonPlate","PrismaMod:MiyuDefenseExplosion"],"picked":"PrismaMod:MiyuCheapAttack1","floor":3},{"not_picked":["FairyFestival","QueenOfHatred","CrumblingArmor"],"picked":"Singing Bowl","floor":5},{"not_picked":["PrismaMod:MiyuDefenseRemoval","PrismaMod:MiyuAttackChannelAttack"],"picked":"PrismaMod:MiyuMaid","floor":5},{"not_picked":["FairyFestival","Murderer","BlackSwan"],"picked":"Singing Bowl","floor":10},{"not_picked":["PrismaMod:MiyuMaid","PrismaMod:MiyuCheapEvoke"],"picked":"PrismaMod:MiyuUncommonDexBuff","floor":10},{"not_picked":["VoidDream","OSAHOGD","QueenOfHatred"],"picked":"Singing Bowl","floor":12},{"not_picked":["PrismaMod:MiyuDefenseAbsorbMinor","PrismaMod:MiyuAttackChannelAttack","PrismaMod:MiyuCheapChannelAttack"],"picked":"SKIP","floor":12},{"not_picked":["WallGazer","QueenOfHatred","CrumblingArmor"],"picked":"Singing Bowl","floor":13},{"not_picked":["PrismaMod:MiyuUncommonAOEAttack","PrismaMod:MiyuCheapPlate"],"picked":"PrismaMod:MiyuOrbIncreasePerm","floor":13},{"not_picked":["OSAHOGD","PunishingBird","OldLady"],"picked":"Singing Bowl","floor":14},{"not_picked":["PrismaMod:MiyuUncommonPlate","PrismaMod:MiyuCheapChannelVul"],"picked":"PrismaMod:MiyuDefenseExplosion","floor":14},{"not_picked":["BeautyBeast","CherryBlossoms"],"picked":"MHz","floor":16},{"not_picked":["PrismaMod:MiyuEvokeAllDefend","PrismaMod:MiyuChannelDefendEvoke"],"picked":"PrismaMod:MiyuCarnivalDefend","floor":16},{"not_picked":["FieryBird","Laetitia","FairyFestival"],"picked":"Singing Bowl","floor":18},{"not_picked":["PrismaMod:MiyuDefenseExplosion","PrismaMod:MiyuCarnivalAttack"],"picked":"PrismaMod:MiyuUberAOEAttack","floor":18},{"not_picked":["OSAHOGD","GalaxyChild","RedShoes"],"picked":"Singing Bowl","floor":19},{"not_picked":["PrismaMod:MiyuAttackChannelVul","PrismaMod:MiyuCheapChannelWeak","PrismaMod:MiyuCommonAOEAttack"],"picked":"SKIP","floor":19},{"not_picked":["UniverseFragment","QueenOfHatred","Yin"],"picked":"Singing Bowl","floor":20},{"not_picked":["PrismaMod:MiyuUberAttack","PrismaMod:MiyuEvokeCheapDefend","PrismaMod:MiyuDevil"],"picked":"SKIP","floor":20},{"not_picked":["CrumblingArmor","UniverseFragment","BeautyBeast"],"picked":"Singing Bowl","floor":22},{"not_picked":["PrismaMod:MiyuUberAttack","PrismaMod:MiyuEvokeBuffDex"],"picked":"PrismaMod:MiyuUberAOEAttack+1","floor":22}],"player_experience":51606,"relics_obtained":[{"floor":9,"key":"Orichalcum"},{"floor":13,"key":"War Paint"},{"floor":15,"key":"ReplayTheSpireMod:Ninjato"}],"event_choices":[{"damage_healed":0,"gold_gain":0,"player_choice":"Entered Light","damage_taken":15,"max_hp_gain":0,"max_hp_loss":0,"event_name":"Shining Light","floor":8,"gold_loss":0,"cards_upgraded":["PrismaMod:MiyuCommonAttack","PrismaMod:MiyuCommonAttack"]}],"is_beta":false,"boss_relics":[{"not_picked":["Hololive_ChaosS","Abe\u0027s Treasure"],"picked":"PrismaMod:PrismaSapphireUpgrade"}],"items_purged_floors":[21],"is_endless":false,"potions_floor_spawned":[1,2,13,14,16,18,22],"killed_by":"Gremlin Leader","ascension_level":0}}