{"host":"6gnv7me3tk2udb7q","time":1612050059,"event":{"mods":["BaseMod","Bestiary","Colored Map","Minty Spire (QoL Compilation)"],"gold_per_floor":[111,127,140,152,167,167,198,212,239,272,347,522,40,58,58,154,154,170,180,180,197,210,210,210],"floor_reached":23,"language":"ENG","playtime":2217,"items_purged":["Doubt"],"score":311,"play_id":"0e36227b-e15e-4db3-906e-040834199561","local_time":"20210130184059","is_ascension_mode":true,"campfire_choices":[{"data":"Neutralize","floor":6,"key":"SMITH"},{"floor":15,"key":"REST"}],"circlet_count":0,"master_deck":["AscendersBane","Strike_G+1","Strike_G+1","Strike_G+1","Strike_G+1","Strike_G+1","Defend_G+1","Defend_G+1","Defend_G+1","Defend_G+1","Defend_G+1","Survivor","Neutralize+1","PiercingWail","Dagger Throw","Endless Agony","Dash","Underhanded Strike","Finisher","Unload","Deadly Poison","Footwork","Dodge and Roll","Prepared","Terror","Die Die Die","Dagger Throw+1","Blur","Footwork"],"relics":["Philosopher\u0027s Stone","Potion Belt","Anchor","InkBottle","StrikeDummy","Velvet Choker"],"acts_visited":["Exordium","TheCity"],"potions_floor_usage":[7,8,8,10,10,16,23,23,23],"damage_taken":[{"damage":0,"enemies":"Cultist","floor":1,"turns":5},{"damage":0,"enemies":"Small Slimes","floor":2,"turns":4},{"damage":0,"enemies":"2 Louse","floor":3,"turns":3},{"damage":4,"enemies":"Looter","floor":4,"turns":4},{"damage":4,"enemies":"Exordium Wildlife","floor":5,"turns":6},{"damage":11,"enemies":"Lagavulin","floor":7,"turns":6},{"damage":2,"enemies":"Blue Slaver","floor":8,"turns":4},{"damage":14,"enemies":"Gremlin Nob","floor":10,"turns":4},{"damage":9,"enemies":"Exordium Thugs","floor":14,"turns":5},{"damage":5,"enemies":"Hexaghost","floor":16,"turns":8},{"damage":11,"enemies":"Spheric Guardian","floor":18,"turns":4},{"damage":18,"enemies":"3 Byrds","floor":19,"turns":5},{"damage":0,"enemies":"Centurion and Healer","floor":21,"turns":4},{"damage":10,"enemies":"Chosen and Byrds","floor":22,"turns":6},{"damage":23,"enemies":"Book of Stabbing","floor":23,"turns":5}],"seed_played":"5036414891478480685","potions_obtained":[{"floor":2,"key":"Dexterity Potion"},{"floor":4,"key":"Strength Potion"},{"floor":7,"key":"EntropicBrew"},{"floor":19,"key":"Explosive Potion"},{"floor":21,"key":"Dexterity Potion"}],"is_trial":false,"path_per_floor":["M","M","M","M","M","R","E","M","T","E","?","?","$","M","R","B",null,"M","M","?","M","M","E"],"character_chosen":"THE_SILENT","items_purchased":["StrikeDummy","Footwork","Dodge and Roll","Prepared"],"campfire_rested":1,"item_purchase_floors":[13,13,13,13],"current_hp_per_floor":[63,63,63,59,55,55,44,42,42,28,17,17,17,8,29,24,59,48,30,30,30,20,0,0],"gold":210,"neow_bonus":"BOSS_RELIC","is_daily":false,"chose_seed":false,"campfire_upgraded":1,"win_rate":0.0,"timestamp":1612050059,"path_taken":["M","M","?","M","M","R","E","?","T","E","?","?","$","M","R","BOSS","M","M","?","M","M","E"],"items_purchased_type":["Relic","Card","Card","Card"],"build_version":"2020-12-22","purchased_purges":1,"victory":false,"max_hp_per_floor":[70,70,70,70,70,70,70,70,70,70,70,70,70,70,70,70,70,70,70,70,70,70,70,70],"card_choices":[{"not_picked":["Dodge and Roll","Catalyst"],"picked":"PiercingWail","floor":1},{"not_picked":["Caltrops","Noxious Fumes"],"picked":"Dagger Throw","floor":2},{"not_picked":["Dodge and Roll","Acrobatics"],"picked":"Endless Agony","floor":3},{"not_picked":["Outmaneuver","Slice"],"picked":"Dash","floor":4},{"not_picked":["Slice","Prepared"],"picked":"Underhanded Strike","floor":5},{"not_picked":["Backstab","Dagger Spray"],"picked":"Finisher","floor":7},{"not_picked":["Sucker Punch","Bane"],"picked":"Unload","floor":8},{"not_picked":["Outmaneuver","Storm of Steel"],"picked":"Deadly Poison","floor":10},{"not_picked":["Outmaneuver","Prepared"],"picked":"Terror","floor":14},{"not_picked":["Storm of Steel","Envenom"],"picked":"Die Die Die","floor":16},{"not_picked":["PiercingWail","Heel Hook"],"picked":"Dagger Throw+1","floor":18},{"not_picked":["Poisoned Stab","Heel Hook"],"picked":"Blur","floor":19},{"not_picked":["Outmaneuver","Acrobatics"],"picked":"Footwork","floor":21},{"not_picked":["Underhanded Strike+1","Deadly Poison","Bane"],"picked":"SKIP","floor":22}],"player_experience":691641,"relics_obtained":[{"floor":7,"key":"Potion Belt"},{"floor":9,"key":"Anchor"},{"floor":10,"key":"InkBottle"}],"event_choices":[{"damage_healed":0,"gold_gain":75,"player_choice":"Gather Gold","damage_taken":11,"max_hp_gain":0,"max_hp_loss":0,"event_name":"World of Goop","floor":11,"gold_loss":0},{"damage_healed":0,"gold_gain":175,"player_choice":"AGREE","damage_taken":0,"max_hp_gain":0,"max_hp_loss":0,"event_name":"Liars Game","floor":12,"gold_loss":0,"cards_obtained":["Doubt"]},{"damage_healed":0,"gold_gain":0,"player_choice":"Simplicity","damage_taken":0,"max_hp_gain":0,"max_hp_loss":0,"event_name":"Back to Basics","floor":20,"gold_loss":0,"cards_upgraded":["Strike_G","Strike_G","Strike_G","Strike_G","Strike_G","Defend_G","Defend_G","Defend_G","Defend_G","Defend_G"]}],"is_beta":false,"boss_relics":[{"not_picked":["Fusion Hammer","Ectoplasm"],"picked":"Velvet Choker"}],"items_purged_floors":[13],"is_endless":false,"potions_floor_spawned":[2,4,7,19,21],"killed_by":"Book of Stabbing","ascension_level":10}}