{"host":"dn6kke80v5f7isus","time":1612035310,"event":{"mods":["AchievementEnabler","Act Like it!","BaseMod","Colored Powertips","Custom Start","Defuse TimeMaze Blight","Gremlin Skip","Highlight Path","Hubris","Infinite Spire","Marisa????????","Minty Spire (QoL Compilation)","Rare Cards Sparkle","Replay The Spire","StSLib","The Servant 0.9.4","Uncapped","Unceasing Turn Reminder"],"gold_per_floor":[119,134,134,134,150,282,305,305,305],"floor_reached":8,"language":"ENG","playtime":94,"items_purged":[],"score":59,"play_id":"b1e4f88a-d461-42d6-b9c8-58a24cf1f69a","local_time":"20210130143510","is_ascension_mode":true,"campfire_choices":[],"circlet_count":0,"master_deck":["Strike_MRS","Strike_MRS+1","Strike_MRS","Strike_MRS+1","Defend_MRS","Defend_MRS","Defend_MRS","Defend_MRS","MasterSpark","UpSweep","ShootingEcho+1","WitchLeyline","PropBag","WitchLeyline"],"relics":["MiniHakkero","NeowsBlessing","hubris:Icosahedron","Toy Ornithopter","Whetstone"],"acts_visited":["Exordium"],"potions_floor_usage":[],"damage_taken":[{"damage":0.0,"enemies":"Jaw Worm","floor":1.0,"turns":1.0},{"damage":0.0,"enemies":"Small Slimes","floor":2.0,"turns":1.0},{"damage":0.0,"enemies":"Cultist","floor":5.0,"turns":1.0},{"damage":18,"enemies":"Gremlin Nob","floor":6,"turns":3},{"damage":0,"enemies":"3 Sentries","floor":8,"turns":1}],"seed_played":"2249236585183138607","potions_obtained":[{"floor":1.0,"key":"Venom Potion"},{"floor":5.0,"key":"Venom Potion"}],"is_trial":false,"path_per_floor":["M","M","?","?","M","E","T","E"],"character_chosen":"MARISA","items_purchased":[],"campfire_rested":0,"item_purchase_floors":[],"current_hp_per_floor":[75,75,75,75,75,57,57,57,57],"gold":305,"neow_bonus":"THREE_ENEMY_KILL","is_daily":false,"chose_seed":false,"campfire_upgraded":0,"win_rate":0.0,"timestamp":1612035310,"path_taken":["M","M","?","?","?","E","?","E"],"items_purchased_type":[],"build_version":"2020-12-22","purchased_purges":0,"victory":false,"max_hp_per_floor":[75,75,75,75,75,75,75,75,75],"card_choices":[{"not_picked":["SporeBomb","DoubleSpark"],"picked":"ShootingEcho","floor":1.0},{"not_picked":["Acceleration","WitchOfGreed"],"picked":"WitchLeyline","floor":2.0},{"not_picked":["Acceleration","EnergyRecoil"],"picked":"PropBag","floor":5.0},{"not_picked":["AsteroidBelt","ManaRampage"],"picked":"WitchLeyline","floor":6}],"player_experience":405777,"relics_obtained":[{"floor":6,"key":"Toy Ornithopter"},{"floor":7,"key":"Whetstone"}],"event_choices":[{"damage_healed":0.0,"max_hp_gain":0.0,"max_hp_loss":0.0,"gold_gain":0.0,"event_name":"Accursed Blacksmith","player_choice":"Forge","floor":4.0,"gold_loss":0.0,"damage_taken":0.0,"cards_upgraded":["ShootingEcho"]}],"is_beta":false,"boss_relics":[],"items_purged_floors":[],"is_endless":false,"potions_floor_spawned":[1,5],"killed_by":"3 Sentries","ascension_level":1}}