{"host":"4pckc3u5mqcilakq","time":1612021538,"event":{"mods":["AchievementEnabler","BaseMod","Colored Map","Colored Powertips","Highlight Path","Minty Spire (QoL Compilation)"],"gold_per_floor":[115,132,132,148,165,199,199,239,239,277,297,55,76,95,95,209,209,250,306,306,364,39,39,64,92,92,142,185,221,221,244,244,378,441,491,518,86,135,150,208,260,323,414,426,180,189,244,308,308,308,308,308,4,35,35,35],"floor_reached":55,"language":"ENG","playtime":5539,"items_purged":["Strike_P","SpiritShield","Bandage Up","Conclude"],"score":1183,"play_id":"a8b41d1d-a82e-477c-8c60-c5efb2d96a6d","local_time":"20210130184538","is_ascension_mode":true,"campfire_choices":[{"data":"Eruption","floor":7.0,"key":"SMITH"},{"data":"CutThroughFate","floor":15.0,"key":"SMITH"},{"data":"ForeignInfluence","floor":23.0,"key":"SMITH"},{"data":"LikeWater","floor":30.0,"key":"SMITH"},{"data":"Wish","floor":32.0,"key":"SMITH"},{"data":"Panacea","floor":44.0,"key":"SMITH"},{"floor":49.0,"key":"RECALL"},{"data":"Blasphemy","floor":52.0,"key":"SMITH"}],"circlet_count":0,"master_deck":["Eruption+1","Vigilance","Perseverance","WheelKick","EmptyFist","CrushJoints+1","CutThroughFate+1","CarveReality","LikeWater+1","ClearTheMind","Wish+1","ReachHeaven+1","ForeignInfluence+1","Protect+1","Wallop+1","EmptyBody+1","Blasphemy+1","Wallop","ClearTheMind+1","Wallop","Conclude","DeceiveReality","FearNoEvil","Crescendo","Panacea+1","Panache","FlyingSleeves+1","Parasite","Discovery","FlyingSleeves+1"],"relics":["Velvet Choker","WarpedTongs","CeramicFish","HornCleat","Blue Candle","StrikeDummy","Meat on the Bone","Coffee Dripper","Singing Bowl","Matryoshka","Potion Belt","Orichalcum","Thread and Needle","Happy Flower","Pandora\u0027s Box","Membership Card","Whetstone","Ancient Tea Set","White Beast Statue","MawBank","Bottled Lightning","Lee\u0027s Waffle","War Paint","Bag of Marbles","TeardropLocket","HandDrill","Akabeko"],"acts_visited":["Exordium","TheCity","TheBeyond","TheEnding"],"potions_floor_usage":[54,55,55,55],"damage_taken":[{"damage":6.0,"enemies":"2 Louse","floor":1.0,"turns":2.0},{"damage":0.0,"enemies":"Cultist","floor":2.0,"turns":3.0},{"damage":11.0,"enemies":"Jaw Worm","floor":4.0,"turns":2.0},{"damage":3.0,"enemies":"Red Slaver","floor":5.0,"turns":2.0},{"damage":3.0,"enemies":"3 Sentries","floor":6.0,"turns":4.0},{"damage":13.0,"enemies":"Lagavulin","floor":8.0,"turns":6.0},{"damage":1.0,"enemies":"Gremlin Nob","floor":10.0,"turns":3.0},{"damage":1.0,"enemies":"Looter","floor":11.0,"turns":2.0},{"damage":0.0,"enemies":"Large Slime","floor":13.0,"turns":1.0},{"damage":0.0,"enemies":"3 Louse","floor":14.0,"turns":2.0},{"damage":10.0,"enemies":"The Guardian","floor":16.0,"turns":9.0},{"damage":4.0,"enemies":"2 Thieves","floor":18.0,"turns":3.0},{"damage":0.0,"enemies":"Spheric Guardian","floor":19.0,"turns":3.0},{"damage":18.0,"enemies":"Snake Plant","floor":21.0,"turns":6.0},{"damage":9.0,"enemies":"Book of Stabbing","floor":24.0,"turns":5.0},{"damage":0.0,"enemies":"Centurion and Healer","floor":25.0,"turns":3.0},{"damage":7.0,"enemies":"Slavers","floor":27.0,"turns":6.0},{"damage":2.0,"enemies":"Snecko","floor":28.0,"turns":5.0},{"damage":0.0,"enemies":"Book of Stabbing","floor":29.0,"turns":5.0},{"damage":8.0,"enemies":"Snake Plant","floor":31.0,"turns":3.0},{"damage":35.0,"enemies":"Collector","floor":33.0,"turns":9.0},{"damage":0.0,"enemies":"3 Darklings","floor":35.0,"turns":3.0},{"damage":0.0,"enemies":"Orb Walker","floor":38.0,"turns":4.0},{"damage":18.0,"enemies":"Transient","floor":39.0,"turns":5.0},{"damage":38.0,"enemies":"Giant Head","floor":40.0,"turns":8.0},{"damage":0.0,"enemies":"Writhing Mass","floor":41.0,"turns":5.0},{"damage":2.0,"enemies":"Reptomancer","floor":42.0,"turns":4.0},{"damage":20.0,"enemies":"3 Darklings","floor":47.0,"turns":5.0},{"damage":21.0,"enemies":"Nemesis","floor":48.0,"turns":5.0},{"damage":23.0,"enemies":"Donu and Deca","floor":50.0,"turns":6.0},{"damage":57,"enemies":"Shield and Spear","floor":54,"turns":7},{"damage":39,"enemies":"The Heart","floor":55,"turns":5}],"seed_played":"952163787515727407","potions_obtained":[{"floor":4.0,"key":"BottledMiracle"},{"floor":5.0,"key":"LiquidMemories"},{"floor":10.0,"key":"BlessingOfTheForge"},{"floor":14.0,"key":"PowerPotion"},{"floor":29.0,"key":"Strength Potion"},{"floor":33.0,"key":"PowerPotion"},{"floor":35.0,"key":"Block Potion"},{"floor":39.0,"key":"Dexterity Potion"},{"floor":40.0,"key":"LiquidBronze"},{"floor":41.0,"key":"AttackPotion"},{"floor":42.0,"key":"SmokeBomb"},{"floor":47.0,"key":"LiquidMemories"},{"floor":48.0,"key":"AttackPotion"},{"floor":54,"key":"DistilledChaos"}],"is_trial":false,"path_per_floor":["M","M","?","M","M","E","R","E","T","E","M","$","M","M","R","B",null,"M","M","?","M","$","R","E","M","T","E","M","E","R","M","R","B",null,"M","?","$","M","M","E","M","E","T","R","$","?","M","E","R","B",null,"R","$","E","B"],"character_chosen":"WATCHER","items_purchased":["Meat on the Bone","Singing Bowl","Membership Card","Whetstone","Panache","Ancient Tea Set","Lee\u0027s Waffle","War Paint","Ambrosia","TeardropLocket","HandDrill","Fire Potion"],"campfire_rested":0,"item_purchase_floors":[12,22,37,37,37,37,45,45,45,53,53,53],"current_hp_per_floor":[66,66,66,55,52,49,49,36,36,35,34,34,46,46,46,48,66,62,62,62,44,44,44,49,49,49,44,44,44,44,48,48,25,65,65,55,55,59,51,37,47,51,51,51,93,93,73,54,54,43,82,82,82,39,0,0],"gold":35,"neow_bonus":"BOSS_RELIC","is_daily":false,"chose_seed":false,"campfire_upgraded":7,"win_rate":0.0,"timestamp":1612021538,"path_taken":["M","M","?","M","M","E","R","E","T","E","M","$","M","M","R","BOSS","M","?","?","M","$","R","E","M","T","E","M","E","R","M","R","BOSS","M","?","$","M","M","E","M","E","T","R","$","?","M","E","R","BOSS","R","$","E","BOSS"],"items_purchased_type":["Relic","Relic","Relic","Relic","Card","Relic","Relic","Relic","Potion","Relic","Relic","Potion"],"build_version":"2020-12-22","purchased_purges":4,"victory":false,"max_hp_per_floor":[72,72,72,72,72,72,72,72,72,72,72,72,72,72,72,72,72,72,72,72,72,72,72,74,74,74,76,78,78,78,78,78,78,78,78,78,78,78,80,82,84,86,86,86,93,93,93,95,95,95,95,95,95,97,97,97],"card_choices":[{"not_picked":["JustLucky","EmptyMind"],"picked":"Perseverance","floor":1.0},{"not_picked":["JustLucky","WaveOfTheHand"],"picked":"WheelKick","floor":2.0},{"not_picked":["ClearTheMind","EmptyBody"],"picked":"Conclude","floor":4.0},{"not_picked":["Protect","ClearTheMind"],"picked":"EmptyFist","floor":5.0},{"not_picked":["Alpha","ClearTheMind"],"picked":"CrushJoints","floor":6.0},{"not_picked":["WreathOfFlame","DeusExMachina"],"picked":"CutThroughFate","floor":8.0},{"not_picked":["InnerPeace","ClearTheMind"],"picked":"CarveReality","floor":10.0},{"not_picked":["JustLucky","Prostrate","PathToVictory"],"picked":"SKIP","floor":11.0},{"not_picked":["Prostrate","JustLucky"],"picked":"LikeWater","floor":13.0},{"not_picked":["EmptyFist","Protect"],"picked":"ClearTheMind","floor":14.0},{"not_picked":["Alpha","SpiritShield"],"picked":"Wish","floor":16.0},{"not_picked":["Protect","EmptyFist","InnerPeace"],"picked":"SKIP","floor":18.0},{"not_picked":["Adaptation","EmptyFist"],"picked":"ReachHeaven","floor":19.0},{"not_picked":["EmptyMind","FlurryOfBlows"],"picked":"ForeignInfluence","floor":21.0},{"not_picked":["Sanctity","Fasting2","JustLucky"],"picked":"Singing Bowl","floor":24.0},{"not_picked":["SashWhip","ClearTheMind"],"picked":"Protect","floor":25.0},{"not_picked":["Consecrate","EmptyBody","SpiritShield"],"picked":"Singing Bowl","floor":27.0},{"not_picked":["SashWhip","CrushJoints","Collect+1"],"picked":"Singing Bowl","floor":28.0},{"not_picked":["BowlingBash+1","ClearTheMind"],"picked":"Wallop+1","floor":29.0},{"not_picked":["Vengeance","ClearTheMind"],"picked":"EmptyBody+1","floor":31.0},{"not_picked":["DeusExMachina","Brilliance"],"picked":"Blasphemy","floor":33.0},{"not_picked":["WindmillStrike+1","ThirdEye"],"picked":"Crescendo","floor":35.0},{"not_picked":["Panacea","Forethought"],"picked":"Bandage Up","floor":36.0},{"not_picked":["Good Instincts","Blind"],"picked":"Bandage Up","floor":36.0},{"not_picked":["Thinking Ahead","Impatience"],"picked":"Panacea","floor":36.0},{"not_picked":["FlurryOfBlows+1","CrushJoints+1"],"picked":"FlyingSleeves+1","floor":38.0},{"not_picked":["PathToVictory+1","Evaluate","CarveReality"],"picked":"Singing Bowl","floor":39.0},{"not_picked":["Wallop","SignatureMove","CarveReality"],"picked":"Singing Bowl","floor":40.0},{"not_picked":["PathToVictory+1","Evaluate","Consecrate+1"],"picked":"Singing Bowl","floor":41.0},{"not_picked":["MentalFortress","Evaluate","Halt"],"picked":"Singing Bowl","floor":42.0},{"not_picked":["FollowUp","MasterReality"],"picked":"FlyingSleeves+1","floor":47.0},{"not_picked":["CarveReality","EmptyMind","Protect"],"picked":"Singing Bowl","floor":48.0},{"not_picked":["EmptyBody+1","Establishment","EmptyFist+1"],"picked":"Singing Bowl","floor":54}],"player_experience":217093,"relics_obtained":[{"floor":6.0,"key":"CeramicFish"},{"floor":8.0,"key":"HornCleat"},{"floor":9.0,"key":"Blue Candle"},{"floor":10.0,"key":"StrikeDummy"},{"floor":24.0,"key":"Matryoshka"},{"floor":26.0,"key":"Potion Belt"},{"floor":26.0,"key":"Orichalcum"},{"floor":27.0,"key":"Thread and Needle"},{"floor":29.0,"key":"Happy Flower"},{"floor":40.0,"key":"White Beast Statue"},{"floor":42.0,"key":"MawBank"},{"floor":43.0,"key":"Bottled Lightning"},{"floor":48.0,"key":"Bag of Marbles"},{"floor":54,"key":"Akabeko"}],"event_choices":[{"damage_healed":0.0,"max_hp_gain":0.0,"max_hp_loss":0.0,"gold_gain":0.0,"event_name":"Accursed Blacksmith","player_choice":"Rummage","floor":3.0,"gold_loss":0.0,"damage_taken":0.0,"relics_obtained":["WarpedTongs"],"cards_obtained":["Pain"]},{"cards_removed":["Pain"],"damage_healed":0.0,"max_hp_gain":0.0,"max_hp_loss":0.0,"gold_gain":0.0,"event_name":"Purifier","player_choice":"Purged","floor":20.0,"gold_loss":0.0,"damage_taken":0.0},{"damage_healed":0.0,"max_hp_gain":0.0,"max_hp_loss":0.0,"gold_gain":0.0,"event_name":"SensoryStone","player_choice":"Memory 3","floor":36.0,"gold_loss":0.0,"damage_taken":10.0},{"damage_healed":0.0,"max_hp_gain":0.0,"max_hp_loss":0.0,"gold_gain":0.0,"cards_transformed":["Bandage Up"],"event_name":"Transmorgrifier","player_choice":"Transformed","floor":46.0,"gold_loss":0.0,"damage_taken":0.0,"cards_obtained":["Discovery"]}],"is_beta":false,"boss_relics":[{"not_picked":["Snecko Eye","Busted Crown"],"picked":"Coffee Dripper"},{"not_picked":["Black Star","Astrolabe"],"picked":"Pandora\u0027s Box"}],"items_purged_floors":[22,37,45,53],"is_endless":false,"potions_floor_spawned":[4,5,10,14,21,24,29,33,35,39,40,41,42,47,48,54],"killed_by":"The Heart","ascension_level":5}}