{"host":"6kyqgln1ip325a4v","time":1612043792,"event":{"mods":["BaseMod","Minty Spire (QoL Compilation)"],"gold_per_floor":[117,292,302,313,332,367,367,393,393,404,430,430,440,456,456,560,560,560,560,560,560,196,196,196,196],"floor_reached":24,"language":"ENG","playtime":1049,"items_purged":["Doubt"],"score":294,"play_id":"00e59851-012c-456d-a6eb-370202741447","local_time":"20210130165632","is_ascension_mode":true,"campfire_choices":[{"data":"Calculated Gamble","floor":7,"key":"SMITH"},{"floor":12,"key":"REST"},{"floor":15,"key":"REST"}],"circlet_count":0,"master_deck":["Survivor","Neutralize","Venomology","Slice","Calculated Gamble+1","Dodge and Roll","Well Laid Plans","Unload","Dagger Throw","A Thousand Cuts","Expertise","Slice","Prepared","Deflect","Poisoned Stab","Die Die Die","Terror","Glass Knife","Dash","Flying Knee","Storm of Steel","Backstab","Outmaneuver+1","RitualDagger","Finisher+1","Skewer","Dagger Spray"],"relics":["Pandora\u0027s Box","Omamori","Happy Flower","Darkstone Periapt","Odd Mushroom","Ectoplasm","Toxic Egg 2","Girya"],"acts_visited":["Exordium","TheCity"],"potions_floor_usage":[4,6,6,6,8,10,10,14,19,21,23,24],"damage_taken":[{"damage":2,"enemies":"Small Slimes","floor":1,"turns":3},{"damage":5,"enemies":"2 Louse","floor":3,"turns":2},{"damage":4,"enemies":"Jaw Worm","floor":4,"turns":2},{"damage":7,"enemies":"3 Louse","floor":5,"turns":2},{"damage":20,"enemies":"Lagavulin","floor":6,"turns":4},{"damage":14,"enemies":"Gremlin Nob","floor":8,"turns":3},{"damage":0,"enemies":"Large Slime","floor":10,"turns":3},{"damage":19,"enemies":"The Mushroom Lair","floor":11,"turns":3},{"damage":10,"enemies":"Exordium Thugs","floor":13,"turns":4},{"damage":0,"enemies":"Looter","floor":14,"turns":3},{"damage":0,"enemies":"Slime Boss","floor":16,"turns":4},{"damage":0,"enemies":"Spheric Guardian","floor":18,"turns":3},{"damage":4,"enemies":"Shell Parasite","floor":19,"turns":3},{"damage":0,"enemies":"Cultist and Chosen","floor":21,"turns":4},{"damage":64,"enemies":"Gremlin Leader","floor":23,"turns":6},{"damage":21,"enemies":"Snake Plant","floor":24,"turns":1}],"seed_played":"-502249737535310399","potions_obtained":[{"floor":3,"key":"Energy Potion"},{"floor":10,"key":"FairyPotion"},{"floor":13,"key":"Dexterity Potion"},{"floor":14,"key":"Weak Potion"},{"floor":23,"key":"Weak Potion"}],"is_trial":false,"path_per_floor":["M","?","M","M","M","E","R","E","T","M","?","R","M","M","R","B",null,"M","M","?","M","$","E","M"],"character_chosen":"THE_SILENT","items_purchased":["Toxic Egg 2","Skewer"],"campfire_rested":2,"item_purchase_floors":[22,22],"current_hp_per_floor":[68,68,63,59,52,44,44,30,30,30,11,32,22,22,43,43,70,70,66,60,60,60,21,0,0],"gold":196,"neow_bonus":"BOSS_RELIC","is_daily":false,"chose_seed":false,"campfire_upgraded":1,"win_rate":0.0,"timestamp":1612043792,"path_taken":["M","?","M","M","M","E","R","E","T","M","?","R","M","M","R","BOSS","M","M","?","M","$","E","M"],"items_purchased_type":["Relic","Card"],"build_version":"2020-12-22","purchased_purges":1,"victory":false,"max_hp_per_floor":[70,70,70,70,70,70,70,70,70,70,70,70,70,70,70,70,70,70,70,70,70,70,70,70,70],"card_choices":[{"not_picked":["Dash","Backflip"],"picked":"Prepared","floor":1},{"not_picked":["Accuracy","Well Laid Plans"],"picked":"Deflect","floor":3},{"not_picked":["Prepared","Acrobatics","Underhanded Strike"],"picked":"SKIP","floor":4},{"not_picked":["Deflect","Calculated Gamble"],"picked":"Poisoned Stab","floor":5},{"not_picked":["Acrobatics","Underhanded Strike"],"picked":"Die Die Die","floor":6},{"not_picked":["Blade Dance","Flying Knee"],"picked":"Terror","floor":8},{"not_picked":["Bane","Dodge and Roll","Deflect"],"picked":"SKIP","floor":10},{"not_picked":["Underhanded Strike","Backflip"],"picked":"Glass Knife","floor":11},{"not_picked":["Slice","Riddle With Holes"],"picked":"Dash","floor":13},{"not_picked":["Riddle With Holes","Bane"],"picked":"Flying Knee","floor":14},{"not_picked":["Unload","Envenom"],"picked":"Storm of Steel","floor":16},{"not_picked":["Dodge and Roll","Blade Dance"],"picked":"Backstab","floor":18},{"not_picked":["Expertise+1","Bane+1"],"picked":"Outmaneuver+1","floor":19},{"not_picked":["Dagger Throw+1","Dash"],"picked":"Finisher+1","floor":21},{"not_picked":["Skewer+1","Die Die Die"],"picked":"Dagger Spray","floor":23}],"player_experience":156991,"relics_obtained":[{"floor":6,"key":"Omamori"},{"floor":8,"key":"Happy Flower"},{"floor":9,"key":"Darkstone Periapt"},{"floor":11,"key":"Odd Mushroom"},{"floor":23,"key":"Girya"}],"event_choices":[{"damage_healed":0,"gold_gain":175,"player_choice":"AGREE","damage_taken":0,"max_hp_gain":0,"max_hp_loss":0,"event_name":"Liars Game","floor":2,"gold_loss":0,"cards_obtained":["Doubt"]},{"damage_healed":0,"gold_gain":0,"player_choice":"Fought Mushrooms","damage_taken":0,"max_hp_gain":0,"max_hp_loss":0,"event_name":"Mushrooms","floor":11,"gold_loss":0},{"damage_healed":0,"gold_gain":0,"player_choice":"Joined the Cult","damage_taken":6,"max_hp_gain":0,"max_hp_loss":0,"event_name":"Nest","floor":20,"gold_loss":0,"cards_obtained":["RitualDagger"]}],"is_beta":false,"boss_relics":[{"not_picked":["Runic Pyramid","SlaversCollar"],"picked":"Ectoplasm"}],"items_purged_floors":[22],"is_endless":false,"potions_floor_spawned":[3,8,10,13,14,19,23],"killed_by":"Snake Plant","ascension_level":1}}