{"host":"206uhceyiubfocqu","time":1612047030,"event":{"mods":["Act Like it!","BaseMod","Gensokyo","Minty Spire (QoL Compilation)","StSLib","The Marked"],"gold_per_floor":[13,25,25,25,25,45,76,6,53,72,102,102,102,119,119,218,218,237,237,247,257,257,257,257],"floor_reached":23,"language":"ENG","playtime":2019,"items_purged":[],"score":247,"play_id":"f72929d5-0af0-4f3e-adda-f561d3a3da4b","local_time":"20210130235030","is_ascension_mode":true,"campfire_choices":[{"data":"theMarked:TheMission","floor":15,"key":"SMITH"}],"circlet_count":0,"master_deck":["theMarked:Strike","theMarked:Strike","theMarked:Strike","theMarked:Strike","theMarked:Strike","theMarked:Defend","theMarked:Defend","theMarked:Defend","theMarked:Defend","theMarked:SoldierOfQuellstein+1","theMarked:BanishingStrike","theMarked:Frustration","theMarked:Panic","theMarked:TheMission+1","theMarked:WardOff","Clumsy","theMarked:EternalStudent","theMarked:Seal","Reinforced Body","theMarked:Overthink"],"relics":["theMarked:BronzeBlade","Bird Faced Urn","Smiling Mask","Dream Catcher","Boot","Vajra","Gensokyo:YoukaiFlower","Gensokyo:NagashiBinaDoll","Gensokyo:DayTheSeaSplit"],"acts_visited":["Gensokyo:Gensokyo","Gensokyo:Gensokyoer"],"potions_floor_usage":[16,23,23],"damage_taken":[{"damage":3,"enemies":"Gensokyo:2_Kodama","floor":1,"turns":4},{"damage":0,"enemies":"Gensokyo:3_Fairies","floor":2,"turns":3},{"damage":0,"enemies":"Gensokyo:Python","floor":6,"turns":2},{"damage":12,"enemies":"Gensokyo:Aya","floor":7,"turns":6},{"damage":9,"enemies":"Gensokyo:CorruptedTreant","floor":10,"turns":3},{"damage":0,"enemies":"Gensokyo:Mamizou","floor":11,"turns":6},{"damage":0,"enemies":"Gensokyo:2_Rabbits","floor":14,"turns":5},{"damage":13,"enemies":"Gensokyo:Reimu","floor":16,"turns":8},{"damage":31,"enemies":"Gensokyo:3_Dogs","floor":18,"turns":6},{"damage":0,"enemies":"Gensokyo:AngelMirror","floor":20,"turns":2},{"damage":34,"enemies":"Gensokyo:Slime_Group","floor":21,"turns":5},{"damage":11,"enemies":"Gensokyo:Tenshi","floor":23,"turns":1}],"seed_played":"-3171615689544126190","potions_obtained":[{"floor":2,"key":"FearPotion"},{"floor":7,"key":"DistilledChaos"},{"floor":11,"key":"AttackPotion"},{"floor":20,"key":"ColorlessPotion"}],"is_trial":false,"path_per_floor":["M","M","COS","?","$","M","E","?","T","M","E","?","?","M","R","B",null,"M","?","M","M","?","E"],"character_chosen":"THE_DEFAULT","items_purchased":[],"campfire_rested":0,"item_purchase_floors":[],"current_hp_per_floor":[67,67,67,67,67,67,55,55,55,46,48,48,48,48,48,37,70,39,39,39,5,5,0,0],"gold":257,"neow_bonus":"ONE_RARE_RELIC","is_daily":false,"chose_seed":false,"campfire_upgraded":1,"win_rate":0.0,"timestamp":1612047030,"path_taken":["M","M","COS","?","$","?","E","?","T","M","E","?","?","M","R","BOSS","M","?","?","M","?","E"],"items_purchased_type":[],"build_version":"2020-12-22","purchased_purges":0,"victory":false,"max_hp_per_floor":[70,70,70,70,70,70,70,70,70,70,70,70,70,70,70,70,70,70,70,70,70,70,70,70],"card_choices":[{"not_picked":["theMarked:HeightenedSenses","theMarked:Memento"],"picked":"theMarked:BanishingStrike","floor":1},{"not_picked":["theMarked:EmpowerWeapon","theMarked:TakeCover"],"picked":"theMarked:Frustration","floor":2},{"not_picked":["theMarked:TwofoldDefense","theMarked:Electrocute"],"picked":"theMarked:BanishingWave","floor":6},{"not_picked":["theMarked:Polarize","theMarked:AttractMetal"],"picked":"theMarked:Panic","floor":7},{"not_picked":["theMarked:TunnelVision","theMarked:Memento"],"picked":"theMarked:TheMission","floor":10},{"not_picked":["theMarked:ChainLightning","theMarked:Maelstrom"],"picked":"theMarked:WardOff","floor":11},{"not_picked":["theMarked:Static","theMarked:EmpowerWeapon","theMarked:ElectricStrings"],"picked":"SKIP","floor":14},{"not_picked":["theMarked:Levitate","theMarked:TurnInvisible"],"picked":"theMarked:EternalStudent","floor":16},{"not_picked":["theMarked:Parkour","theMarked:ParalyzingBlade+1"],"picked":"theMarked:Seal","floor":18},{"not_picked":["theMarked:ChainLightning+1","theMarked:GodGivenPower+1"],"picked":"theMarked:Overthink","floor":20},{"not_picked":["theMarked:Generate+1","theMarked:RepellingDischarge","theMarked:Panic"],"picked":"SKIP","floor":21}],"player_experience":676049,"relics_obtained":[{"floor":7,"key":"Smiling Mask"},{"floor":9,"key":"Boot"},{"floor":11,"key":"Vajra"}],"event_choices":[],"is_beta":false,"boss_relics":[{"not_picked":["Pandora\u0027s Box","Fusion Hammer"],"picked":"theMarked:BronzeBlade"}],"items_purged_floors":[],"is_endless":false,"potions_floor_spawned":[2,7,11,20],"killed_by":"Gensokyo:Tenshi","ascension_level":2}}