{"host":"e1dz7n8k2o9zh5uh","time":1612026276,"event":{"mods":["BaseMod","Curses Come First","Downfall","Minty Spire (QoL Compilation)","StSLib"],"gold_per_floor":[99,115,127,139,158,172,172,184,219,239,255,290,353,368,385,490,490,490,507,507,181,198,228,228,28,41,71,71,90,117,133,153,255,255,155,175,193,212,225,243,267,278,278,128,146,131,211,228,246,246,246,281,16,16,16,16,16],"floor_reached":55,"language":"SPA","playtime":6922,"items_purged":["Slimebound:Strike_Slimebound+1"],"score":855,"play_id":"5a0c15e9-c621-451a-94cc-9a12b56cb4ba","local_time":"20210130140436","is_ascension_mode":false,"campfire_choices":[{"data":"Slimebound:CorrosiveSpit","floor":1.0,"key":"SMITH"},{"data":"Slimebound:MassFeed","floor":18.0,"key":"SMITH"},{"data":"expansioncontent:StudyTheSpire","floor":25.0,"key":"SMITH"},{"floor":28.0,"key":"RECALL"},{"data":"Slimebound:OozeBath","floor":35.0,"key":"SMITH"},{"floor":54.0,"key":"REST"}],"circlet_count":0,"master_deck":["Slimebound:Strike_Slimebound+1","Slimebound:Strike_Slimebound+1","Slimebound:Tackle","Slimebound:Defend_Slimebound+1","Slimebound:Defend_Slimebound+1","Slimebound:Defend_Slimebound+1","Slimebound:Defend_Slimebound+1","Slimebound:Split","Slimebound:CorrosiveSpit+1","Slimebound:GoopSpray","Slimebound:LeechingTouch","Slimebound:LivingWall","Slimebound:SplitAcid","Slimebound:ViciousTackle","Slimebound:LeechingTouch","Slimebound:MassFeed+1","Slimebound:Schlurp","Slimebound:LevelUp","Slimebound:ViciousTackle","Slimebound:SamplingLick","Slimebound:Schlurp","Slimebound:SplitBruiser","Slimebound:SplitMire+1","expansioncontent:StudyTheSpire+1","Slimebound:GoopSpray","Slimebound:SplitBruiser","Slimebound:SamplingLick+1","Slimebound:SplitBruiser+1","Slimebound:ProtectTheBoss+1","Slimebound:MegaLick","Slimebound:OozeBath+1","Slimebound:RejuvenatingLick","Slimebound:SplitMire+1","Slimebound:MassRepurpose","Slimebound:SplitBruiser+1","Slimebound:ProtectTheBoss+1","Slimebound:SamplingLick","Slimebound:LevelUp+1","Slimebound:RejuvenatingLick","Slimebound:MassFeed+1"],"relics":["Slimebound:AbsorbEndCombat","HornCleat","Eternal Feather","Art of War","Omamori","Slimebound:TarBlob","Slimebound:AggressiveSlimeRelic","Vajra","downfall:HeartBlessingGreen","downfall:HeartBlessingBlue","Happy Flower","Bird Faced Urn","Philosopher\u0027s Stone","downfall:HeartBlessingRed","Anchor","Kunai","Unceasing Top","DollysMirror"],"acts_visited":["Exordium","TheCity","TheBeyond","TheEnding"],"potions_floor_usage":[],"damage_taken":[{"damage":3.0,"enemies":"Small Slimes","floor":2.0,"turns":5.0},{"damage":6.0,"enemies":"Jaw Worm","floor":3.0,"turns":4.0},{"damage":3.0,"enemies":"Cultist","floor":4.0,"turns":4.0},{"damage":1.0,"enemies":"Lots of Slimes","floor":5.0,"turns":4.0},{"damage":6.0,"enemies":"Exordium Thugs","floor":6.0,"turns":4.0},{"damage":0.0,"enemies":"Blue Slaver","floor":8.0,"turns":3.0},{"damage":4.0,"enemies":"Gremlin Nob","floor":9.0,"turns":4.0},{"damage":0.0,"enemies":"3 Louse","floor":10.0,"turns":1.0},{"damage":0.0,"enemies":"2 Fungi Beasts","floor":11.0,"turns":3.0},{"damage":0.0,"enemies":"Lagavulin","floor":12.0,"turns":7.0},{"damage":13.0,"enemies":"3 Sentries","floor":13.0,"turns":6.0},{"damage":0.0,"enemies":"3 Louse","floor":14.0,"turns":1.0},{"damage":0.0,"enemies":"Lots of Slimes","floor":15.0,"turns":2.0},{"damage":36.0,"enemies":"IC_STATUS_ARCHETYPE","floor":16.0,"turns":11.0},{"damage":43.0,"enemies":"3 Byrds","floor":19.0,"turns":5.0},{"damage":3.0,"enemies":"downfall:FleeingMerchant","floor":21.0,"turns":4.0},{"damage":4.0,"enemies":"3 Cultists","floor":22.0,"turns":3.0},{"damage":26.0,"enemies":"Slavers","floor":23.0,"turns":4.0},{"damage":24.0,"enemies":"Snake Plant","floor":26.0,"turns":3.0},{"damage":3.0,"enemies":"Book of Stabbing","floor":27.0,"turns":4.0},{"damage":0.0,"enemies":"Sentry and Sphere","floor":29.0,"turns":3.0},{"damage":3.0,"enemies":"Gremlin Leader","floor":30.0,"turns":5.0},{"damage":12.0,"enemies":"Snecko","floor":31.0,"turns":4.0},{"damage":5.0,"enemies":"Cultist and Chosen","floor":32.0,"turns":5.0},{"damage":72.0,"enemies":"SI_MIRROR_ARCHETYPE","floor":33.0,"turns":15.0},{"damage":21.0,"enemies":"3 Darklings","floor":36.0,"turns":5.0},{"damage":3.0,"enemies":"Orb Walker","floor":37.0,"turns":6.0},{"damage":22.0,"enemies":"Transient","floor":38.0,"turns":5.0},{"damage":29.0,"enemies":"Sphere and 2 Shapes","floor":39.0,"turns":4.0},{"damage":20.0,"enemies":"Jaw Worm Horde","floor":40.0,"turns":5.0},{"damage":37.0,"enemies":"Writhing Mass","floor":42.0,"turns":6.0},{"damage":17.0,"enemies":"Spire Growth","floor":45.0,"turns":4.0},{"damage":6.0,"enemies":"downfall:FleeingMerchant","floor":46.0,"turns":4.0},{"damage":23.0,"enemies":"4 Shapes","floor":48.0,"turns":6.0},{"damage":11.0,"enemies":"Sphere and 2 Shapes","floor":49.0,"turns":6.0},{"damage":108.0,"enemies":"WA_ARCHETYPE_DIVINITY","floor":50.0,"turns":11.0},{"damage":165.0,"enemies":"downfall:CharBossMerchant","floor":52.0,"turns":11.0},{"damage":108,"enemies":"downfall:NeowBoss","floor":55,"turns":15}],"seed_played":"-5012114825159985089","potions_obtained":[{"floor":5.0,"key":"Swift Potion"},{"floor":6.0,"key":"Strength Potion"},{"floor":10.0,"key":"Swift Potion"},{"floor":11.0,"key":"DistilledChaos"},{"floor":12.0,"key":"Slimebound:SpawnSlimePotion"},{"floor":13.0,"key":"PowerPotion"},{"floor":19.0,"key":"sneckomod:MuddlingPotion"},{"floor":26.0,"key":"SkillPotion"},{"floor":29.0,"key":"sneckomod:MuddlingPotion"},{"floor":36.0,"key":"SkillPotion"},{"floor":37.0,"key":"PowerPotion"},{"floor":39.0,"key":"Swift Potion"},{"floor":45.0,"key":"bronze:BurnAndBuffPotion"},{"floor":49.0,"key":"Block Potion"},{"floor":52.0,"key":"FearPotion"}],"is_trial":false,"path_per_floor":["R","M","M","M","M","M","T","M","E","M","M","E","?","M","M","B",null,"R","M","?","$","M","E","T","R","M","E","R","M","E","M","M","B",null,"R","M","M","M","M","M","T","M","?","?","M","$","T","M","M","B",null,"E","$","R","B"],"character_chosen":"SLIMEBOUND","items_purchased":["Slimebound:AggressiveSlimeRelic","expansioncontent:StudyTheSpire","Slimebound:RejuvenatingLick","DollysMirror"],"campfire_rested":1,"item_purchase_floors":[21,21,53,53],"current_hp_per_floor":[71,71,69,71,71,69,69,71,69,80,83,83,77,92,107,75,107,107,76,76,81,97,77,77,102,84,89,104,106,109,105,108,52,145,145,130,143,126,115,105,105,80,80,159,154,152,152,143,152,61,163,10,10,82,0,0,0],"gold":16,"neow_bonus":"TEN_PERCENT_HP_BONUS","is_daily":false,"chose_seed":false,"campfire_upgraded":4,"win_rate":0.0,"timestamp":1612026276,"path_taken":["R","M","M","M","M","M","T","M","E","M","M","E","?","M","M","BOSS","R","M","?","$","M","E","T","R","M","E","R","M","E","M","M","BOSS","R","M","M","M","M","M","T","M","?","?","?","?","?","M","M","BOSS","E","$","R","BOSS"],"items_purchased_type":["Relic","Card","Card","Relic"],"build_version":"2020-12-22","purchased_purges":1,"victory":false,"max_hp_per_floor":[71,71,71,71,71,71,71,71,71,80,83,83,86,95,107,107,107,107,115,115,115,127,127,127,137,141,145,145,145,145,145,145,145,145,145,145,145,145,145,149,149,149,149,159,163,163,163,163,163,163,163,163,163,163,163,163,163],"card_choices":[{"not_picked":["Slimebound:ComboTackle","Slimebound:Schlurp"],"picked":"Slimebound:GoopSpray","floor":2.0},{"not_picked":["Slimebound:PressTheAttack","Slimebound:LeechEnergy"],"picked":"Slimebound:LeechingTouch","floor":3.0},{"not_picked":["Slimebound:FinishingTackle","Slimebound:FormOfPuddle"],"picked":"Slimebound:LivingWall","floor":4.0},{"not_picked":["Slimebound:WasteNot","Slimebound:FlameTackle"],"picked":"Slimebound:SplitAcid","floor":5.0},{"not_picked":["Slimebound:SlimeBrawl","Slimebound:FormOfPuddle"],"picked":"Slimebound:ViciousTackle","floor":6.0},{"not_picked":["Slimebound:SlimeSpikes","Slimebound:SpikyOuterGoop"],"picked":"Slimebound:LeechingTouch","floor":8.0},{"not_picked":["Slimebound:RejuvenatingLick","Slimebound:ComboTackle"],"picked":"Slimebound:MassFeed","floor":9.0},{"not_picked":["Slimebound:ProtectTheBoss","Slimebound:LeechEnergy"],"picked":"Slimebound:Schlurp","floor":10.0},{"not_picked":["Slimebound:PressTheAttack","Slimebound:RollThrough"],"picked":"Slimebound:LevelUp","floor":11.0},{"not_picked":["Slimebound:Prepare","Slimebound:RejuvenatingLick"],"picked":"Slimebound:ViciousTackle","floor":12.0},{"not_picked":["Slimebound:Overexert","Slimebound:GoopSpray"],"picked":"Slimebound:SamplingLick","floor":13.0},{"not_picked":["Slimebound:Prepare","Slimebound:GoopTackle","Slimebound:MinionMaster"],"picked":"SKIP","floor":14.0},{"not_picked":["Slimebound:Chomp","Slimebound:FlameTackle"],"picked":"Slimebound:Schlurp","floor":15.0},{"not_picked":["Slimebound:Nibble","Slimebound:FormOfPuddle"],"picked":"Slimebound:SplitBruiser","floor":19.0},{"not_picked":["Slimebound:FlameTackle+1","Slimebound:SplitAcid"],"picked":"Slimebound:SplitMire+1","floor":21.0},{"not_picked":["Slimebound:ItLooksTasty","Slimebound:HauntingLick"],"picked":"Slimebound:GoopSpray","floor":22.0},{"not_picked":["Slimebound:LeechEnergy","Slimebound:GoopTackle"],"picked":"Slimebound:SplitBruiser","floor":23.0},{"not_picked":["Slimebound:MinionMaster","Slimebound:SlimeSpikes","Slimebound:Prepare"],"picked":"SKIP","floor":26.0},{"not_picked":["Slimebound:HauntingLick","Slimebound:FinishingTackle"],"picked":"Slimebound:SamplingLick+1","floor":27.0},{"not_picked":["Slimebound:FinishingTackle","Slimebound:RollThrough+1"],"picked":"Slimebound:SplitBruiser+1","floor":29.0},{"not_picked":["Slimebound:LeechingTouch+1","Slimebound:GrowthPunch","Slimebound:RollThrough"],"picked":"SKIP","floor":30.0},{"not_picked":["Slimebound:SlimeBarrage+1","Slimebound:PressTheAttack"],"picked":"Slimebound:ProtectTheBoss+1","floor":31.0},{"not_picked":["Slimebound:SplitBruiser","Slimebound:FinishingTackle"],"picked":"Slimebound:MegaLick","floor":32.0},{"not_picked":["Slimebound:MassRepurpose","Slimebound:FirmFortitude"],"picked":"Slimebound:OozeBath","floor":33.0},{"not_picked":["Slimebound:SlimeBarrage","Slimebound:GrowthPunch+1","Slimebound:FlameTackle"],"picked":"SKIP","floor":36.0},{"not_picked":["Slimebound:SlimeSpikes+1","Slimebound:LeechEnergy+1"],"picked":"Slimebound:RejuvenatingLick","floor":37.0},{"not_picked":["Slimebound:FormOfPuddle","Slimebound:RollThrough"],"picked":"Slimebound:SplitMire+1","floor":38.0},{"not_picked":["Slimebound:AcidTongue+1","Slimebound:PressTheAttack+1"],"picked":"Slimebound:MassRepurpose","floor":39.0},{"not_picked":["Slimebound:GoopTackle+1","Slimebound:Prepare","Slimebound:TongueLash+1"],"picked":"SKIP","floor":40.0},{"not_picked":["Slimebound:FinishingTackle","Slimebound:SplitMire"],"picked":"Slimebound:SplitBruiser+1","floor":42.0},{"not_picked":["Slimebound:ComboTackle","Slimebound:FormOfPuddle+1"],"picked":"Slimebound:ProtectTheBoss+1","floor":45.0},{"not_picked":["Slimebound:PressTheAttack","Slimebound:ComboTackle"],"picked":"Slimebound:SamplingLick","floor":46.0},{"not_picked":["Slimebound:LeechEnergy","Slimebound:Gluttony","Slimebound:BestDefense+1"],"picked":"SKIP","floor":48.0},{"not_picked":["Slimebound:SlimeBrawl","Slimebound:FormOfPuddle","Slimebound:Nibble+1"],"picked":"SKIP","floor":49.0},{"not_picked":["Slimebound:Repurpose+1","Slimebound:FinishingTackle"],"picked":"Slimebound:LevelUp+1","floor":52.0}],"player_experience":87143,"relics_obtained":[{"floor":7.0,"key":"HornCleat"},{"floor":9.0,"key":"Eternal Feather"},{"floor":12.0,"key":"Art of War"},{"floor":13.0,"key":"Omamori"},{"floor":23.0,"key":"Vajra"},{"floor":27.0,"key":"Happy Flower"},{"floor":30.0,"key":"Bird Faced Urn"},{"floor":41.0,"key":"Anchor"},{"floor":47.0,"key":"Kunai"},{"floor":52.0,"key":"Unceasing Top"}],"event_choices":[],"is_beta":false,"boss_relics":[{"not_picked":["Sozu","SlaversCollar"],"picked":"Slimebound:TarBlob"},{"not_picked":["Coffee Dripper","bronze:MakeshiftBattery"],"picked":"Philosopher\u0027s Stone"}],"items_purged_floors":[53],"is_endless":false,"potions_floor_spawned":[5,6,10,11,12,13,15,19,26,29,36,37,39,45,49,52],"killed_by":"downfall:NeowBoss","ascension_level":0}}