{"host":"xc18ixkpjvqrt8st","time":1612043907,"event":{"mods":["Act Like it!","BaseMod","Better Match","Better Third Choice","Conspire","Downfall","Hallownest","Hermit","Hubris","Infinite Spire","JesterMod","Minty Spire (QoL Compilation)","Reliquary","Replay The Spire","Robot Space Explorer","Shop Mod","Spicy Shops","Spire Arcade","StSLib","The Animator","The Edgeheg","The Jungle","The Marked","The Sage"],"gold_per_floor":[79,95,24,24,39,73,73,73,125,144,158,158,178,196,258,258,258],"floor_reached":16,"language":"ENG","playtime":695,"items_purged":[],"score":129,"play_id":"ec74a0ef-ba46-4131-abdb-c0b577e66f2f","local_time":"20210130155827","is_ascension_mode":false,"campfire_choices":[{"floor":7,"key":"RECALL"}],"circlet_count":0,"master_deck":["theEdgeheg:StarterShootAttack","theEdgeheg:StarterShootAttack","theEdgeheg:StarterShootAttack","theEdgeheg:StarterShootAttack","theEdgeheg:StarterDodgeSkill","theEdgeheg:StarterDodgeSkill","theEdgeheg:StarterDodgeSkill","theEdgeheg:BloodyKatana","theEdgeheg:ChaosControlSkill","theEdgeheg:GatherChaos","theEdgeheg:RollAndShoot","theEdgeheg:BetterShoot","theEdgeheg:MachineGun","theEdgeheg:Parry","theEdgeheg:TeleportsAbove","theEdgeheg:DualPistols+1","theEdgeheg:Grr","theEdgeheg:DodgeKatana"],"relics":["theEdgeheg:UltimateLifeformRelic","theEdgeheg:GreenEmeraldRelic","NeowsBlessing","conspire:TreasureMap","reliquary:Stiletto","hubris:Towel"],"acts_visited":["Exordium"],"potions_floor_usage":[11],"damage_taken":[{"damage":1,"enemies":"conspire:RoseBush","floor":1,"turns":1},{"damage":0,"enemies":"infinitespire:Voidling","floor":2,"turns":1},{"damage":0,"enemies":"Jaw Worm","floor":5,"turns":1},{"damage":0,"enemies":"Gremlin Nob","floor":6,"turns":8},{"damage":1,"enemies":"Looter","floor":10,"turns":4},{"damage":4,"enemies":"Gremlin Gang","floor":11,"turns":10},{"damage":0,"enemies":"Large Slime","floor":13,"turns":6},{"damage":0,"enemies":"Red Slaver","floor":14,"turns":5},{"damage":2,"enemies":"The Guardian","floor":16,"turns":6}],"seed_played":"-6714544761132913867","potions_obtained":[{"floor":1,"key":"Adrenaline Potion"},{"floor":6,"key":"Flashbang"},{"floor":14,"key":"FearPotion"}],"is_trial":false,"path_per_floor":["M","M","$","?","M","E","R","?","T","M","M","?","M","M","R","B"],"character_chosen":"THE_DEFAULT","items_purchased":["conspire:TreasureMap"],"campfire_rested":0,"item_purchase_floors":[3],"current_hp_per_floor":[4,4,4,5,5,5,5,5,5,4,1,1,1,2,2,0,0],"gold":258,"neow_bonus":"THREE_ENEMY_KILL","is_daily":false,"chose_seed":false,"campfire_upgraded":0,"win_rate":0.0,"timestamp":1612043907,"path_taken":["M","M","$","?","?","E","R","?","T","M","M","?","M","M","R","BOSS"],"items_purchased_type":["Relic"],"build_version":"2020-12-22","purchased_purges":0,"victory":false,"max_hp_per_floor":[5,5,5,5,5,5,5,5,5,5,5,5,5,5,5,5,5],"card_choices":[{"not_picked":["theEdgeheg:Disrobe","theEdgeheg:ChaosEnergyKatana"],"picked":"theEdgeheg:RollAndShoot","floor":1},{"not_picked":["theEdgeheg:EmeraldGirlfriend","theEdgeheg:Knives"],"picked":"theEdgeheg:Butt","floor":2},{"not_picked":["theEdgeheg:ChaosControlSkill","theEdgeheg:BetterDodge"],"picked":"theEdgeheg:BetterShoot","floor":5},{"not_picked":["theEdgeheg:DashKatana","theEdgeheg:Birthday"],"picked":"theEdgeheg:MachineGun","floor":6},{"not_picked":["theEdgeheg:DashKatana","theEdgeheg:Butt"],"picked":"theEdgeheg:Parry","floor":10},{"not_picked":["theEdgeheg:GirlWithGun","theEdgeheg:BlackKatana"],"picked":"theEdgeheg:TeleportsAbove","floor":11},{"not_picked":["theEdgeheg:Parry+1","theEdgeheg:ChaosBlast+1"],"picked":"theEdgeheg:DualPistols+1","floor":12},{"not_picked":["theEdgeheg:RedGun","theEdgeheg:DrawBlade"],"picked":"theEdgeheg:Grr","floor":13},{"not_picked":["theEdgeheg:CoolExplosion","theEdgeheg:BloodyKatana"],"picked":"theEdgeheg:DodgeKatana","floor":14}],"player_experience":681812,"relics_obtained":[{"floor":6,"key":"reliquary:Stiletto"}],"event_choices":[{"cards_removed":["theEdgeheg:Butt"],"damage_healed":5,"gold_gain":0,"player_choice":"Offered Common","damage_taken":0,"max_hp_gain":0,"max_hp_loss":0,"event_name":"Bonfire Elementals","floor":4,"gold_loss":0},{"cards_removed":["theEdgeheg:Butt"],"damage_healed":5,"gold_gain":0,"player_choice":"Offered Special","damage_taken":0,"max_hp_gain":0,"max_hp_loss":0,"event_name":"Bonfire Elementals","floor":4,"gold_loss":0},{"damage_healed":0,"gold_gain":0,"player_choice":"2","damage_taken":0,"max_hp_gain":0,"max_hp_loss":0,"event_name":"betterMatch:BetterMatch","floor":12,"gold_loss":0,"cards_obtained":["betterMatch:UncommonCard"]}],"is_beta":false,"boss_relics":[],"items_purged_floors":[],"is_endless":false,"potions_floor_spawned":[1,6,14],"killed_by":"The Guardian","ascension_level":0}}