{"host":"qgvpd00zvzorrg7j","time":1612021686,"event":{"mods":["BaseMod","Colored Map","Minty Spire (QoL Compilation)","Quick Restart","StSLib"],"gold_per_floor":[110,60,75,0,14,14,48,48,72,100,123,135,145,45,45,157,157,171,95,109,118,143,143,169,169,169,24,33,53,53,78,78,183,183,202,77,96,96,116,116,116],"floor_reached":40,"language":"ENG","playtime":2107,"items_purged":["Defend_B","Strike_B","Pain"],"score":627,"play_id":"9248c062-eccb-4e28-baac-7117d7524d64","local_time":"20210130104806","is_ascension_mode":true,"campfire_choices":[{"data":"Zap","floor":6.0,"key":"SMITH"},{"data":"Scrape","floor":15.0,"key":"SMITH"},{"data":"Go for the Eyes","floor":23.0,"key":"SMITH"},{"floor":30.0,"key":"REST"},{"data":"Heatsinks","floor":32.0,"key":"SMITH"}],"circlet_count":0,"master_deck":["AscendersBane","Strike_B","Strike_B","Defend_B","Defend_B+1","Zap+1","Dualcast+1","Go for the Eyes+1","Scrape+1","Steam","FTL","Seek","Finesse","Purity","Gash","Heatsinks+1","Creative AI","Leap+1"],"relics":["Cracked Core","War Paint","CeramicFish","Mango","Black Star","Mummified Hand","Blood Vial","PreservedInsect","Bag of Preparation","WarpedTongs","Inserter"],"acts_visited":["Exordium","TheCity","TheBeyond"],"potions_floor_usage":[],"damage_taken":[{"damage":9.0,"enemies":"Jaw Worm","floor":1.0,"turns":3.0},{"damage":0.0,"enemies":"2 Louse","floor":3.0,"turns":3.0},{"damage":0.0,"enemies":"Cultist","floor":5.0,"turns":3.0},{"damage":15.0,"enemies":"Gremlin Nob","floor":7.0,"turns":3.0},{"damage":4.0,"enemies":"Lagavulin","floor":10.0,"turns":6.0},{"damage":0.0,"enemies":"Large Slime","floor":11.0,"turns":3.0},{"damage":0.0,"enemies":"Gremlin Gang","floor":12.0,"turns":2.0},{"damage":0.0,"enemies":"Blue Slaver","floor":13.0,"turns":2.0},{"damage":19.0,"enemies":"Hexaghost","floor":16.0,"turns":7.0},{"damage":9.0,"enemies":"3 Byrds","floor":18.0,"turns":4.0},{"damage":2.0,"enemies":"Shell Parasite","floor":20.0,"turns":3.0},{"damage":11.0,"enemies":"Centurion and Healer","floor":22.0,"turns":4.0},{"damage":27.0,"enemies":"Gremlin Leader","floor":24.0,"turns":7.0},{"damage":20.0,"enemies":"3 Cultists","floor":29.0,"turns":5.0},{"damage":14.0,"enemies":"Cultist and Chosen","floor":31.0,"turns":6.0},{"damage":37.0,"enemies":"Champ","floor":33.0,"turns":11.0},{"damage":4.0,"enemies":"3 Shapes","floor":35.0,"turns":5.0},{"damage":22.0,"enemies":"3 Darklings","floor":37.0,"turns":5.0},{"damage":13,"enemies":"Writhing Mass","floor":39,"turns":10},{"damage":37,"enemies":"Giant Head","floor":40,"turns":6}],"seed_played":"-5534451636590590862","potions_obtained":[{"floor":8.0,"key":"DistilledChaos"},{"floor":8.0,"key":"Block Potion"},{"floor":8.0,"key":"SkillPotion"},{"floor":12.0,"key":"EssenceOfSteel"},{"floor":13.0,"key":"SneckoOil"},{"floor":16.0,"key":"BlessingOfTheForge"},{"floor":24.0,"key":"Ancient Potion"},{"floor":33.0,"key":"Ancient Potion"}],"is_trial":false,"path_per_floor":["M","?","M","$","M","R","E","?","T","E","M","M","M","$","R","B",null,"M","$","M","?","M","R","E","?","T","$","?","M","R","M","R","B",null,"M","$","M","?","M","E"],"character_chosen":"DEFECT","items_purchased":["Finesse","Bag of Preparation"],"campfire_rested":1,"item_purchase_floors":[19,27],"current_hp_per_floor":[59,59,59,59,59,59,44,44,44,54,54,54,54,54,54,35,76,67,67,65,53,42,42,15,44,44,44,44,26,52,40,40,5,68,66,66,46,46,35,0,0],"gold":116,"neow_bonus":"REMOVE_CARD","is_daily":false,"chose_seed":false,"campfire_upgraded":4,"win_rate":0.0,"timestamp":1612021686,"path_taken":["M","?","M","$","M","R","E","?","T","E","M","?","M","$","R","BOSS","M","$","M","?","?","R","E","?","T","$","?","M","R","M","R","BOSS","M","?","M","?","?","E"],"items_purchased_type":["Card","Relic"],"build_version":"2020-12-22","purchased_purges":3,"victory":false,"max_hp_per_floor":[75,75,75,75,75,75,75,75,75,89,89,89,89,89,89,89,89,89,89,89,89,89,89,89,89,89,89,89,89,89,89,89,89,89,89,89,89,89,89,89,89],"card_choices":[{"not_picked":["Sweeping Beam","Doom and Gloom"],"picked":"Go for the Eyes","floor":1.0},{"not_picked":["Sweeping Beam","Darkness","Heatsinks"],"picked":"SKIP","floor":3.0},{"not_picked":["Streamline","Redo"],"picked":"Scrape","floor":5.0},{"not_picked":["Leap","Hologram"],"picked":"Steam","floor":7.0},{"not_picked":["Reinforced Body","Auto Shields","Scrape"],"picked":"SKIP","floor":10.0},{"not_picked":["Compile Driver","Go for the Eyes"],"picked":"FTL","floor":11.0},{"not_picked":["Glacier","Self Repair","Cold Snap"],"picked":"SKIP","floor":12.0},{"not_picked":["Streamline","Beam Cell","Steam Power"],"picked":"SKIP","floor":13.0},{"not_picked":["Amplify","Multi-Cast"],"picked":"Seek","floor":16.0},{"not_picked":["Melter","Turbo+1","Steam"],"picked":"SKIP","floor":18.0},{"not_picked":["Sweeping Beam+1","Redo","Beam Cell"],"picked":"SKIP","floor":20.0},{"not_picked":["Steam","Beam Cell"],"picked":"Gash","floor":22.0},{"not_picked":["Redo","Sweeping Beam+1","Compile Driver"],"picked":"SKIP","floor":24.0},{"not_picked":["Darkness","Rebound","Streamline"],"picked":"SKIP","floor":29.0},{"not_picked":["Steam Power","Rip and Tear"],"picked":"Heatsinks","floor":31.0},{"not_picked":["Meteor Strike","Buffer"],"picked":"Creative AI","floor":33.0},{"not_picked":["Beam Cell","BootSequence","Coolheaded"],"picked":"SKIP","floor":35.0},{"not_picked":["Hologram","Consume+1"],"picked":"Leap+1","floor":37.0},{"not_picked":["Ball Lightning","Steam","Compile Driver"],"picked":"SKIP","floor":39}],"player_experience":572449,"relics_obtained":[{"floor":7.0,"key":"War Paint"},{"floor":9.0,"key":"CeramicFish"},{"floor":10.0,"key":"Mango"},{"floor":24.0,"key":"Mummified Hand"},{"floor":24.0,"key":"Blood Vial"},{"floor":26.0,"key":"PreservedInsect"}],"event_choices":[{"cards_removed":["Strike_B"],"damage_healed":0.0,"max_hp_gain":0.0,"max_hp_loss":0.0,"gold_gain":0.0,"event_name":"The Cleric","player_choice":"Card Removal","floor":2.0,"gold_loss":50.0,"damage_taken":0.0},{"damage_healed":0.0,"max_hp_gain":0.0,"max_hp_loss":0.0,"gold_gain":0.0,"event_name":"Lab","player_choice":"Got Potions","floor":8.0,"gold_loss":0.0,"damage_taken":0.0},{"damage_healed":0.0,"max_hp_gain":0.0,"max_hp_loss":0.0,"gold_gain":0.0,"event_name":"Knowing Skull","player_choice":"CARD ","floor":21.0,"potions_obtained":[],"gold_loss":0.0,"damage_taken":12.0,"cards_obtained":["Purity"]},{"damage_healed":29.0,"max_hp_gain":0.0,"max_hp_loss":0.0,"gold_gain":0.0,"event_name":"The Library","player_choice":"Heal","floor":25.0,"gold_loss":0.0,"damage_taken":0.0},{"damage_healed":0.0,"max_hp_gain":0.0,"max_hp_loss":0.0,"gold_gain":0.0,"event_name":"Accursed Blacksmith","player_choice":"Rummage","floor":28.0,"gold_loss":0.0,"damage_taken":0.0,"relics_obtained":["WarpedTongs"],"cards_obtained":["Pain"]},{"damage_healed":0.0,"max_hp_gain":0.0,"max_hp_loss":0.0,"gold_gain":0.0,"event_name":"The Woman in Blue","player_choice":"Bought 0 Potions","floor":38.0,"gold_loss":0.0,"damage_taken":0.0}],"is_beta":false,"boss_relics":[{"not_picked":["Nuclear Battery","FrozenCore"],"picked":"Black Star"},{"not_picked":["SacredBark","Cursed Key"],"picked":"Inserter"}],"items_purged_floors":[4,14,36],"is_endless":false,"potions_floor_spawned":[12,13,16,18,24,33],"killed_by":"Giant Head","ascension_level":10}}