{"host":"jpzdg3po3tjxdjri","time":1612016951,"event":{"mods":["BaseMod","Better Third Choice","Colored Map","Colored Powertips","Minty Spire (QoL Compilation)","StSLib"],"gold_per_floor":[115,45,11,31,50,79,79,107,168,180,236,27,61,80,80,191,250,276,295,14,14,33,76,76,76,76,110,110,154,154,178,178,178,178],"floor_reached":33,"language":"ENG","playtime":1383,"items_purged":["Strike_G"],"score":373,"play_id":"33214e93-b0a6-43e2-85cd-20e79d132f4d","local_time":"20210130142911","is_ascension_mode":true,"campfire_choices":[{"data":"Crippling Poison","floor":7,"key":"SMITH"},{"data":"Poisoned Stab","floor":10,"key":"SMITH"},{"floor":15,"key":"REST"},{"floor":24,"key":"REST"},{"data":"Cloak And Dagger","floor":28,"key":"SMITH"},{"data":"Venomology","floor":30,"key":"SMITH"},{"data":"Noxious Fumes","floor":32,"key":"SMITH"}],"circlet_count":0,"master_deck":["Strike_G","Strike_G","Strike_G","Defend_G","Defend_G","Defend_G","Defend_G","Defend_G","Survivor","Neutralize+1","Poisoned Stab+1","Crippling Poison+1","Skewer","Flechettes","Leg Sweep","Dagger Throw+1","Flying Knee+1","Backflip","Cloak And Dagger+1","Noxious Fumes+1","Backstab+1","Footwork","Blur","Venomology+1","Dagger Spray+1","Dodge and Roll+1","Dagger Throw+1","Panache","Finisher+1","Glass Knife+1","Blur+1","Corpse Explosion","Deadly Poison+1"],"relics":["Ring of the Snake","Molten Egg 2","MawBank","CeramicFish","Ancient Tea Set","Omamori","Tiny House","Thread and Needle","Gambling Chip","Dream Catcher","Eternal Feather"],"acts_visited":["Exordium","TheCity"],"potions_floor_usage":[5,8,8,16,16,19,20,23,23,27,27,29,33,33,33,33],"damage_taken":[{"damage":5,"enemies":"Cultist","floor":1,"turns":5},{"damage":6,"enemies":"Jaw Worm","floor":4,"turns":4},{"damage":2,"enemies":"Small Slimes","floor":5,"turns":3},{"damage":20,"enemies":"Gremlin Nob","floor":6,"turns":5},{"damage":9,"enemies":"3 Sentries","floor":8,"turns":8},{"damage":1,"enemies":"Gremlin Nob","floor":11,"turns":4},{"damage":24,"enemies":"3 Sentries","floor":13,"turns":7},{"damage":0,"enemies":"Exordium Thugs","floor":14,"turns":5},{"damage":20,"enemies":"Slime Boss","floor":16,"turns":11},{"damage":0,"enemies":"Chosen","floor":18,"turns":4},{"damage":0,"enemies":"3 Byrds","floor":19,"turns":4},{"damage":22,"enemies":"Snecko","floor":22,"turns":8},{"damage":40,"enemies":"Book of Stabbing","floor":23,"turns":9},{"damage":10,"enemies":"Gremlin Leader","floor":27,"turns":7},{"damage":7,"enemies":"Book of Stabbing","floor":29,"turns":6},{"damage":3,"enemies":"Snake Plant","floor":31,"turns":3},{"damage":72,"enemies":"Champ","floor":33,"turns":12}],"seed_played":"-6893346624079797902","potions_obtained":[{"floor":5,"key":"EntropicBrew"},{"floor":8,"key":"Energy Potion"},{"floor":11,"key":"BlessingOfTheForge"},{"floor":17,"key":"CunningPotion"},{"floor":18,"key":"Energy Potion"},{"floor":23,"key":"AttackPotion"},{"floor":27,"key":"Strength Potion"}],"is_trial":false,"path_per_floor":["M","$","$","M","M","E","R","E","T","R","E","$","E","M","R","B",null,"M","M","$","?","M","E","R","$","T","E","R","E","R","M","R","B"],"character_chosen":"THE_SILENT","items_purchased":["Crippling Poison","Skewer","Cloak And Dagger","Noxious Fumes","Backstab+1","Panache","Fruit Juice"],"campfire_rested":2,"item_purchase_floors":[2,3,12,12,12,20,20],"current_hp_per_floor":[72,72,72,66,64,44,44,35,35,35,34,34,10,10,33,13,82,82,82,87,87,65,25,51,51,51,41,41,34,52,49,67,0,0],"gold":178,"neow_bonus":"TEN_PERCENT_HP_BONUS","is_daily":false,"chose_seed":false,"campfire_upgraded":5,"win_rate":0.0,"timestamp":1612016951,"path_taken":["M","?","$","M","M","E","R","E","T","R","E","$","E","M","R","BOSS","M","M","$","?","M","E","R","?","T","E","R","E","R","M","R","BOSS"],"items_purchased_type":["Card","Card","Card","Card","Card","Card","Potion"],"build_version":"2020-12-22","purchased_purges":1,"victory":false,"max_hp_per_floor":[77,77,77,77,77,77,77,77,77,77,77,77,77,77,77,77,82,82,82,87,87,87,87,87,87,87,87,87,87,87,87,87,87,87],"card_choices":[{"not_picked":["Backflip","Prepared"],"picked":"Poisoned Stab","floor":1},{"not_picked":["Concentrate","Distraction"],"picked":"Flechettes","floor":4},{"not_picked":["Crippling Poison","Choke"],"picked":"Leg Sweep","floor":5},{"not_picked":["PiercingWail","Phantasmal Killer"],"picked":"Dagger Throw+1","floor":6},{"not_picked":["Expertise","Backflip"],"picked":"Flying Knee+1","floor":8},{"not_picked":["Outmaneuver","Bane+1"],"picked":"Backflip","floor":11},{"not_picked":["Escape Plan","Terror"],"picked":"Footwork","floor":13},{"not_picked":["Leg Sweep","Dash+1"],"picked":"Blur","floor":14},{"not_picked":["Doppelganger","Malaise"],"picked":"Venomology","floor":16},{"not_picked":["PiercingWail","Dagger Throw+1"],"picked":"Dagger Spray+1","floor":17},{"not_picked":["Underhanded Strike+1","Escape Plan+1"],"picked":"Dodge and Roll+1","floor":18},{"not_picked":["Calculated Gamble","Cloak And Dagger"],"picked":"Dagger Throw+1","floor":19},{"not_picked":["Flying Knee+1","Dagger Spray+1"],"picked":"Finisher+1","floor":22},{"not_picked":["Escape Plan","Quick Slash+1"],"picked":"Glass Knife+1","floor":23},{"not_picked":["Prepared+1","Choke+1"],"picked":"Blur+1","floor":27},{"not_picked":["Backstab+1","Deflect+1"],"picked":"Corpse Explosion","floor":29},{"not_picked":["Blade Dance","Choke+1"],"picked":"Deadly Poison+1","floor":31}],"player_experience":874240,"relics_obtained":[{"floor":6,"key":"Molten Egg 2"},{"floor":8,"key":"MawBank"},{"floor":9,"key":"CeramicFish"},{"floor":11,"key":"Ancient Tea Set"},{"floor":13,"key":"Omamori"},{"floor":23,"key":"Thread and Needle"},{"floor":26,"key":"Gambling Chip"},{"floor":27,"key":"Dream Catcher"},{"floor":29,"key":"Eternal Feather"}],"event_choices":[{"cards_removed":["Strike_G"],"damage_healed":0,"gold_gain":0,"player_choice":"Purged","damage_taken":0,"max_hp_gain":0,"max_hp_loss":0,"event_name":"Purifier","floor":21,"gold_loss":0}],"is_beta":false,"boss_relics":[{"not_picked":["Pandora\u0027s Box","Snecko Eye"],"picked":"Tiny House"}],"items_purged_floors":[12],"is_endless":false,"potions_floor_spawned":[5,6,8,11,14,18,23,27],"killed_by":"Champ","ascension_level":1}}