{"host":"sc0o2qwpf9j16a4i","time":1612015455,"event":{"mods":["AchievementEnabler","BaseMod","BetterRewards","Block Reminder","Colored Map","Colored Powertips","Custom Start","Highlight Path","Minty Spire (QoL Compilation)","Relic Stats"],"gold_per_floor":[117,130,130,130,205,249,266,302,311,311,311],"floor_reached":10,"language":"ENG","playtime":211,"items_purged":[],"score":76,"play_id":"19d11cf0-973a-4e6a-a56f-ff4230725d06","local_time":"20210130160415","daily_mods":["Cursed Run","Vintage","Elite Swarm"],"is_ascension_mode":false,"campfire_choices":[],"circlet_count":0,"master_deck":["Strike_B","Strike_B","Strike_B+1","Strike_B+1","Defend_B","Defend_B","Defend_B","Defend_B","Zap+1","Dualcast","Echo Form","Biased Cognition","Shame"],"relics":["Cursed Key","Darkstone Periapt","Du-Vu Doll","Sundial","Dead Branch","CeramicFish","Orichalcum","Emotion Chip","StoneCalendar"],"acts_visited":["Exordium"],"potions_floor_usage":[6],"damage_taken":[{"damage":0,"enemies":"Small Slimes","floor":1,"turns":4},{"damage":0,"enemies":"Cultist","floor":2,"turns":4},{"damage":9,"enemies":"Lagavulin","floor":6,"turns":8},{"damage":6,"enemies":"2 Louse","floor":7,"turns":3},{"damage":31,"enemies":"Gremlin Nob","floor":8,"turns":6},{"damage":12,"enemies":"3 Sentries","floor":10,"turns":2}],"seed_played":"-8107724305867269765","potions_obtained":[{"floor":1,"key":"Weak Potion"}],"is_trial":true,"path_per_floor":["M","M","?","?","?","E","M","E","T","E"],"character_chosen":"DEFECT","items_purchased":[],"campfire_rested":0,"item_purchase_floors":[],"current_hp_per_floor":[75,75,75,60,49,40,34,3,9,0,0],"gold":311,"neow_bonus":"","is_daily":false,"chose_seed":false,"campfire_upgraded":0,"win_rate":0.0,"timestamp":1612015455,"path_taken":["M","M","?","?","?","E","M","E","T","E"],"items_purchased_type":[],"build_version":"2020-12-22","purchased_purges":0,"victory":false,"max_hp_per_floor":[75,75,75,75,75,75,75,75,81,81,81],"relic_stats":{"Darkstone Periapt":6,"Emotion Chip":[1,1,0,0,0],"counters":[6,27],"Sundial":[4],"Dead Branch":[0],"CeramicFish":27,"StoneCalendar":[0],"Orichalcum":[30],"Cursed Key":1,"obtain_stats":[{"Darkstone Periapt":0,"Du-Vu Doll":0,"Emotion Chip":8,"Sundial":1,"Dead Branch":2,"CeramicFish":6,"StoneCalendar":9,"Orichalcum":7,"Cursed Key":0},{"Darkstone Periapt":0,"Du-Vu Doll":0,"Emotion Chip":5,"Sundial":1,"Dead Branch":2,"CeramicFish":3,"StoneCalendar":5,"Orichalcum":4,"Cursed Key":0},{"Darkstone Periapt":0,"Du-Vu Doll":0,"Emotion Chip":25,"Sundial":4,"Dead Branch":8,"CeramicFish":16,"StoneCalendar":25,"Orichalcum":19,"Cursed Key":0}]},"card_choices":[{"not_picked":["All For One","Multi-Cast"],"picked":"Echo Form","floor":6},{"not_picked":["All For One","Seek"],"picked":"Biased Cognition","floor":8}],"player_experience":1089534,"relics_obtained":[{"floor":1,"key":"Sundial"},{"floor":2,"key":"Dead Branch"},{"floor":6,"key":"CeramicFish"},{"floor":7,"key":"Orichalcum"},{"floor":8,"key":"Emotion Chip"},{"floor":9,"key":"StoneCalendar"}],"event_choices":[{"damage_healed":0,"gold_gain":0,"player_choice":"Grow","damage_taken":0,"max_hp_gain":0,"max_hp_loss":0,"event_name":"Living Wall","floor":3,"gold_loss":0,"cards_upgraded":["Zap"]},{"damage_healed":0,"gold_gain":0,"player_choice":"Entered Light","damage_taken":15,"max_hp_gain":0,"max_hp_loss":0,"event_name":"Shining Light","floor":4,"gold_loss":0,"cards_upgraded":["Strike_B","Strike_B"]},{"damage_healed":0,"gold_gain":75,"player_choice":"Gather Gold","damage_taken":11,"max_hp_gain":0,"max_hp_loss":0,"event_name":"World of Goop","floor":5,"gold_loss":0}],"is_beta":false,"boss_relics":[],"items_purged_floors":[],"is_endless":false,"potions_floor_spawned":[1],"killed_by":"3 Sentries","ascension_level":0}}