{"host":"syozzdlzcqop4jia","time":1612048900,"event":{"mods":["BaseMod","Colored Map","Colored Powertips","Minty Spire (QoL Compilation)","Quick Restart"],"gold_per_floor":[113,132,146,157,170,170,195,17,99,99,99],"floor_reached":10,"language":"ENG","playtime":598,"items_purged":[],"score":81,"play_id":"a0372a28-1e99-44fb-a41a-dd9cfb8ec357","local_time":"20210131002140","is_ascension_mode":true,"campfire_choices":[{"data":"Seeing Red","floor":6,"key":"SMITH"}],"circlet_count":0,"master_deck":["Strike_R","Strike_R","Strike_R","Strike_R","Strike_R","Defend_R","Defend_R","Defend_R","Defend_R","Bash","Dark Shackles","Sword Boomerang","Shockwave","Shrug It Off","Seeing Red+1","Pommel Strike","Rampage","The Bomb"],"relics":["Burning Blood","Boot","Pantograph"],"acts_visited":["Exordium"],"potions_floor_usage":[],"damage_taken":[{"damage":10,"enemies":"Cultist","floor":1,"turns":5},{"damage":0,"enemies":"2 Louse","floor":2,"turns":2},{"damage":0,"enemies":"Small Slimes","floor":3,"turns":3},{"damage":3,"enemies":"Looter","floor":4,"turns":3},{"damage":3,"enemies":"Blue Slaver","floor":5,"turns":4},{"damage":37,"enemies":"Lagavulin","floor":7,"turns":7},{"damage":65,"enemies":"Gremlin Nob","floor":10,"turns":5}],"seed_played":"-2243230461252032455","potions_obtained":[{"floor":2,"key":"PowerPotion"},{"floor":3,"key":"SneckoOil"}],"is_trial":false,"path_per_floor":["M","M","M","M","M","R","E","$","T","E"],"character_chosen":"IRONCLAD","items_purchased":["The Bomb"],"campfire_rested":0,"item_purchase_floors":[8],"current_hp_per_floor":[76,80,80,80,80,80,49,49,49,0,0],"gold":99,"neow_bonus":"RANDOM_COLORLESS","is_daily":false,"chose_seed":false,"campfire_upgraded":1,"win_rate":0.0,"timestamp":1612048900,"path_taken":["M","M","?","M","M","R","E","$","T","E"],"items_purchased_type":["Card"],"build_version":"2020-12-22","purchased_purges":0,"victory":false,"max_hp_per_floor":[80,80,80,80,80,80,80,80,80,80,80],"card_choices":[{"not_picked":["Finesse","Panacea"],"picked":"Dark Shackles","floor":0},{"not_picked":["Intimidate","Body Slam"],"picked":"Sword Boomerang","floor":1},{"not_picked":["Clash","Rupture"],"picked":"Shockwave","floor":2},{"not_picked":["Evolve","Armaments"],"picked":"Shrug It Off","floor":3},{"not_picked":["Metallicize","Power Through"],"picked":"Seeing Red","floor":4},{"not_picked":["Reckless Charge","Shrug It Off"],"picked":"Pommel Strike","floor":5},{"not_picked":["Sever Soul","Cleave"],"picked":"Rampage","floor":7}],"player_experience":455929,"relics_obtained":[{"floor":7,"key":"Boot"},{"floor":9,"key":"Pantograph"}],"event_choices":[],"is_beta":false,"boss_relics":[],"items_purged_floors":[],"is_endless":false,"potions_floor_spawned":[2,3],"killed_by":"Gremlin Nob","ascension_level":3}}