{"host":"91tsl82bt69efn37","time":1612036145,"event":{"mods":["2.2 Compatiblity","BaseMod","Colored Map","DeckTracker","Highlight Path","Keyboard Shortcuts","Minty Spire (QoL Compilation)","Permanent Neow","Quick Restart","SuperFastMode","everything is the same but u backflip on backflip"],"gold_per_floor":[113,129,129,79,4,23,23,43,43,43,58,58,72,84,84,84,84],"floor_reached":16,"language":"KOR","playtime":585,"items_purged":["Defend_R"],"score":99,"play_id":"55d32d2a-5119-401a-8c2c-3c85d7fe1ae7","local_time":"20210131044905","is_ascension_mode":true,"campfire_choices":[{"data":"Warcry","floor":7,"key":"SMITH"},{"data":"Dark Embrace","floor":12,"key":"SMITH"},{"data":"Sword Boomerang","floor":15,"key":"SMITH"}],"circlet_count":0,"master_deck":["Strike_R","Strike_R","Strike_R","Defend_R","Defend_R","Defend_R","Bash","True Grit","Dark Embrace+1","Sword Boomerang+1","Warcry+1","Shrug It Off"],"relics":["Burning Blood","The Courier"],"acts_visited":["Exordium"],"potions_floor_usage":[],"damage_taken":[{"damage":0,"enemies":"Jaw Worm","floor":1,"turns":5},{"damage":4,"enemies":"2 Louse","floor":2,"turns":4},{"damage":3,"enemies":"Small Slimes","floor":6,"turns":5},{"damage":12,"enemies":"Red Slaver","floor":8,"turns":8},{"damage":16,"enemies":"2 Fungi Beasts","floor":11,"turns":5},{"damage":21,"enemies":"Blue Slaver","floor":13,"turns":5},{"damage":14,"enemies":"3 Louse","floor":14,"turns":4},{"damage":0,"enemies":"Slime Boss","floor":16,"turns":3}],"seed_played":"3322046504915037123","potions_obtained":[{"floor":1,"key":"Ancient Potion"},{"floor":8,"key":"LiquidBronze"},{"floor":13,"key":"GamblersBrew"}],"is_trial":false,"path_per_floor":["M","M","?","?","$","M","R","M","T","?","M","R","M","M","R","B"],"character_chosen":"IRONCLAD","items_purchased":[],"campfire_rested":0,"item_purchase_floors":[],"current_hp_per_floor":[80,80,80,80,80,80,80,74,74,79,69,69,54,46,46,46,46],"gold":84,"neow_bonus":"TRANSFORM_CARD","is_daily":false,"chose_seed":false,"campfire_upgraded":3,"win_rate":0.0,"timestamp":1612036145,"path_taken":["M","M","?","?","?","?","R","M","T","?","M","R","M","M","R","BOSS"],"items_purchased_type":[],"build_version":"2020-12-22","purchased_purges":1,"victory":false,"max_hp_per_floor":[80,80,80,80,80,80,80,80,80,85,85,85,85,85,85,85,85],"card_choices":[{"not_picked":["Ghostly Armor","Perfected Strike"],"picked":"Dark Embrace","floor":1},{"not_picked":["Twin Strike","Clash"],"picked":"Sword Boomerang","floor":2},{"not_picked":["Iron Wave","Shrug It Off"],"picked":"Warcry","floor":6},{"not_picked":["Twin Strike","Pommel Strike","Heavy Blade"],"picked":"SKIP","floor":8},{"not_picked":["Iron Wave","Corruption","Heavy Blade"],"picked":"SKIP","floor":11},{"not_picked":["Blood for Blood","Sword Boomerang","Thunderclap"],"picked":"SKIP","floor":13},{"not_picked":["Disarm","Perfected Strike"],"picked":"Shrug It Off","floor":14}],"player_experience":74300,"relics_obtained":[{"floor":9,"key":"The Courier"}],"event_choices":[{"damage_healed":0,"gold_gain":0,"player_choice":"Ignored","damage_taken":0,"max_hp_gain":0,"max_hp_loss":0,"event_name":"Liars Game","floor":3,"gold_loss":0},{"cards_removed":["Strike_R"],"damage_healed":0,"gold_gain":0,"player_choice":"Card Removal","damage_taken":0,"max_hp_gain":0,"max_hp_loss":0,"event_name":"The Cleric","floor":4,"gold_loss":50},{"damage_healed":0,"gold_gain":0,"player_choice":"Donut","damage_taken":0,"max_hp_gain":5,"max_hp_loss":0,"event_name":"Big Fish","floor":10,"gold_loss":0}],"is_beta":false,"boss_relics":[],"items_purged_floors":[5],"is_endless":false,"potions_floor_spawned":[1,8,13],"killed_by":"Slime Boss","ascension_level":1}}