{"host":"jggt5i9rbuoqvque","time":1612029350,"event":{"mods":["BaseMod","Colored Map","Minty Spire (QoL Compilation)","StSLib"],"gold_per_floor":[115,115,134,59,59,59,77,77,103,115,135,135,165,65,65,167,167,179,179,54,66,79,105,105,137,137,137,237,237,251,251,251,251,251],"floor_reached":33,"language":"KOR","playtime":815,"items_purged":["Strike_R","Strike_R","Strike_R"],"score":382,"play_id":"584966c7-7cef-4cc7-960f-6302528cb3fc","local_time":"20210131025550","is_ascension_mode":true,"campfire_choices":[{"data":"Searing Blow+1","floor":6.0,"key":"SMITH"},{"data":"Searing Blow+2","floor":8.0,"key":"SMITH"},{"data":"Rampage","floor":12,"key":"SMITH"},{"data":"Searing Blow+3","floor":15,"key":"SMITH"},{"data":"Searing Blow+4","floor":24,"key":"SMITH"},{"data":"Searing Blow+5","floor":27,"key":"SMITH"},{"data":"Searing Blow+6","floor":29,"key":"SMITH"},{"data":"Searing Blow+7","floor":32,"key":"SMITH"}],"circlet_count":0,"master_deck":["Strike_R","Strike_R","Defend_R","Defend_R","Defend_R","Defend_R","Bash","Searing Blow+8","Rampage+1","Feed","Battle Trance","Shockwave+1"],"relics":["Black Blood","Happy Flower","PreservedInsect","Bird Faced Urn","Nunchaku","WingedGreaves","Darkstone Periapt","Thread and Needle","Paper Frog","Enchiridion"],"acts_visited":["Exordium","TheCity"],"potions_floor_usage":[10,16,23,25,33],"damage_taken":[{"damage":12.0,"enemies":"Jaw Worm","floor":1.0,"turns":3.0},{"damage":6.0,"enemies":"Cultist","floor":3.0,"turns":4.0},{"damage":3.0,"enemies":"2 Louse","floor":7.0,"turns":3.0},{"damage":15,"enemies":"Gremlin Gang","floor":10,"turns":3},{"damage":27,"enemies":"Large Slime","floor":11,"turns":6},{"damage":20,"enemies":"Lagavulin","floor":13,"turns":4},{"damage":18,"enemies":"The Guardian","floor":16,"turns":8},{"damage":23,"enemies":"Spheric Guardian","floor":18,"turns":4},{"damage":2,"enemies":"Chosen","floor":21,"turns":3},{"damage":14,"enemies":"Snake Plant","floor":22,"turns":3},{"damage":10,"enemies":"Gremlin Leader","floor":23,"turns":4},{"damage":35,"enemies":"Slavers","floor":25,"turns":3},{"damage":14,"enemies":"Colosseum Slavers","floor":28,"turns":3},{"damage":8,"enemies":"Colosseum Nobs","floor":28,"turns":3},{"damage":2,"enemies":"Centurion and Healer","floor":30,"turns":3},{"damage":73,"enemies":"Automaton","floor":33,"turns":6}],"seed_played":"-2111915150887022939","potions_obtained":[{"floor":7.0,"key":"DuplicationPotion"},{"floor":13,"key":"PowerPotion"},{"floor":18,"key":"LiquidMemories"},{"floor":23,"key":"Explosive Potion"},{"floor":30,"key":"Weak Potion"}],"is_trial":false,"path_per_floor":["M","?","M","$","?","R","M","R","T","M","M","R","E","$","R","B",null,"M","?","$","M","M","E","R","E","T","R","?","R","M","?","R","B"],"character_chosen":"IRONCLAD","items_purchased":[],"campfire_rested":0,"item_purchase_floors":[],"current_hp_per_floor":[74,62,62,62,62,62,65,65,65,56,35,35,21,21,21,11,69,61,55,55,65,63,65,65,45,45,45,47,47,57,41,41,0,0],"gold":251,"neow_bonus":"TEN_PERCENT_HP_BONUS","is_daily":false,"chose_seed":false,"campfire_upgraded":8,"win_rate":0.0,"timestamp":1612029350,"path_taken":["M","?","M","$","?","R","M","R","T","?","M","R","E","$","R","BOSS","M","?","$","M","?","E","R","E","T","R","?","R","M","?","R","BOSS"],"items_purchased_type":[],"build_version":"2020-12-22","purchased_purges":3,"victory":false,"max_hp_per_floor":[88,88,88,88,88,88,88,88,88,88,88,88,88,88,88,88,88,91,91,91,91,91,91,91,94,94,94,94,94,94,94,94,94,94],"card_choices":[{"not_picked":["Clothesline","Dark Embrace"],"picked":"Searing Blow","floor":1.0},{"not_picked":["Wild Strike","Iron Wave","Warcry"],"picked":"SKIP","floor":3.0},{"not_picked":["Warcry","Pommel Strike"],"picked":"Rampage","floor":7.0},{"not_picked":["Havoc","Brutality","Reckless Charge"],"picked":"SKIP","floor":10},{"not_picked":["Armaments","Clash","Heavy Blade"],"picked":"SKIP","floor":11},{"not_picked":["Havoc","Evolve","Sentinel"],"picked":"SKIP","floor":13},{"not_picked":["Immolate","Corruption"],"picked":"Feed","floor":16},{"not_picked":["Shockwave","Sword Boomerang","Armaments"],"picked":"SKIP","floor":18},{"not_picked":["Wild Strike+1","True Grit+1","Body Slam"],"picked":"SKIP","floor":21},{"not_picked":["Iron Wave+1","Shockwave","Berserk"],"picked":"SKIP","floor":22},{"not_picked":["Havoc","Body Slam"],"picked":"Battle Trance","floor":23},{"not_picked":["Sword Boomerang","Wild Strike+1"],"picked":"Shockwave+1","floor":25},{"not_picked":["True Grit+1","Sword Boomerang","Twin Strike+1"],"picked":"SKIP","floor":30}],"player_experience":343555,"relics_obtained":[{"floor":9.0,"key":"PreservedInsect"},{"floor":13,"key":"Bird Faced Urn"},{"floor":23,"key":"Nunchaku"},{"floor":25,"key":"WingedGreaves"},{"floor":26,"key":"Darkstone Periapt"},{"floor":28,"key":"Thread and Needle"},{"floor":28,"key":"Paper Frog"},{"floor":31,"key":"Enchiridion"}],"event_choices":[{"damage_healed":0.0,"max_hp_gain":0.0,"max_hp_loss":0.0,"gold_gain":0.0,"event_name":"Scrap Ooze","player_choice":"Success","floor":2.0,"gold_loss":0.0,"damage_taken":12.0,"relics_obtained":["Happy Flower"]},{"damage_healed":0.0,"max_hp_gain":0.0,"max_hp_loss":0.0,"gold_gain":0.0,"event_name":"Accursed Blacksmith","player_choice":"Forge","floor":5.0,"gold_loss":0.0,"damage_taken":0.0,"cards_upgraded":["Searing Blow"]},{"damage_healed":0,"gold_gain":0,"player_choice":"","damage_taken":6,"max_hp_gain":0,"max_hp_loss":0,"event_name":"Knowing Skull","floor":19,"potions_obtained":[],"gold_loss":0,"cards_obtained":[]},{"damage_healed":0,"gold_gain":0,"player_choice":"Fight","damage_taken":0,"max_hp_gain":0,"max_hp_loss":0,"event_name":"Colosseum","floor":28,"gold_loss":0},{"damage_healed":0,"gold_gain":0,"player_choice":"Fought Nobs","damage_taken":0,"max_hp_gain":0,"max_hp_loss":0,"event_name":"Colosseum","floor":28,"gold_loss":0},{"damage_healed":0,"gold_gain":0,"player_choice":"Obtained Book","damage_taken":16,"max_hp_gain":0,"max_hp_loss":0,"event_name":"Cursed Tome","floor":31,"gold_loss":0}],"is_beta":false,"boss_relics":[{"not_picked":["Velvet Choker","Runic Pyramid"],"picked":"Black Blood"}],"items_purged_floors":[4,14,20],"is_endless":false,"potions_floor_spawned":[7,13,18,23,30],"killed_by":"Automaton","ascension_level":7}}