{"host":"hbvn1mkfq2iixsau","time":1612026554,"event":{"mods":["AchievementEnabler","Act Like it!","BaseMod","Better Altar","Better Match","Better Sensory Stone","Better Skull","Better Third Choice","Challenge The Spire","Colored Map","Displayed Cursed Tome","Hermit","Minty Spire (QoL Compilation)","Quick Restart","Relic Stats","Shop Mod","StSLib"],"gold_per_floor":[219,219,238,238,250,283,295,295,376,405,434,434,494,494,494,592,592,606,619,401,401,401,426,426,182,182,182,198,198,198,211,211,307,307,320,337,337,337,91,91,109,120,145,199,199,230,248,275,275,275],"floor_reached":51,"language":"ENG","playtime":4258,"items_purged":[],"score":731,"play_id":"382bb3b3-5dd2-438e-bed5-a7d65fcf48e6","local_time":"20210130190914","is_ascension_mode":false,"campfire_choices":[{"data":"hermit:Quickdraw","floor":8.0,"key":"SMITH"},{"floor":15.0,"key":"REST"},{"data":"hermit:Determination","floor":24.0,"key":"SMITH"},{"floor":27.0,"key":"REST"},{"data":"hermit:Showdown","floor":32.0,"key":"SMITH"},{"data":"hermit:Maintenance","floor":40.0,"key":"SMITH"},{"floor":45,"key":"REST"},{"data":"hermit:Dissolve","floor":49,"key":"SMITH"}],"circlet_count":0,"master_deck":["hermit:Strike_Hermit+1","hermit:Strike_Hermit+1","hermit:Strike_Hermit+1","hermit:Strike_Hermit+1","hermit:Defend_Hermit+1","hermit:Defend_Hermit+1","hermit:Snapshot","hermit:Covet","hermit:ItchyTrigger","Distraction+1","hermit:FullyLoaded","hermit:Dissolve","hermit:Quickdraw+1","hermit:Dissolve+1","hermit:Showdown+1","hermit:Determination+1","hermit:HighCaliber","Finesse","Bandage Up","Pain","hermit:TrackingShot","hermit:EternalForm+1","hermit:LuckOfTheDraw+1","hermit:Maintenance+1","Parasite","hermit:Maintenance+1","hermit:TakeAim+1","hermit:BlackWind","hermit:HighCaliber+1"],"relics":["hermit:Momento","Mercury Hourglass","Bronze Scales","StrikeDummy","Odd Mushroom","Blue Candle","Runic Pyramid","MerchantsRug","Frozen Egg 2","Matryoshka","Blood Vial","Juzu Bracelet","WarpedTongs","hermit:BartenderGlass","Bottled Tornado","Akabeko","Peace Pipe","Mango","Boot"],"acts_visited":["Exordium","TheCity","TheBeyond"],"potions_floor_usage":[44,44,44,46,47,47,48,48,50,50],"damage_taken":[{"damage":0.0,"enemies":"2 Louse","floor":1.0,"turns":2.0},{"damage":1.0,"enemies":"Jaw Worm","floor":3.0,"turns":2.0},{"damage":0.0,"enemies":"Small Slimes","floor":5.0,"turns":2.0},{"damage":30.0,"enemies":"Lagavulin","floor":6.0,"turns":6.0},{"damage":0.0,"enemies":"2 Fungi Beasts","floor":7.0,"turns":2.0},{"damage":4.0,"enemies":"The Mushroom Lair","floor":10.0,"turns":3.0},{"damage":8.0,"enemies":"3 Sentries","floor":11.0,"turns":5.0},{"damage":33.0,"enemies":"The Guardian","floor":16.0,"turns":11.0},{"damage":9.0,"enemies":"Shell Parasite","floor":18.0,"turns":5.0},{"damage":13.0,"enemies":"2 Thieves","floor":19.0,"turns":3.0},{"damage":21.0,"enemies":"Book of Stabbing","floor":23.0,"turns":5.0},{"damage":11.0,"enemies":"Centurion and Healer","floor":28.0,"turns":5.0},{"damage":1.0,"enemies":"Snake Plant","floor":31.0,"turns":3.0},{"damage":25.0,"enemies":"Collector","floor":33.0,"turns":9.0},{"damage":15.0,"enemies":"3 Shapes","floor":35.0,"turns":3.0},{"damage":8.0,"enemies":"Orb Walker","floor":36.0,"turns":3.0},{"damage":7,"enemies":"Writhing Mass","floor":41,"turns":5},{"damage":37,"enemies":"Spire Growth","floor":42,"turns":5},{"damage":33,"enemies":"2 Orb Walkers","floor":44,"turns":4},{"damage":1,"enemies":"Nemesis","floor":46,"turns":7},{"damage":13,"enemies":"3 Darklings","floor":47,"turns":3},{"damage":1,"enemies":"Giant Head","floor":48,"turns":7},{"damage":47,"enemies":"Donu and Deca","floor":50,"turns":10}],"seed_played":"3134963438120456216","potions_obtained":[{"floor":3.0,"key":"hermit:Eclipse"},{"floor":5.0,"key":"LiquidBronze"},{"floor":6.0,"key":"GamblersBrew"},{"floor":16.0,"key":"ColorlessPotion"},{"floor":31.0,"key":"Regen Potion"},{"floor":33.0,"key":"PowerPotion"},{"floor":46,"key":"Explosive Potion"},{"floor":48,"key":"Fruit Juice"}],"is_trial":false,"path_per_floor":["M","?","M","$","M","E","M","R","T","?","E","?","?","?","R","B",null,"M","M","$","?","?","E","R","$","T","R","M","?","?","M","R","B",null,"M","M","?","?","$","R","M","M","T","?","R","E","M","E","R","B",null],"character_chosen":"HERMIT","items_purchased":["hermit:Determination","MerchantsRug","Matryoshka","Bottled Tornado"],"campfire_rested":3,"item_purchase_floors":[20,20,25,39],"current_hp_per_floor":[75,63,62,62,62,32,32,32,32,28,20,20,20,20,42,9,75,66,53,53,53,53,32,32,32,32,54,45,45,45,50,50,33,75,61,59,59,59,59,59,58,27,27,10,32,51,40,55,55,14],"gold":275,"neow_bonus":"HUNDRED_GOLD","is_daily":false,"chose_seed":false,"campfire_upgraded":5,"win_rate":0.0,"timestamp":1612026554,"path_taken":["M","?","M","$","M","E","M","R","T","?","E","?","?","?","R","BOSS","M","?","$","?","?","E","R","?","T","R","M","?","?","M","R","BOSS","M","M","?","?","$","R","M","M","T","?","R","E","M","E","R","BOSS"],"items_purchased_type":["Card","Relic","Relic","Relic"],"build_version":"2020-12-22","purchased_purges":0,"victory":true,"max_hp_per_floor":[75,75,75,75,75,75,75,75,75,75,75,75,75,75,75,75,75,75,75,75,75,75,75,75,75,75,75,75,75,75,75,75,75,75,75,75,75,75,75,75,75,75,75,75,75,89,89,99,99,99],"relic_stats":{"Blood Vial":22,"Peace Pipe":0,"counters":[23,110],"Bronze Scales":[298],"Blue Candle":[8],"Juzu Bracelet":2,"Boot":[2],"obtain_stats":[{"MerchantsRug":20,"Blue Candle":11,"Mango":46,"Juzu Bracelet":26,"Odd Mushroom":10,"Frozen Egg 2":23,"Bottled Tornado":39,"Boot":48,"Akabeko":43,"Mercury Hourglass":2,"WarpedTongs":30,"Blood Vial":26,"Peace Pipe":44,"Matryoshka":25,"Bronze Scales":6,"hermit:BartenderGlass":34,"StrikeDummy":9,"hermit:Momento":0,"Runic Pyramid":17},{"MerchantsRug":10,"Blue Candle":7,"Mango":20,"Juzu Bracelet":11,"Odd Mushroom":6,"Frozen Egg 2":11,"Bottled Tornado":16,"Boot":22,"Akabeko":18,"Mercury Hourglass":1,"WarpedTongs":12,"Blood Vial":11,"Peace Pipe":19,"Matryoshka":11,"Bronze Scales":4,"hermit:BartenderGlass":14,"StrikeDummy":5,"hermit:Momento":0,"Runic Pyramid":8},{"MerchantsRug":41,"Blue Candle":22,"Mango":90,"Juzu Bracelet":46,"Odd Mushroom":17,"Frozen Egg 2":46,"Bottled Tornado":69,"Boot":100,"Akabeko":79,"Mercury Hourglass":2,"WarpedTongs":51,"Blood Vial":46,"Peace Pipe":83,"Matryoshka":46,"Bronze Scales":12,"hermit:BartenderGlass":63,"StrikeDummy":14,"hermit:Momento":0,"Runic Pyramid":33}],"Mercury Hourglass":[394],"WarpedTongs":[56]},"card_choices":[{"not_picked":["hermit:Glare","hermit:Coalescence"],"picked":"hermit:ItchyTrigger","floor":1.0},{"not_picked":["hermit:Coalescence","hermit:Dive"],"picked":"hermit:FullyLoaded","floor":3.0},{"not_picked":["hermit:LowProfile","hermit:SprayPray","hermit:Glare"],"picked":"SKIP","floor":5.0},{"not_picked":["hermit:Desperado","hermit:Dive"],"picked":"hermit:Dissolve","floor":6.0},{"not_picked":["hermit:PistolWhip","hermit:Combo"],"picked":"hermit:Quickdraw","floor":7.0},{"not_picked":["hermit:Feint","hermit:Manifest","hermit:Grudge"],"picked":"SKIP","floor":11.0},{"not_picked":["hermit:Purgatory","hermit:FatalDesire"],"picked":"hermit:Dissolve","floor":16.0},{"not_picked":["hermit:Manifest","hermit:Shortfuse"],"picked":"hermit:Showdown","floor":18.0},{"not_picked":["hermit:HoleUp+1","hermit:Ricochet","hermit:Dive"],"picked":"SKIP","floor":19.0},{"not_picked":["hermit:Dive","hermit:WideOpen","hermit:Headshot"],"picked":"SKIP","floor":23.0},{"not_picked":["hermit:Midnight","hermit:FlashPowder"],"picked":"hermit:HighCaliber","floor":28.0},{"not_picked":["Discovery","Deep Breath"],"picked":"Finesse","floor":29.0},{"not_picked":["Thinking Ahead","Panacea"],"picked":"Bandage Up","floor":29.0},{"not_picked":["hermit:Midnight","hermit:Roulette"],"picked":"hermit:TrackingShot","floor":31.0},{"not_picked":["hermit:FinalCanter","hermit:OverwhelmingPower+1"],"picked":"hermit:EternalForm+1","floor":33.0},{"not_picked":["hermit:SprayPray","hermit:Midnight"],"picked":"hermit:LuckOfTheDraw+1","floor":35.0},{"not_picked":["hermit:Virtue+1","hermit:BigShot+1"],"picked":"hermit:Maintenance","floor":36.0},{"not_picked":["hermit:Roulette","hermit:Horror+1"],"picked":"hermit:Maintenance+1","floor":41},{"not_picked":["hermit:WideOpen+1","hermit:Vantage"],"picked":"hermit:TakeAim+1","floor":42},{"not_picked":["hermit:Desperado+1","hermit:Malice"],"picked":"hermit:BlackWind","floor":46},{"not_picked":["hermit:Snipe","hermit:Headshot","hermit:WideOpen"],"picked":"SKIP","floor":47},{"not_picked":["hermit:SprayPray+1","hermit:Snipe+1"],"picked":"hermit:HighCaliber+1","floor":48}],"player_experience":248735,"relics_obtained":[{"floor":6.0,"key":"Bronze Scales"},{"floor":9.0,"key":"StrikeDummy"},{"floor":10.0,"key":"Odd Mushroom"},{"floor":11.0,"key":"Blue Candle"},{"floor":23.0,"key":"Frozen Egg 2"},{"floor":26.0,"key":"Blood Vial"},{"floor":26.0,"key":"Juzu Bracelet"},{"floor":43,"key":"Akabeko"},{"floor":44,"key":"Peace Pipe"},{"floor":46,"key":"Mango"},{"floor":48,"key":"Boot"}],"event_choices":[{"damage_healed":0.0,"max_hp_gain":0.0,"max_hp_loss":0.0,"gold_gain":0.0,"event_name":"Mushrooms","player_choice":"Fought Mushrooms","floor":10.0,"gold_loss":0.0,"damage_taken":0.0},{"damage_healed":0.0,"max_hp_gain":0.0,"max_hp_loss":0.0,"gold_gain":0.0,"event_name":"Dead Adventurer","player_choice":"Searched \u00270\u0027 times","floor":12.0,"gold_loss":0.0,"damage_taken":0.0},{"damage_healed":0.0,"max_hp_gain":0.0,"max_hp_loss":0.0,"gold_gain":60.0,"event_name":"Golden Wing","player_choice":"Gained Gold","floor":13.0,"gold_loss":0.0,"damage_taken":0.0},{"cards_removed":["hermit:Defend_Hermit"],"damage_healed":0.0,"max_hp_gain":0.0,"max_hp_loss":0.0,"gold_gain":0.0,"event_name":"Wheel of Change","player_choice":"Card Removal","floor":14.0,"gold_loss":0.0,"damage_taken":0.0},{"damage_healed":0.0,"max_hp_gain":0.0,"max_hp_loss":0.0,"gold_gain":0.0,"event_name":"Vampires","player_choice":"Ignored","floor":21.0,"gold_loss":0.0,"damage_taken":0.0},{"damage_healed":0.0,"max_hp_gain":0.0,"max_hp_loss":7.0,"gold_gain":0.0,"event_name":"betterThird:BetterWriting","player_choice":"Simplicity","floor":22.0,"gold_loss":0.0,"damage_taken":0.0},{"damage_healed":0.0,"max_hp_gain":0.0,"max_hp_loss":0.0,"gold_gain":2.0,"event_name":"betterStone:BetterStone","player_choice":"1","floor":29.0,"gold_loss":0.0,"damage_taken":0.0},{"damage_healed":0.0,"max_hp_gain":0.0,"max_hp_loss":0.0,"gold_gain":0.0,"event_name":"Accursed Blacksmith","player_choice":"Rummage","floor":30.0,"gold_loss":0.0,"damage_taken":0.0,"relics_obtained":["WarpedTongs"],"cards_obtained":["Pain"]},{"cards_removed":["hermit:Defend_Hermit"],"damage_healed":0.0,"max_hp_gain":0.0,"max_hp_loss":0.0,"gold_gain":0.0,"event_name":"Falling","player_choice":"Removed Skill","floor":37.0,"gold_loss":0.0,"damage_taken":0.0},{"damage_healed":0.0,"max_hp_gain":0.0,"max_hp_loss":0.0,"gold_gain":0.0,"event_name":"The Woman in Blue","player_choice":"Bought 0 Potions","floor":38.0,"gold_loss":0.0,"damage_taken":0.0},{"damage_healed":0,"gold_gain":0,"player_choice":"Fight","damage_taken":0,"max_hp_gain":0,"max_hp_loss":0,"event_name":"Mysterious Sphere","floor":44,"gold_loss":0}],"is_beta":false,"boss_relics":[{"not_picked":["SacredBark","Coffee Dripper"],"picked":"Runic Pyramid"},{"not_picked":["Runic Dome","hermit:DentedPlate"],"picked":"hermit:BartenderGlass"}],"items_purged_floors":[],"is_endless":false,"potions_floor_spawned":[3,5,6,10,11,16,19,31,33,41,42,46,48],"ascension_level":0}}