{"host":"bg8va46pgqgvtzim","time":1612000937,"event":{"mods":["BaseMod","Minty Spire (QoL Compilation)","Quick Restart","StSLib","SuperFastMode"],"gold_per_floor":[118,129,204,23,40,40,55,84,84,97,126,126,126,126,126,138,156,44,44,54,70,70,169,219,239,249,262,272,283,208,208,236,236,236,236,256,306,320,351,351,367,386,399,411,411,411,510,510,530,281,294,306,325,344,344,344,358,384,397,467,467,342,342,359,13,13,39,56,82,82,82,82,82,82,38,65,65],"floor_reached":78,"language":"ZHS","playtime":2065,"items_purged":["Strike_G","Dagger Throw","Dagger Throw+1","Defend_G"],"score":1872,"play_id":"5c8ff208-2184-43d6-81c0-49a1d9b6743f","local_time":"20210130180217","is_ascension_mode":true,"campfire_choices":[{"data":"Apotheosis","floor":9.0,"key":"SMITH"},{"floor":12.0,"key":"RECALL"},{"data":"Neutralize","floor":15.0,"key":"SMITH"},{"data":"Accuracy","floor":22.0,"key":"SMITH"},{"data":"Footwork","floor":31.0,"key":"SMITH"},{"data":"Eviscerate","floor":34.0,"key":"SMITH"},{"data":"Survivor","floor":40.0,"key":"SMITH"},{"data":"Defend_G","floor":45.0,"key":"SMITH"},{"data":"Dagger Throw","floor":46.0,"key":"SMITH"},{"floor":55.0,"key":"REST"},{"floor":63.0,"key":"REST"},{"floor":66.0,"key":"REST"},{"floor":71.0,"key":"REST"},{"floor":74.0,"key":"REST"}],"circlet_count":0,"master_deck":["Defend_G+1","Defend_G+1","Survivor+1","Neutralize+1","Infinite Blades+1","Apotheosis+1","Cloak And Dagger+1","Cloak And Dagger+1","Acrobatics+1","Calculated Gamble+1","Accuracy+1","Reflex+1","Expertise+1","Prepared+1","Adrenaline+1","Footwork+1","Calculated Gamble+1","Reflex+1","Eviscerate+1","Terror+1","Acrobatics+1","Concentrate+1","Concentrate+1","Prepared+1","Prepared+1","Escape Plan+1","Finesse+1"],"relics":["Ring of the Snake","Toxic Egg 2","Meat on the Bone","Tough Bandages","Mercury Hourglass","Tiny House","Tingsha","Potion Belt","Fusion Hammer","Bag of Preparation","FossilizedHelix","Bottled Lightning","Sundial","Membership Card","Shuriken","Kunai","War Paint","Calipers"],"acts_visited":["Exordium","TheCity","TheBeyond","TheEnding"],"potions_floor_usage":[77,77,77,77,77,77,77,77,77,77,77,77,77],"damage_taken":[{"damage":0.0,"enemies":"Jaw Worm","floor":1.0,"turns":5.0},{"damage":0.0,"enemies":"Cultist","floor":2.0,"turns":3.0},{"damage":0.0,"enemies":"Small Slimes","floor":5.0,"turns":3.0},{"damage":1.0,"enemies":"Blue Slaver","floor":7.0,"turns":4.0},{"damage":5.0,"enemies":"Lagavulin","floor":8.0,"turns":7.0},{"damage":1.0,"enemies":"Looter","floor":10.0,"turns":4.0},{"damage":5.0,"enemies":"3 Sentries","floor":11.0,"turns":9.0},{"damage":0.0,"enemies":"Large Slime","floor":16.0,"turns":4.0},{"damage":0.0,"enemies":"Gremlin Gang","floor":17.0,"turns":3.0},{"damage":1.0,"enemies":"Exordium Thugs","floor":20.0,"turns":4.0},{"damage":0.0,"enemies":"Red Slaver","floor":21.0,"turns":2.0},{"damage":9.0,"enemies":"Hexaghost","floor":23.0,"turns":7.0},{"damage":0.0,"enemies":"Spheric Guardian","floor":25.0,"turns":3.0},{"damage":0.0,"enemies":"Shell Parasite","floor":26.0,"turns":3.0},{"damage":0.0,"enemies":"3 Cultists","floor":27.0,"turns":5.0},{"damage":0.0,"enemies":"Shelled Parasite and Fungi","floor":28.0,"turns":5.0},{"damage":0.0,"enemies":"Centurion and Healer","floor":29.0,"turns":2.0},{"damage":0.0,"enemies":"Slavers","floor":32.0,"turns":2.0},{"damage":4.0,"enemies":"Snecko","floor":36.0,"turns":3.0},{"damage":0.0,"enemies":"Snake Plant","floor":38.0,"turns":2.0},{"damage":0.0,"enemies":"Book of Stabbing","floor":39.0,"turns":2.0},{"damage":0.0,"enemies":"Chosen and Byrds","floor":41.0,"turns":2.0},{"damage":0.0,"enemies":"Snecko","floor":42.0,"turns":1.0},{"damage":0.0,"enemies":"Centurion and Healer","floor":43.0,"turns":2.0},{"damage":0.0,"enemies":"Sentry and Sphere","floor":44.0,"turns":1.0},{"damage":0.0,"enemies":"Champ","floor":47.0,"turns":3.0},{"damage":8.0,"enemies":"3 Darklings","floor":49.0,"turns":3.0},{"damage":0.0,"enemies":"Orb Walker","floor":51.0,"turns":1.0},{"damage":0.0,"enemies":"3 Darklings","floor":52.0,"turns":1.0},{"damage":0.0,"enemies":"Maw","floor":53.0,"turns":1.0},{"damage":0.0,"enemies":"Sphere and 2 Shapes","floor":54.0,"turns":1.0},{"damage":0.0,"enemies":"4 Shapes","floor":57.0,"turns":1.0},{"damage":0.0,"enemies":"Giant Head","floor":58.0,"turns":1.0},{"damage":0.0,"enemies":"Transient","floor":59.0,"turns":1.0},{"damage":0.0,"enemies":"Maw","floor":64.0,"turns":1.0},{"damage":0.0,"enemies":"Reptomancer","floor":67.0,"turns":1.0},{"damage":0.0,"enemies":"4 Shapes","floor":68.0,"turns":1.0},{"damage":0.0,"enemies":"Giant Head","floor":69.0,"turns":1.0},{"damage":0.0,"enemies":"Awakened One","floor":72.0,"turns":2.0},{"damage":0,"enemies":"Shield and Spear","floor":76,"turns":1},{"damage":0,"enemies":"The Heart","floor":77,"turns":3}],"seed_played":"-5476886596333356197","potions_obtained":[{"floor":5.0,"key":"EntropicBrew"},{"floor":8.0,"key":"Poison Potion"},{"floor":11.0,"key":"SpeedPotion"},{"floor":16.0,"key":"DuplicationPotion"},{"floor":17.0,"key":"SkillPotion"},{"floor":27.0,"key":"DuplicationPotion"},{"floor":28.0,"key":"GhostInAJar"},{"floor":39.0,"key":"Block Potion"},{"floor":41.0,"key":"Regen Potion"},{"floor":64.0,"key":"DistilledChaos"},{"floor":68.0,"key":"EntropicBrew"}],"is_trial":false,"path_per_floor":["M","M","?","$","M","T","M","E","R","M","E","R","T","?","R","M","M","$","?","M","M","R","B",null,"M","M","M","M","M","?","R","E","?","R","T","M","?","M","E","R","M","M","M","M","R","R","B",null,"M","$","M","M","M","M","R","?","M","E","M","T","T","$","R","M","$","R","E","M","E","?","R","B",null,"R","$","E","B",null],"character_chosen":"THE_SILENT","items_purchased":["Apotheosis","Reflex+1","Bag of Preparation","Membership Card","Shuriken","Finesse+1"],"campfire_rested":5,"item_purchase_floors":[4,18,50,65,65,75],"current_hp_per_floor":[63,63,57,57,57,57,56,51,51,50,45,45,45,38,38,38,38,38,38,37,37,37,40,68,68,68,68,68,68,68,68,68,68,68,68,64,64,64,64,64,64,64,64,64,64,64,64,68,60,60,60,60,60,60,68,68,68,68,68,68,68,68,68,68,68,68,68,68,68,65,65,65,65,65,65,65,65],"gold":65,"neow_bonus":"TRANSFORM_TWO_CARDS","is_daily":false,"chose_seed":false,"campfire_upgraded":8,"win_rate":0.0,"timestamp":1612000937,"path_taken":["M","M","?","?","M","?","?","E","R","M","E","R","T","?","R","M","M","$","?","M","M","R","BOSS","M","M","M","M","M","?","R","E","?","R","T","M","?","M","E","R","?","M","M","M","R","R","BOSS","M","$","M","M","M","M","R","?","M","E","M","T","T","?","R","M","$","R","E","?","E","?","R","BOSS","R","$","E","BOSS"],"items_purchased_type":["Card","Card","Relic","Relic","Relic","Card"],"build_version":"2020-12-22","purchased_purges":4,"victory":true,"max_hp_per_floor":[63,63,63,63,63,63,63,63,63,63,63,63,63,63,63,63,63,63,63,63,63,63,63,68,68,68,68,68,68,68,68,68,68,68,68,68,68,68,68,68,68,68,68,68,68,68,68,68,68,68,68,68,68,68,68,68,68,68,68,68,68,68,68,68,68,68,68,68,68,65,65,65,65,65,65,65,65],"card_choices":[{"not_picked":["Dagger Spray","Heel Hook","Quick Slash"],"picked":"SKIP","floor":1.0},{"not_picked":["Acrobatics","Heel Hook"],"picked":"Infinite Blades","floor":2.0},{"not_picked":["Finisher","Deadly Poison","Slice"],"picked":"SKIP","floor":5.0},{"not_picked":["Masterful Stab","Backstab"],"picked":"Cloak And Dagger+1","floor":7.0},{"not_picked":["Deadly Poison+1","PiercingWail+1"],"picked":"Cloak And Dagger+1","floor":10.0},{"not_picked":["Dagger Spray","Poisoned Stab"],"picked":"Acrobatics+1","floor":11.0},{"not_picked":["Predator","Dagger Spray"],"picked":"Calculated Gamble+1","floor":16.0},{"not_picked":["Backflip+1","Outmaneuver+1"],"picked":"Accuracy","floor":17.0},{"not_picked":["Escape Plan+1","Storm of Steel+1"],"picked":"Expertise+1","floor":20.0},{"not_picked":["Dodge and Roll+1","Setup+1"],"picked":"Prepared+1","floor":21.0},{"not_picked":["Bullet Time+1","A Thousand Cuts"],"picked":"Adrenaline+1","floor":23.0},{"not_picked":["Noxious Fumes","Dagger Throw"],"picked":"Footwork","floor":24.0},{"not_picked":["Deflect+1","Dagger Throw"],"picked":"Calculated Gamble+1","floor":25.0},{"not_picked":["Cloak And Dagger+1","Poisoned Stab","Distraction+1"],"picked":"SKIP","floor":26.0},{"not_picked":["Deadly Poison+1","Bane"],"picked":"Reflex+1","floor":27.0},{"not_picked":["Acrobatics+1","Endless Agony"],"picked":"Eviscerate","floor":28.0},{"not_picked":["Skewer","Deadly Poison+1"],"picked":"Terror+1","floor":29.0},{"not_picked":["Predator+1","Heel Hook","Footwork"],"picked":"SKIP","floor":32.0},{"not_picked":["Dash","Dodge and Roll+1","Cloak And Dagger+1"],"picked":"SKIP","floor":36.0},{"not_picked":["Cloak And Dagger+1","Backflip+1","Deflect+1"],"picked":"SKIP","floor":38.0},{"not_picked":["Distraction+1","Escape Plan+1"],"picked":"Acrobatics+1","floor":39.0},{"not_picked":["Endless Agony+1","Well Laid Plans","Dagger Throw"],"picked":"SKIP","floor":41.0},{"not_picked":["Crippling Poison+1","Poisoned Stab","Skewer"],"picked":"SKIP","floor":42.0},{"not_picked":["Accuracy","Underhanded Strike","Backflip+1"],"picked":"SKIP","floor":43.0},{"not_picked":["Setup+1","Poisoned Stab","Masterful Stab"],"picked":"SKIP","floor":44.0},{"not_picked":["Poisoned Stab","Noxious Fumes+1"],"picked":"Concentrate+1","floor":49.0},{"not_picked":["Predator","Endless Agony+1","Cloak And Dagger+1"],"picked":"SKIP","floor":51.0},{"not_picked":["Backflip+1","Backstab+1"],"picked":"Concentrate+1","floor":52.0},{"not_picked":["Deadly Poison+1","Predator+1","Sucker Punch"],"picked":"SKIP","floor":53.0},{"not_picked":["Underhanded Strike+1","Tactician+1"],"picked":"Prepared+1","floor":54.0},{"not_picked":["Deadly Poison+1","Blade Dance+1"],"picked":"Prepared+1","floor":57.0},{"not_picked":["Slice","Underhanded Strike+1","Backstab+1"],"picked":"SKIP","floor":58.0},{"not_picked":["Outmaneuver+1","Night Terror+1","Deadly Poison+1"],"picked":"SKIP","floor":59.0},{"not_picked":["Bouncing Flask+1","Concentrate+1","Slice"],"picked":"SKIP","floor":64.0},{"not_picked":["Flying Knee+1","Catalyst+1","Riddle With Holes"],"picked":"SKIP","floor":67.0},{"not_picked":["Prepared+1","Blade Dance+1"],"picked":"Escape Plan+1","floor":68.0},{"not_picked":["Skewer+1","Slice","Flying Knee"],"picked":"SKIP","floor":69.0},{"not_picked":["Dagger Spray+1","Bane+1","Glass Knife"],"picked":"SKIP","floor":76}],"player_experience":2353327,"relics_obtained":[{"floor":6.0,"key":"Toxic Egg 2"},{"floor":8.0,"key":"Meat on the Bone"},{"floor":11.0,"key":"Tough Bandages"},{"floor":13.0,"key":"Mercury Hourglass"},{"floor":32.0,"key":"Tingsha"},{"floor":39.0,"key":"Potion Belt"},{"floor":58.0,"key":"FossilizedHelix"},{"floor":60.0,"key":"Bottled Lightning"},{"floor":61.0,"key":"Sundial"},{"floor":67.0,"key":"Kunai"},{"floor":69.0,"key":"War Paint"},{"floor":76,"key":"Calipers"}],"event_choices":[{"damage_healed":0.0,"max_hp_gain":0.0,"max_hp_loss":0.0,"gold_gain":75.0,"event_name":"FaceTrader","player_choice":"Touch","floor":3.0,"gold_loss":0.0,"damage_taken":6.0},{"cards_removed":["Strike_G"],"damage_healed":0.0,"max_hp_gain":0.0,"max_hp_loss":0.0,"gold_gain":0.0,"event_name":"Golden Wing","player_choice":"Card Removal","floor":14.0,"gold_loss":0.0,"damage_taken":7.0},{"damage_healed":0.0,"max_hp_gain":0.0,"max_hp_loss":0.0,"gold_gain":0.0,"event_name":"Liars Game","player_choice":"Ignored","floor":19.0,"gold_loss":0.0,"damage_taken":0.0},{"cards_removed":["Strike_G"],"damage_healed":0.0,"max_hp_gain":0.0,"max_hp_loss":0.0,"gold_gain":0.0,"event_name":"Beggar","player_choice":"Gave Gold","floor":30.0,"gold_loss":75.0,"damage_taken":0.0},{"cards_removed":["Defend_G"],"damage_healed":0.0,"max_hp_gain":0.0,"max_hp_loss":0.0,"gold_gain":0.0,"event_name":"Back to Basics","player_choice":"Elegance","floor":33.0,"gold_loss":0.0,"damage_taken":0.0},{"damage_healed":0.0,"max_hp_gain":0.0,"max_hp_loss":0.0,"gold_gain":100.0,"event_name":"The Joust","player_choice":"Bet on Murderer","floor":37.0,"gold_loss":50.0,"damage_taken":0.0},{"cards_removed":["Defend_G"],"damage_healed":0.0,"max_hp_gain":0.0,"max_hp_loss":0.0,"gold_gain":0.0,"event_name":"Purifier","player_choice":"Purged","floor":56.0,"gold_loss":0.0,"damage_taken":0.0},{"damage_healed":0.0,"max_hp_gain":0.0,"max_hp_loss":3.0,"gold_gain":0.0,"event_name":"Winding Halls","player_choice":"Max HP","floor":70.0,"gold_loss":0.0,"damage_taken":0.0}],"is_beta":false,"boss_relics":[{"not_picked":["Velvet Choker","Ectoplasm"],"picked":"Tiny House"},{"not_picked":["Astrolabe","SacredBark"],"picked":"Fusion Hammer"}],"items_purged_floors":[18,50,62,65],"is_endless":false,"potions_floor_spawned":[5,8,11,16,17,21,23,27,28,39,41,43,44,51,52,54,64,67,68],"ascension_level":1}}