{"host":"gquo1rsrdiuo0hhv","time":1612021563,"event":{"mods":["Act Like it!","BaseMod","Colored Powertips","Minty Spire (QoL Compilation)","Quick Restart","StSLib"],"gold_per_floor":[113,113,133,54,72,72,84,117,141,176,176,176,156,331,331,331,331],"floor_reached":16,"language":"ENG","playtime":535,"items_purged":[],"score":113,"play_id":"28c1b883-06d8-4ec1-97b4-851f48439f64","local_time":"20210130224603","is_ascension_mode":true,"campfire_choices":[{"data":"Bash","floor":6,"key":"SMITH"},{"floor":15,"key":"REST"}],"circlet_count":0,"master_deck":["Strike_R","Strike_R+1","Strike_R","Strike_R","Defend_R+1","Defend_R","Defend_R","Defend_R","Bash+1","Iron Wave","Power Through","Seeing Red","Flex","Whirlwind","Evolve","Regret","Doubt"],"relics":["Burning Blood","Pen Nib","Vajra","Juzu Bracelet","Pocketwatch","Meat on the Bone"],"acts_visited":["Exordium"],"potions_floor_usage":[10,10],"damage_taken":[{"damage":6,"enemies":"Jaw Worm","floor":1,"turns":4},{"damage":6,"enemies":"2 Louse","floor":3,"turns":3},{"damage":3,"enemies":"Small Slimes","floor":5,"turns":3},{"damage":1,"enemies":"3 Louse","floor":7,"turns":5},{"damage":63,"enemies":"3 Sentries","floor":8,"turns":18},{"damage":7,"enemies":"Lagavulin","floor":10,"turns":6},{"damage":32,"enemies":"Slime Boss","floor":16,"turns":4}],"seed_played":"-1400304942849337461","potions_obtained":[{"floor":1,"key":"DuplicationPotion"},{"floor":8,"key":"HeartOfIron"},{"floor":10,"key":"GamblersBrew"}],"is_trial":false,"path_per_floor":["M","?","M","$","M","R","M","E","T","E","?","?","?","?","R","B"],"character_chosen":"IRONCLAD","items_purchased":["Power Through"],"campfire_rested":1,"item_purchase_floors":[4],"current_hp_per_floor":[80,64,64,64,67,67,72,15,15,14,11,11,11,11,35,3,3],"gold":331,"neow_bonus":"REMOVE_CARD","is_daily":false,"chose_seed":false,"campfire_upgraded":1,"win_rate":0.0,"timestamp":1612021563,"path_taken":["M","?","M","$","M","R","M","E","T","E","?","?","?","?","R","BOSS"],"items_purchased_type":["Card"],"build_version":"2020-12-22","purchased_purges":0,"victory":false,"max_hp_per_floor":[80,80,80,80,80,80,80,80,80,80,80,80,80,80,80,80,80],"card_choices":[{"not_picked":["Second Wind","Sword Boomerang","Anger"],"picked":"SKIP","floor":1},{"not_picked":["Warcry","Clash"],"picked":"Iron Wave","floor":3},{"not_picked":["Thunderclap","Warcry"],"picked":"Seeing Red","floor":5},{"not_picked":["Perfected Strike","Headbutt"],"picked":"Flex","floor":7},{"not_picked":["Blood for Blood","Havoc"],"picked":"Whirlwind","floor":8},{"not_picked":["Reckless Charge","Cleave"],"picked":"Evolve","floor":10}],"player_experience":408830,"relics_obtained":[{"floor":8,"key":"Pen Nib"},{"floor":9,"key":"Vajra"},{"floor":10,"key":"Juzu Bracelet"}],"event_choices":[{"damage_healed":0,"gold_gain":0,"player_choice":"Entered Light","damage_taken":16,"max_hp_gain":0,"max_hp_loss":0,"event_name":"Shining Light","floor":2,"gold_loss":0,"cards_upgraded":["Strike_R","Defend_R"]},{"damage_healed":0,"gold_gain":0,"player_choice":"Success","damage_taken":3,"relics_obtained":["Pocketwatch"],"max_hp_gain":0,"max_hp_loss":0,"event_name":"Scrap Ooze","floor":11,"gold_loss":0},{"damage_healed":0,"gold_gain":0,"player_choice":"Box","damage_taken":0,"relics_obtained":["Meat on the Bone"],"max_hp_gain":0,"max_hp_loss":0,"event_name":"Big Fish","floor":12,"gold_loss":0,"cards_obtained":["Regret"]},{"damage_healed":0,"gold_gain":0,"player_choice":"Left Gold","damage_taken":0,"max_hp_gain":0,"max_hp_loss":0,"event_name":"World of Goop","floor":13,"gold_loss":20},{"damage_healed":0,"gold_gain":175,"player_choice":"AGREE","damage_taken":0,"max_hp_gain":0,"max_hp_loss":0,"event_name":"Liars Game","floor":14,"gold_loss":0,"cards_obtained":["Doubt"]}],"is_beta":false,"boss_relics":[],"items_purged_floors":[],"is_endless":false,"potions_floor_spawned":[1,8,10],"killed_by":"Slime Boss","ascension_level":1}}