{"host":"m2106ztvmcgfoyc9","time":1612006645,"event":{"mods":["BaseMod","Minty Spire (QoL Compilation)","Relic Stats"],"gold_per_floor":[109,33,33,33,52,78,95,95,95,95,120,136,61,78,78,150,150,170,220,249,276,276,276,303,338,338,375,375,393,393,432,432,432,432],"floor_reached":33,"language":"ENG","playtime":1471,"items_purged":["Strike_G"],"score":672,"play_id":"5b5b200f-bc7b-4800-8618-75a05d86c2fa","local_time":"20210130123725","is_ascension_mode":true,"campfire_choices":[{"data":"Glass Knife","floor":8,"key":"SMITH"},{"data":"Dagger Spray","floor":10,"key":"SMITH"},{"data":"Noxious Fumes","floor":15,"key":"SMITH"},{"data":"Malaise","floor":23,"key":"SMITH"},{"data":"Night Terror","floor":28,"key":"SMITH"},{"data":"Ghostly","floor":30,"key":"SMITH"},{"floor":32,"key":"REST"}],"circlet_count":0,"master_deck":["AscendersBane","Strike_G+1","Defend_G","Defend_G","Defend_G","Defend_G","Defend_G","Survivor","Neutralize","Dagger Spray+1","Glass Knife+1","Cloak And Dagger","Poisoned Stab+1","Dagger Throw","Dagger Throw","Dodge and Roll","Noxious Fumes+1","Malaise+1","CurseOfTheBell","Deadly Poison","Acrobatics+1","Ghostly","Ghostly","Ghostly+1","Reflex+1","PiercingWail","Night Terror+1","After Image","Quick Slash","Calculated Gamble"],"relics":["Ring of the Snake","NeowsBlessing","Matryoshka","Oddly Smooth Stone","Whetstone","Bag of Marbles","Calling Bell","CeramicFish","Meat on the Bone","Ice Cream","Tiny Chest","Orichalcum","Tingsha","MealTicket","Ornamental Fan"],"acts_visited":["Exordium","TheCity"],"potions_floor_usage":[16,16,18,25,25],"damage_taken":[{"damage":0,"enemies":"Cultist","floor":1,"turns":1},{"damage":0,"enemies":"Small Slimes","floor":5,"turns":1},{"damage":0,"enemies":"Gremlin Nob","floor":6,"turns":1},{"damage":2,"enemies":"Jaw Worm","floor":7,"turns":3},{"damage":5,"enemies":"3 Sentries","floor":11,"turns":4},{"damage":0,"enemies":"Exordium Wildlife","floor":12,"turns":1},{"damage":0,"enemies":"Large Slime","floor":14,"turns":4},{"damage":2,"enemies":"Slime Boss","floor":16,"turns":5},{"damage":34,"enemies":"Shell Parasite","floor":18,"turns":7},{"damage":8,"enemies":"Spheric Guardian","floor":20,"turns":5},{"damage":2,"enemies":"Centurion and Healer","floor":24,"turns":7},{"damage":17,"enemies":"Slavers","floor":25,"turns":5},{"damage":11,"enemies":"Book of Stabbing","floor":27,"turns":9},{"damage":26,"enemies":"Gremlin Leader","floor":31,"turns":9},{"damage":28,"enemies":"Champ","floor":33,"turns":11}],"seed_played":"-5204997776823374651","potions_obtained":[{"floor":5,"key":"FearPotion"},{"floor":11,"key":"SteroidPotion"},{"floor":16,"key":"CultistPotion"},{"floor":18,"key":"Fruit Juice"},{"floor":24,"key":"PowerPotion"}],"is_trial":false,"path_per_floor":["M","$","?","$","M","E","M","R","T","R","E","M","$","M","R","B",null,"M","?","M","?","?","R","M","E","T","E","R","?","R","E","R","B"],"character_chosen":"THE_SILENT","items_purchased":["Glass Knife"],"campfire_rested":1,"item_purchase_floors":[2],"current_hp_per_floor":[59,59,52,52,52,52,50,50,50,50,45,45,45,45,45,43,60,43,43,47,35,35,35,33,28,28,29,29,29,29,15,25,0,0],"gold":432,"neow_bonus":"THREE_ENEMY_KILL","is_daily":false,"chose_seed":false,"campfire_upgraded":6,"win_rate":0.0,"timestamp":1612006645,"path_taken":["M","?","?","$","M","E","M","R","T","R","E","M","?","?","R","BOSS","M","?","M","?","?","R","M","E","T","E","R","?","R","E","R","BOSS"],"items_purchased_type":["Card"],"build_version":"2020-12-22","purchased_purges":1,"victory":false,"max_hp_per_floor":[66,66,66,66,66,66,66,66,66,66,66,66,66,66,66,66,66,71,71,71,35,35,35,35,35,35,35,35,35,35,35,35,35,35],"relic_stats":{"counters":[15,73],"Ornamental Fan":[0],"CeramicFish":99,"Tiny Chest":0,"Tingsha":[50],"MealTicket":0,"Whetstone":["Poisoned Stab","Strike_G"],"Orichalcum":[66],"obtain_stats":[{"Ice Cream":17,"NeowsBlessing":0,"CeramicFish":17,"Oddly Smooth Stone":9,"Tingsha":26,"Whetstone":9,"Orichalcum":26,"Calling Bell":17,"Matryoshka":6,"Ornamental Fan":31,"Tiny Chest":25,"MealTicket":27,"Bag of Marbles":11,"Ring of the Snake":0,"Meat on the Bone":17},{"Ice Cream":8,"NeowsBlessing":0,"CeramicFish":8,"Oddly Smooth Stone":4,"Tingsha":12,"Whetstone":4,"Orichalcum":12,"Calling Bell":8,"Matryoshka":3,"Ornamental Fan":14,"Tiny Chest":12,"MealTicket":13,"Bag of Marbles":5,"Ring of the Snake":0,"Meat on the Bone":8},{"Ice Cream":20,"NeowsBlessing":0,"CeramicFish":20,"Oddly Smooth Stone":6,"Tingsha":44,"Whetstone":6,"Orichalcum":44,"Calling Bell":20,"Matryoshka":3,"Ornamental Fan":62,"Tiny Chest":44,"MealTicket":53,"Bag of Marbles":10,"Ring of the Snake":0,"Meat on the Bone":20}],"Ring of the Snake":[30],"Meat on the Bone":60},"card_choices":[{"not_picked":["Prepared","Blur"],"picked":"Dagger Spray","floor":1},{"not_picked":["Acrobatics","Outmaneuver"],"picked":"Cloak And Dagger","floor":5},{"not_picked":["Cloak And Dagger","PiercingWail"],"picked":"Poisoned Stab","floor":6},{"not_picked":["Slice","Prepared"],"picked":"Dagger Throw","floor":7},{"not_picked":["Accuracy","Expertise"],"picked":"Dagger Throw","floor":11},{"not_picked":["Acrobatics","Flying Knee"],"picked":"Dodge and Roll","floor":12},{"not_picked":["Dodge and Roll","Dash"],"picked":"Noxious Fumes","floor":14},{"not_picked":["Unload","Burst"],"picked":"Malaise","floor":16},{"not_picked":["Backflip","Blade Dance"],"picked":"Deadly Poison","floor":18},{"not_picked":["Sucker Punch","Flying Knee"],"picked":"Acrobatics+1","floor":20},{"not_picked":["Terror+1","Flying Knee"],"picked":"Reflex+1","floor":24},{"not_picked":["Flying Knee","Blade Dance"],"picked":"PiercingWail","floor":25},{"not_picked":["Well Laid Plans","Skewer"],"picked":"Night Terror","floor":27},{"not_picked":["Acrobatics","Glass Knife"],"picked":"Calculated Gamble","floor":31}],"player_experience":982633,"relics_obtained":[{"floor":6,"key":"Matryoshka"},{"floor":9,"key":"Oddly Smooth Stone"},{"floor":9,"key":"Whetstone"},{"floor":11,"key":"Bag of Marbles"},{"floor":17,"key":"CeramicFish"},{"floor":17,"key":"Meat on the Bone"},{"floor":17,"key":"Ice Cream"},{"floor":25,"key":"Tiny Chest"},{"floor":26,"key":"Orichalcum"},{"floor":26,"key":"Tingsha"},{"floor":27,"key":"MealTicket"},{"floor":31,"key":"Ornamental Fan"}],"event_choices":[{"cards_removed":["Strike_G"],"damage_healed":0,"gold_gain":0,"player_choice":"Card Removal","damage_taken":7,"max_hp_gain":0,"max_hp_loss":0,"event_name":"Golden Wing","floor":3,"gold_loss":0},{"damage_healed":0,"gold_gain":50,"player_choice":"Stole From Cult","damage_taken":0,"max_hp_gain":0,"max_hp_loss":0,"event_name":"Nest","floor":19,"gold_loss":0},{"damage_healed":0,"gold_gain":0,"player_choice":"Became a Ghost","damage_taken":0,"max_hp_gain":0,"max_hp_loss":36,"event_name":"Ghosts","floor":21,"gold_loss":0,"cards_obtained":["Ghostly","Ghostly","Ghostly"]},{"damage_healed":0,"gold_gain":0,"player_choice":"Ignored","damage_taken":0,"max_hp_gain":0,"max_hp_loss":0,"event_name":"The Mausoleum","floor":22,"gold_loss":0},{"damage_healed":0,"gold_gain":0,"cards_transformed":["Strike_G","Strike_G"],"player_choice":"Became Test Subject","damage_taken":0,"max_hp_gain":0,"max_hp_loss":0,"event_name":"Drug Dealer","floor":29,"gold_loss":0,"cards_obtained":["After Image","Quick Slash"]}],"is_beta":false,"boss_relics":[{"not_picked":["SacredBark","Tiny House"],"picked":"Calling Bell"}],"items_purged_floors":[13],"is_endless":false,"potions_floor_spawned":[5,11,16,18,24],"killed_by":"Champ","ascension_level":20}}