{"host":"6xsbn6ynqlzwllfm","time":1612015935,"event":{"mods":["2.2 Compatiblity","BaseMod","Bestiary","Colored Map","Colored Powertips","Curses Come First","Highlight Path","Keyboard Shortcuts","Minty Spire (QoL Compilation)","Relic Stats","Slay the Relics Exporter","StSLib","SuperFastMode"],"gold_per_floor":[113,113,126,142,67,101,112,37,37,64,78,78,78,111,111,111,111],"floor_reached":16,"language":"ENG","playtime":489,"items_purged":["Strike_B"],"score":215,"play_id":"c44f675c-3c55-4a16-b948-6e33b3c19fdc","local_time":"20210130091215","is_ascension_mode":true,"campfire_choices":[{"data":"Loop","floor":13.0,"key":"SMITH"},{"data":"Consume","floor":15.0,"key":"SMITH"}],"circlet_count":0,"master_deck":["AscendersBane","Strike_B","Strike_B","Strike_B","Defend_B","Defend_B","Defend_B","Defend_B","Zap","Dualcast","Loop+1","Genetic Algorithm","Undo","Melter","Coolheaded","Core Surge","Coolheaded","Consume+1"],"relics":["Cracked Core","NeowsBlessing","WarpedTongs","Matryoshka","Bottled Lightning","Bottled Flame","Centennial Puzzle","Golden Idol","Odd Mushroom"],"acts_visited":["Exordium"],"potions_floor_usage":[],"damage_taken":[{"damage":0.0,"enemies":"Small Slimes","floor":1.0,"turns":1.0},{"damage":0.0,"enemies":"Cultist","floor":3.0,"turns":1.0},{"damage":1.0,"enemies":"2 Louse","floor":4.0,"turns":1.0},{"damage":32.0,"enemies":"3 Sentries","floor":6.0,"turns":10.0},{"damage":0.0,"enemies":"Large Slime","floor":7.0,"turns":4.0},{"damage":9.0,"enemies":"Lagavulin","floor":10.0,"turns":10.0},{"damage":1.0,"enemies":"2 Fungi Beasts","floor":11.0,"turns":3.0},{"damage":8.0,"enemies":"The Mushroom Lair","floor":14.0,"turns":5.0},{"damage":16,"enemies":"Hexaghost","floor":16,"turns":11}],"seed_played":"-8224406964600989036","potions_obtained":[{"floor":1.0,"key":"Explosive Potion"},{"floor":11.0,"key":"Fire Potion"}],"is_trial":false,"path_per_floor":["M","?","M","M","?","E","M","$","T","E","M","?","R","?","R","B"],"character_chosen":"DEFECT","items_purchased":[],"campfire_rested":0,"item_purchase_floors":[],"current_hp_per_floor":[64,64,64,63,63,31,31,31,31,22,21,21,21,13,13,0,0],"gold":111,"neow_bonus":"THREE_ENEMY_KILL","is_daily":false,"chose_seed":false,"campfire_upgraded":2,"win_rate":0.0,"timestamp":1612015935,"path_taken":["M","?","?","M","?","E","M","$","T","E","M","?","R","?","R","BOSS"],"items_purchased_type":[],"build_version":"2020-12-22","purchased_purges":1,"victory":false,"max_hp_per_floor":[71,71,71,71,71,71,71,71,71,71,71,64,64,64,64,64,64],"relic_stats":{"Centennial Puzzle":[9],"counters":[9,45],"Golden Idol":7,"obtain_stats":[{"Bottled Flame":9,"Centennial Puzzle":10,"Matryoshka":6,"NeowsBlessing":0,"Golden Idol":12,"Bottled Lightning":9,"Odd Mushroom":14,"Cracked Core":0,"WarpedTongs":2},{"Bottled Flame":5,"Centennial Puzzle":6,"Matryoshka":4,"NeowsBlessing":0,"Golden Idol":7,"Bottled Lightning":5,"Odd Mushroom":8,"Cracked Core":0,"WarpedTongs":1},{"Bottled Flame":16,"Centennial Puzzle":26,"Matryoshka":12,"NeowsBlessing":0,"Golden Idol":29,"Bottled Lightning":16,"Odd Mushroom":34,"Cracked Core":0,"WarpedTongs":1}],"WarpedTongs":[43]},"card_choices":[{"not_picked":["Coolheaded","Gash"],"picked":"Loop","floor":1.0},{"not_picked":["Hologram","Storm"],"picked":"Genetic Algorithm","floor":3.0},{"not_picked":["Rebound","Stack"],"picked":"Undo","floor":4.0},{"not_picked":["Scrape","Conserve Battery"],"picked":"Melter","floor":6.0},{"not_picked":["Undo","BootSequence"],"picked":"Coolheaded","floor":7.0},{"not_picked":["Cold Snap","Ball Lightning"],"picked":"Core Surge","floor":10.0},{"not_picked":["Stack","Turbo"],"picked":"Coolheaded","floor":11.0},{"not_picked":["Compile Driver","Redo"],"picked":"Consume","floor":14.0}],"player_experience":1281134,"relics_obtained":[{"floor":6.0,"key":"Matryoshka"},{"floor":9.0,"key":"Bottled Lightning"},{"floor":9.0,"key":"Bottled Flame"},{"floor":10.0,"key":"Centennial Puzzle"},{"floor":14.0,"key":"Odd Mushroom"}],"event_choices":[{"damage_healed":0.0,"max_hp_gain":0.0,"max_hp_loss":0.0,"gold_gain":0.0,"event_name":"Accursed Blacksmith","player_choice":"Rummage","floor":2.0,"gold_loss":0.0,"damage_taken":0.0,"relics_obtained":["WarpedTongs"],"cards_obtained":["Pain"]},{"cards_removed":["Pain"],"damage_healed":0.0,"max_hp_gain":0.0,"max_hp_loss":0.0,"gold_gain":0.0,"event_name":"The Cleric","player_choice":"Card Removal","floor":5.0,"gold_loss":75.0,"damage_taken":0.0},{"damage_healed":0.0,"max_hp_gain":0.0,"max_hp_loss":7.0,"gold_gain":0.0,"event_name":"Golden Idol","player_choice":"Lose Max HP","floor":12.0,"gold_loss":0.0,"damage_taken":0.0,"relics_obtained":["Golden Idol"]},{"damage_healed":0.0,"max_hp_gain":0.0,"max_hp_loss":0.0,"gold_gain":0.0,"event_name":"Mushrooms","player_choice":"Fought Mushrooms","floor":14.0,"gold_loss":0.0,"damage_taken":0.0}],"is_beta":false,"boss_relics":[],"items_purged_floors":[8],"is_endless":false,"potions_floor_spawned":[1,11],"killed_by":"Hexaghost","ascension_level":19}}