{"host":"usru02jcpe2a942d","time":1612008124,"event":{"mods":["Act Like it!","BaseMod","Colored Powertips","GifTheSpireLib","Highlight Path","Hubris","Infinite Spire","Jedi Mod","Marisa£¨ìFÓê¡¡Ä§ÀíÉ³£©","Minty Spire (QoL Compilation)","MostiFishMod","Pale of the Ancients","Quick Restart","Reimu£¨²©ÀöÁéÃÎ£©","Relic Stats","Remilia£¨ÀÙÃ×ÀòÑÇ£©","RumiaBox-Â¶Ã×æ«µÄÉñÃØºÐ×Ó","StSLib","noobMod","¡¾ÒÅÎï¿¨ÅÆ¡¿REMEMod","óô»ðÖ¸ÄÏ"],"gold_per_floor":[114,132,132,132,132,149,159,228,298,298,298,311,68,68,68,170,170,181,181,196,196,219,128,148,175,198,198,213,213,63,163,163,331,331,356,385,385,385],"floor_reached":37,"language":"ZHS","playtime":1574,"items_purged":["Strike_Lin:ReiMu"],"score":602,"play_id":"ec89cb21-6dbe-4b10-bcd5-7c79f556d204","local_time":"20210130200204","is_ascension_mode":false,"campfire_choices":[{"data":"YinYang:ReiMu","floor":11,"key":"SMITH"},{"data":"DependentForm:ReiMu","floor":15,"key":"SMITH"},{"data":"SpringWay:ReiMu","floor":27,"key":"SMITH"},{"data":"Gathering:ReiMu","floor":29,"key":"SMITH"},{"data":"NB:ReiMu","floor":32,"key":"SMITH"}],"circlet_count":0,"master_deck":["Strike_Lin:ReiMu","Strike_Lin:ReiMu","Defend_Lin:ReiMu","Defend_Lin:ReiMu","Defend_Lin:ReiMu","Defend_Lin:ReiMu","NB:ReiMu+1","Stagnation:ReiMu","YinYang:ReiMu+1","SubcavityInstant:ReiMu","Amulet:ReiMu","DependentForm:ReiMu+1","SafetyPray:ReiMu","Amulet:ReiMu","Free:ReiMu+1","NineCharacters:ReiMu+1","SpringWay:ReiMu+1","MostiFishMod:ButterFly","Amulet:ReiMu","Gathering:ReiMu+1","DependentForm:ReiMu","EmergencyTakeOff:ReiMu+1","SpringWay:ReiMu+1"],"relics":["FlyPower:ReiMu","DaveBox","ice","REME_ComplimentaryCards","Civilization","SynthV:TestCard","Bag of Marbles","hubris:PeanutButter","jedi:bottledfury","SynthV","Omamori","jedi:crownofsimplicity","Bottled Tornado","hubris:FruitBowl","hubris:EvacipatedBox","REME_LimitBreaker","hubris:Icosahedron","REME_LowDesire","SkyOrb:ReiMu","Akabeko","Vajra","MealTicket","REME_PuzzleBoxRelic","Bronze Scales","HollowDreamFlower","REME_ArchaeologicalTools","Philosopher\u0027s Stone"],"acts_visited":["Exordium","TheCity","TheBeyond"],"potions_floor_usage":[],"damage_taken":[{"damage":3,"enemies":"2 Louse","floor":1,"turns":5},{"damage":0,"enemies":"Small Slimes","floor":2,"turns":3},{"damage":0,"enemies":"infinitespire:Voidling","floor":6,"turns":4},{"damage":0,"enemies":"Lots of Slimes","floor":7,"turns":5},{"damage":0,"enemies":"Blue Slaver","floor":12,"turns":5},{"damage":0,"enemies":"The Guardian","floor":16,"turns":6},{"damage":0,"enemies":"2 Thieves","floor":18,"turns":5},{"damage":0,"enemies":"Spheric Guardian","floor":20,"turns":4},{"damage":0,"enemies":"Snake Plant","floor":24,"turns":3},{"damage":0,"enemies":"Book of Stabbing","floor":25,"turns":5},{"damage":0,"enemies":"Snecko","floor":28,"turns":3},{"damage":0,"enemies":"Colosseum Slavers","floor":31,"turns":3},{"damage":2,"enemies":"Colosseum Nobs","floor":31,"turns":3},{"damage":0,"enemies":"Champ","floor":33,"turns":6},{"damage":4,"enemies":"3 Darklings","floor":35,"turns":5},{"damage":0,"enemies":"3 Shapes","floor":36,"turns":3}],"seed_played":"2814136326631883682","potions_obtained":[{"floor":1,"key":"Fire Potion"},{"floor":7,"key":"PinkPotion:ReiMu"},{"floor":31,"key":"Strength Potion"}],"is_trial":false,"path_per_floor":["M","M","?","?","?","M","M","T","T","$","R","M","$","?","R","B",null,"M","?","M","?","T","R","M","E","T","R","M","R","$","?","R","B",null,"M","M","?"],"character_chosen":"REIMU","items_purchased":["SynthV","Omamori","jedi:crownofsimplicity","Bottled Tornado","hubris:FruitBowl","hubris:EvacipatedBox","REME_LimitBreaker","MostiFishMod:ButterFly","Bronze Scales"],"campfire_rested":0,"item_purchase_floors":[10,10,10,10,10,10,13,23,30],"current_hp_per_floor":[70,74,74,71,76,81,86,86,86,92,92,99,99,99,99,106,118,125,125,132,132,132,132,143,154,154,154,165,165,170,193,193,202,203,215,225,0,0],"gold":385,"neow_bonus":"TEN_PERCENT_HP_BONUS","is_daily":false,"chose_seed":false,"campfire_upgraded":5,"win_rate":0.0,"timestamp":1612008124,"path_taken":["M","M","?","?","?","M","M","?","T","?","R","?","$","?","R","BOSS","M","?","?","?","?","R","M","E","T","R","M","R","$","?","R","BOSS","M","M","?"],"items_purchased_type":["Relic","Relic","Relic","Relic","Relic","Relic","Relic","Card","Relic"],"build_version":"2020-12-22","purchased_purges":1,"victory":false,"max_hp_per_floor":[73,77,77,77,82,87,92,92,92,92,92,103,103,103,103,118,118,128,128,138,138,138,138,148,162,162,162,170,170,170,193,193,203,203,218,232,232,232],"relic_stats":{"counters":[16,67],"Bronze Scales":[53],"MealTicket":5,"obtain_stats":[{"DaveBox":0,"SynthV":10,"Vajra":22,"ice":0,"jedi:bottledfury":9,"Bottled Tornado":10,"hubris:EvacipatedBox":10,"Civilization":0,"hubris:Icosahedron":14,"MealTicket":25,"Philosopher\u0027s Stone":34,"REME_ArchaeologicalTools":31,"REME_LowDesire":17,"HollowDreamFlower":31,"hubris:FruitBowl":10,"Omamori":10,"jedi:crownofsimplicity":10,"REME_LimitBreaker":13,"Akabeko":17,"SynthV:TestCard":1,"Bronze Scales":30,"hubris:PeanutButter":8,"Bag of Marbles":4,"SkyOrb:ReiMu":17,"REME_PuzzleBoxRelic":26,"FlyPower:ReiMu":0,"REME_ComplimentaryCards":0},{"DaveBox":0,"SynthV":4,"Vajra":8,"ice":0,"jedi:bottledfury":4,"Bottled Tornado":4,"hubris:EvacipatedBox":4,"Civilization":0,"hubris:Icosahedron":5,"MealTicket":10,"Philosopher\u0027s Stone":14,"REME_ArchaeologicalTools":13,"REME_LowDesire":6,"HollowDreamFlower":13,"hubris:FruitBowl":4,"Omamori":4,"jedi:crownofsimplicity":4,"REME_LimitBreaker":5,"Akabeko":6,"SynthV:TestCard":1,"Bronze Scales":11,"hubris:PeanutButter":4,"Bag of Marbles":2,"SkyOrb:ReiMu":6,"REME_PuzzleBoxRelic":10,"FlyPower:ReiMu":0,"REME_ComplimentaryCards":0},{"DaveBox":0,"SynthV":17,"Vajra":36,"ice":0,"jedi:bottledfury":17,"Bottled Tornado":17,"hubris:EvacipatedBox":17,"Civilization":0,"hubris:Icosahedron":21,"MealTicket":44,"Philosopher\u0027s Stone":59,"REME_ArchaeologicalTools":53,"REME_LowDesire":27,"HollowDreamFlower":53,"hubris:FruitBowl":17,"Omamori":17,"jedi:crownofsimplicity":17,"REME_LimitBreaker":21,"Akabeko":27,"SynthV:TestCard":5,"Bronze Scales":47,"hubris:PeanutButter":17,"Bag of Marbles":8,"SkyOrb:ReiMu":27,"REME_PuzzleBoxRelic":44,"FlyPower:ReiMu":0,"REME_ComplimentaryCards":0}]},"card_choices":[{"not_picked":["FoulBorder2:ReiMu","PayForSelf:ReiMu"],"picked":"SubcavityInstant:ReiMu","floor":1},{"not_picked":["Intuition:ReiMu","FoulBorder2:ReiMu","SafetyPray:ReiMu","AirStrike:ReiMu"],"picked":"Amulet:ReiMu","floor":2},{"not_picked":["AirStrike:ReiMu","EmergencyTakeOff:ReiMu","PayForSelf:ReiMu","Meditation:ReiMu"],"picked":"SafetyPray:ReiMu","floor":6},{"not_picked":["FoulBorder2:ReiMu","Meditation:ReiMu","TightArray:ReiMu","AlertArray:ReiMu","OrbThrow:ReiMu"],"picked":"SKIP","floor":7},{"not_picked":["UpKicking:ReiMu","SealNeedle:ReiMu","OctopathBindingBorder2:ReiMu","Mountainwind:ReiMu"],"picked":"Amulet:ReiMu","floor":12},{"not_picked":["CardOfSanctity:ReiMu","Authority:ReiMu","Dreaming:ReiMu","BlastKick2:ReiMu"],"picked":"Free:ReiMu","floor":16},{"not_picked":["CollectionFlower2:ReiMu+1","CareerPray:ReiMu","Intuition:ReiMu+1","AlertArray:ReiMu","REME_ShortnessOfBreath"],"picked":"NineCharacters:ReiMu","floor":18},{"not_picked":["Enchanting:ReiMu","AlertArray:ReiMu","Meditation:ReiMu","Dreaming:ReiMu","jedi:LeechingStrike"],"picked":"SpringWay:ReiMu","floor":20},{"not_picked":["SubAcupoint:ReiMu","FineLineFantasy:ReiMu","AlertArray:ReiMu","MountainWay:ReiMu","Mayhem"],"picked":"Amulet:ReiMu","floor":24},{"not_picked":["OctopathBindingBorder2:ReiMu+1","LearningPray:ReiMu","KamiSacrifice:ReiMu","CollectionFlower2:ReiMu","SpiritualOutbreak2:ReiMu","REME_MagicPocketWatch"],"picked":"SKIP","floor":25},{"not_picked":["Mountainwind:ReiMu","PassingAway:ReiMu","Crusade:ReiMu","RainPray2:ReiMu","hubris:Ssssneak"],"picked":"Gathering:ReiMu","floor":28},{"not_picked":["HakureiPhantom:ReiMu","PrayRite:ReiMu","CleanRite:ReiMu","Authority:ReiMu","MostiFishMod:OneDayCity"],"picked":"DependentForm:ReiMu","floor":33},{"not_picked":["Amulet:ReiMu+1","Intuition:ReiMu","TightArray:ReiMu","SpreadBorder2:ReiMu","Deep Breath"],"picked":"EmergencyTakeOff:ReiMu+1","floor":35},{"not_picked":["Meditation:ReiMu+1","OrbThrow:ReiMu","Conquer:ReiMu+1","ForcedLanding:ReiMu+1","jedi:forcepull+1"],"picked":"SpringWay:ReiMu+1","floor":36}],"player_experience":234096,"relics_obtained":[{"floor":1,"key":"SynthV:TestCard"},{"floor":8,"key":"hubris:PeanutButter"},{"floor":9,"key":"jedi:bottledfury"},{"floor":17,"key":"SkyOrb:ReiMu"},{"floor":17,"key":"Akabeko"},{"floor":22,"key":"Vajra"},{"floor":25,"key":"MealTicket"},{"floor":26,"key":"REME_PuzzleBoxRelic"},{"floor":31,"key":"HollowDreamFlower"},{"floor":31,"key":"REME_ArchaeologicalTools"}],"event_choices":[{"damage_healed":0,"gold_gain":0,"cards_transformed":["Strike_Lin:ReiMu"],"player_choice":"Change","damage_taken":0,"max_hp_gain":0,"max_hp_loss":0,"event_name":"Living Wall","floor":3,"gold_loss":0,"cards_obtained":["DependentForm:ReiMu"]},{"damage_healed":0,"gold_gain":0,"player_choice":"Success","damage_taken":3,"relics_obtained":["Bag of Marbles"],"max_hp_gain":0,"max_hp_loss":0,"event_name":"Scrap Ooze","floor":4,"gold_loss":0},{"damage_healed":0,"gold_gain":0,"player_choice":"Donut","damage_taken":0,"max_hp_gain":5,"max_hp_loss":0,"event_name":"Big Fish","floor":5,"gold_loss":0},{"damage_healed":0,"gold_gain":0,"player_choice":"Ignored","damage_taken":0,"max_hp_gain":0,"max_hp_loss":0,"event_name":"NoteForYourself","floor":19,"gold_loss":0},{"damage_healed":0,"gold_gain":0,"player_choice":"Fight","damage_taken":0,"max_hp_gain":0,"max_hp_loss":0,"event_name":"Colosseum","floor":31,"gold_loss":0},{"damage_healed":0,"gold_gain":0,"player_choice":"Fought Nobs","damage_taken":0,"max_hp_gain":0,"max_hp_loss":0,"event_name":"Colosseum","floor":31,"gold_loss":0}],"is_beta":false,"boss_relics":[{"not_picked":["ChiXiaoBlade","hubris:HollowSoul","Tiny House"],"picked":"REME_LowDesire"},{"not_picked":["hubris:TerracottaHorce","jedi:paperlyon","PatriotShield"],"picked":"Philosopher\u0027s Stone"}],"items_purged_floors":[10],"is_endless":false,"potions_floor_spawned":[1,7,31,31],"ascension_level":0}}