{"host":"hk6dyp3pgs92n0l4","time":1612016000,"event":{"mods":["AchievementEnabler","BaseMod","Colored Powertips","Duelist Mod","GifTheSpireLib","Minty Spire (QoL Compilation)","StSLib","The Hierophant"],"gold_per_floor":[112,125,125,135,149,149,176,176,199,233,233,244,244,244],"floor_reached":13,"language":"ENG","playtime":444,"items_purged":[],"score":105,"play_id":"e0118bc1-8c76-490e-9354-303252a78ffa","local_time":"20210130061320","is_ascension_mode":true,"campfire_choices":[{"floor":6,"key":"REST"},{"data":"Fission","floor":8,"key":"SMITH"}],"circlet_count":0,"master_deck":["Strike_B","Strike_B","Strike_B","Strike_B","Defend_B","Defend_B","Defend_B","Defend_B","Zap","Dualcast","Tempest","Fission+1","Chaos","Seek","Blizzard","Capacitor"],"relics":["Cracked Core","Oddly Smooth Stone","Happy Flower","PreservedInsect"],"acts_visited":["Exordium"],"potions_floor_usage":[10,13,13,13],"damage_taken":[{"damage":9,"enemies":"Jaw Worm","floor":1,"turns":3},{"damage":10,"enemies":"Small Slimes","floor":2,"turns":4},{"damage":6,"enemies":"Cultist","floor":4,"turns":3},{"damage":23,"enemies":"Exordium Thugs","floor":5,"turns":3},{"damage":20,"enemies":"3 Sentries","floor":7,"turns":7},{"damage":16,"enemies":"Gremlin Nob","floor":10,"turns":3},{"damage":16,"enemies":"Looter","floor":12,"turns":3},{"damage":30,"enemies":"Lagavulin","floor":13,"turns":3}],"seed_played":"3018631172701154193","potions_obtained":[{"floor":2,"key":"SkillPotion"},{"floor":4,"key":"Strength Potion"},{"floor":5,"key":"Swift Potion"},{"floor":10,"key":"Strength Potion"}],"is_trial":false,"path_per_floor":["M","M","?","M","M","R","E","R","T","E","?","M","E"],"character_chosen":"DEFECT","items_purchased":[],"campfire_rested":1,"item_purchase_floors":[],"current_hp_per_floor":[73,63,68,62,39,65,45,45,45,29,29,13,0,0],"gold":244,"neow_bonus":"TEN_PERCENT_HP_BONUS","is_daily":false,"chose_seed":false,"campfire_upgraded":1,"win_rate":0.0,"timestamp":1612016000,"path_taken":["M","M","?","M","M","R","E","R","T","E","?","M","E"],"items_purchased_type":[],"build_version":"2020-12-22","purchased_purges":0,"victory":false,"max_hp_per_floor":[82,82,87,87,87,87,87,87,87,87,87,87,87,87],"card_choices":[{"not_picked":["Go for the Eyes","Streamline","Stack"],"picked":"SKIP","floor":1},{"not_picked":["Sweeping Beam","BootSequence"],"picked":"Tempest","floor":2},{"not_picked":["Stack","Genetic Algorithm"],"picked":"Fission","floor":4},{"not_picked":["Sunder","Gash"],"picked":"Chaos","floor":5},{"not_picked":["Tempest","Go for the Eyes"],"picked":"Seek","floor":7},{"not_picked":["Streamline","Undo"],"picked":"Blizzard","floor":10},{"not_picked":["Recycle","Gash"],"picked":"Capacitor","floor":12}],"player_experience":91741,"relics_obtained":[{"floor":7,"key":"Oddly Smooth Stone"},{"floor":9,"key":"Happy Flower"},{"floor":10,"key":"PreservedInsect"}],"event_choices":[{"damage_healed":0,"gold_gain":0,"player_choice":"Donut","damage_taken":0,"max_hp_gain":5,"max_hp_loss":0,"event_name":"Big Fish","floor":3,"gold_loss":0},{"damage_healed":0,"gold_gain":0,"player_choice":"Bought 0 Potions","damage_taken":0,"max_hp_gain":0,"max_hp_loss":0,"event_name":"The Woman in Blue","floor":11,"gold_loss":0}],"is_beta":false,"boss_relics":[],"items_purged_floors":[],"is_endless":false,"potions_floor_spawned":[2,4,5,10],"killed_by":"Lagavulin","ascension_level":2}}