{"host":"vyjryxuuuxkt43k4","time":1612023499,"event":{"mods":["AchievementEnabler","BaseMod","Colored Map","DeckTracker","Keyboard Shortcuts","Minty Spire (QoL Compilation)","Permanent Neow","Quick Restart","Rare Cards Sparkle","StSLib","SuperFastMode","everything is the same but u backflip on backflip"],"gold_per_floor":[118,138,14,24,35,35,70,20,20,35,35,60,75,95,95,193,193,210,8,8,41,114,114,141,141,141,171,96,96,46,64,64,162,162,181,57,75,75,88,88,88,88],"floor_reached":41,"language":"KOR","playtime":1333,"items_purged":["Strike_P","Strike_P","Defend_P","Regret","Strike_P"],"score":660,"play_id":"49274e56-5c16-44eb-ba8c-ed590fe736f9","local_time":"20210131011819","is_ascension_mode":true,"campfire_choices":[{"data":"Eruption","floor":6.0,"key":"SMITH"},{"data":"SignatureMove","floor":11.0,"key":"SMITH"},{"data":"Adaptation","floor":15.0,"key":"SMITH"},{"data":"Tantrum","floor":23.0,"key":"SMITH"},{"data":"ForeignInfluence","floor":25.0,"key":"SMITH"},{"floor":29.0,"key":"REST"},{"data":"Adaptation","floor":32.0,"key":"SMITH"},{"floor":40.0,"key":"REST"}],"circlet_count":0,"master_deck":["Strike_P","Defend_P","Defend_P","Defend_P","Eruption+1","Vigilance","FearNoEvil","Tantrum+1","SignatureMove+1","ForeignInfluence+1","Crescendo","EmptyBody","Adaptation+1","Wallop","Brilliance","DeusExMachina","Adaptation+1","Ragnarok","WaveOfTheHand+1","TalkToTheHand","Consecrate+1","DeusExMachina","ClearTheMind+1"],"relics":["PureWater","Smiling Mask","Juzu Bracelet","Orichalcum","Kunai","Cursed Key","Lantern","Red Mask","Eternal Feather","StrikeDummy","Omamori","Sozu"],"acts_visited":["Exordium","TheCity","TheBeyond"],"potions_floor_usage":[],"damage_taken":[{"damage":12.0,"enemies":"Cultist","floor":1.0,"turns":3.0},{"damage":8.0,"enemies":"Jaw Worm","floor":2.0,"turns":4.0},{"damage":7.0,"enemies":"Small Slimes","floor":4.0,"turns":2.0},{"damage":0.0,"enemies":"Exordium Wildlife","floor":5.0,"turns":2.0},{"damage":0.0,"enemies":"Lagavulin","floor":7.0,"turns":3.0},{"damage":0.0,"enemies":"Red Slaver","floor":10.0,"turns":4.0},{"damage":0.0,"enemies":"Gremlin Nob","floor":12.0,"turns":2.0},{"damage":6.0,"enemies":"Exordium Thugs","floor":13.0,"turns":3.0},{"damage":0.0,"enemies":"2 Fungi Beasts","floor":14.0,"turns":2.0},{"damage":1.0,"enemies":"The Guardian","floor":16.0,"turns":8.0},{"damage":0.0,"enemies":"Chosen","floor":18.0,"turns":2.0},{"damage":0.0,"enemies":"Masked Bandits","floor":21.0,"turns":3.0},{"damage":12.0,"enemies":"Book of Stabbing","floor":24.0,"turns":4.0},{"damage":54.0,"enemies":"Slavers","floor":27.0,"turns":3.0},{"damage":0.0,"enemies":"Spheric Guardian","floor":31.0,"turns":1.0},{"damage":30.0,"enemies":"Collector","floor":33.0,"turns":8.0},{"damage":30.0,"enemies":"3 Darklings","floor":35.0,"turns":4.0},{"damage":0.0,"enemies":"3 Shapes","floor":37.0,"turns":2.0},{"damage":10.0,"enemies":"3 Darklings","floor":39.0,"turns":3.0},{"damage":54,"enemies":"Reptomancer","floor":41,"turns":2}],"seed_played":"6029870212718072789","potions_obtained":[{"floor":1.0,"key":"BottledMiracle"},{"floor":5.0,"key":"SkillPotion"},{"floor":10.0,"key":"AttackPotion"},{"floor":16.0,"key":"Weak Potion"},{"floor":24.0,"key":"Explosive Potion"},{"floor":31.0,"key":"EssenceOfSteel"}],"is_trial":false,"path_per_floor":["M","M","$","M","M","R","E","$","T","M","R","E","M","M","R","B",null,"M","$","?","?","T","R","E","R","T","E","?","R","$","M","R","B",null,"M","$","M","?","M","R","E"],"character_chosen":"WATCHER","items_purchased":["SignatureMove","Lantern","TalkToTheHand"],"campfire_rested":2,"item_purchase_floors":[3,19,36],"current_hp_per_floor":[53,45,45,38,38,38,38,38,38,38,38,38,32,32,32,31,62,62,62,62,62,62,71,59,68,68,14,14,44,44,44,53,23,60,30,30,30,30,20,53,0,0],"gold":88,"neow_bonus":"RANDOM_COMMON_RELIC","is_daily":false,"chose_seed":false,"campfire_upgraded":6,"win_rate":0.0,"timestamp":1612023499,"path_taken":["M","M","$","M","M","R","E","$","T","M","R","E","M","M","R","BOSS","M","$","?","?","?","R","E","R","T","E","?","R","$","M","R","BOSS","M","$","M","?","M","R","E"],"items_purchased_type":["Card","Relic","Card"],"build_version":"2020-12-22","purchased_purges":5,"victory":false,"max_hp_per_floor":[72,72,72,72,72,72,72,72,72,72,72,72,72,72,72,72,72,72,72,72,72,72,72,72,72,72,72,72,72,72,72,72,72,72,72,72,72,72,72,72,72,72],"card_choices":[{"not_picked":["SandsOfTime","ClearTheMind"],"picked":"FearNoEvil","floor":1.0},{"not_picked":["Wallop","Halt"],"picked":"Tantrum","floor":2.0},{"not_picked":["CrushJoints","Wallop"],"picked":"ForeignInfluence","floor":4.0},{"not_picked":["WheelKick","EmptyFist"],"picked":"Crescendo","floor":5.0},{"not_picked":["ClearTheMind","Weave","FollowUp"],"picked":"SKIP","floor":7.0},{"not_picked":["ThirdEye","Prostrate"],"picked":"EmptyBody","floor":10.0},{"not_picked":["CutThroughFate","Worship"],"picked":"Adaptation","floor":12.0},{"not_picked":["Pray","FlyingSleeves","ForeignInfluence"],"picked":"SKIP","floor":13.0},{"not_picked":["Pray","FlyingSleeves","ForeignInfluence"],"picked":"SKIP","floor":13.0},{"not_picked":["Pray","FlyingSleeves","ForeignInfluence"],"picked":"SKIP","floor":13.0},{"not_picked":["CrushJoints","Consecrate"],"picked":"Wallop","floor":14.0},{"not_picked":["ConjureBlade","Omniscience"],"picked":"Brilliance","floor":16.0},{"not_picked":["ClearTheMind","WaveOfTheHand","ThirdEye"],"picked":"SKIP","floor":18.0},{"not_picked":["Evaluate+1","Crescendo"],"picked":"DeusExMachina","floor":24.0},{"not_picked":["ThirdEye","WreathOfFlame","JustLucky"],"picked":"SKIP","floor":27.0},{"not_picked":["Crescendo","SignatureMove"],"picked":"Adaptation","floor":31.0},{"not_picked":["Judgement","Omniscience"],"picked":"Ragnarok","floor":33.0},{"not_picked":["Wireheading","FlyingSleeves"],"picked":"WaveOfTheHand+1","floor":35.0},{"not_picked":["Crescendo","SashWhip"],"picked":"Consecrate+1","floor":37.0},{"not_picked":["CrushJoints","FearNoEvil+1"],"picked":"ClearTheMind+1","floor":39.0}],"player_experience":526827,"relics_obtained":[{"floor":7.0,"key":"Juzu Bracelet"},{"floor":9.0,"key":"Orichalcum"},{"floor":12.0,"key":"Kunai"},{"floor":21.0,"key":"Red Mask"},{"floor":22.0,"key":"Eternal Feather"},{"floor":24.0,"key":"StrikeDummy"},{"floor":27.0,"key":"Omamori"}],"event_choices":[{"damage_healed":0.0,"max_hp_gain":0.0,"max_hp_loss":0.0,"gold_gain":0.0,"event_name":"Masked Bandits","player_choice":"Fought Bandits","floor":21.0,"gold_loss":0.0,"damage_taken":0.0},{"cards_removed":["Decay"],"damage_healed":0.0,"max_hp_gain":0.0,"max_hp_loss":0.0,"gold_gain":0.0,"event_name":"Beggar","player_choice":"Gave Gold","floor":28.0,"gold_loss":75.0,"damage_taken":0.0},{"damage_healed":0.0,"max_hp_gain":0.0,"max_hp_loss":0.0,"gold_gain":0.0,"event_name":"Duplicator","player_choice":"Copied","floor":38.0,"gold_loss":0.0,"damage_taken":0.0,"cards_obtained":["DeusExMachina"]}],"is_beta":false,"boss_relics":[{"not_picked":["Empty Cage","Pandora\u0027s Box"],"picked":"Cursed Key"},{"not_picked":["Busted Crown","Tiny House"],"picked":"Sozu"}],"items_purged_floors":[3,8,19,30,36],"is_endless":false,"potions_floor_spawned":[1,5,10,16,24,31,35,39],"killed_by":"Reptomancer","ascension_level":7}}