{"host":"kipy315whq7pv20a","time":1612045745,"event":{"mods":["BaseMod","Downfall","Minty Spire (QoL Compilation)","Replay The Spire","StSLib"],"gold_per_floor":[99,112,122,122,122,31,31,59,59,59,59,59,69,79,98,114,126,226,226,26,36,36,36,54,70,70,88,100,117,117,146,46,56,69,170,170,170,180,180,205,355,62,62,74,74,90,90,116,116,150,168,168,168,168],"floor_reached":52,"language":"ENG","playtime":4520,"items_purged":[],"score":638,"play_id":"0d89843e-18a5-4f99-b424-49bedc529ad8","local_time":"20210130232905","is_ascension_mode":false,"campfire_choices":[{"floor":1.0,"key":"RECALL"},{"floor":10.0,"key":"REST"},{"floor":30.0,"key":"REST"},{"floor":32.0,"key":"REST"},{"data":"bronze:HardenedForm","floor":37.0,"key":"SMITH"},{"data":"bronze:BronzeOrb","floor":45,"key":"SMITH"},{"data":"ReplayTheSpireMod:Brewmster","floor":49,"key":"SMITH"}],"circlet_count":0,"master_deck":["bronze:Strike","bronze:Strike","bronze:Strike","bronze:Strike","bronze:Defend","bronze:Defend","bronze:Defend","bronze:Defend","bronze:Replicate","bronze:Goto","bronze:DelayedSlice","bronze:DelayedSlice+1","bronze:ClassDefault+1","bronze:DelayedSlice","bronze:Overload","bronze:BitShift","bronze:DelayedSlice","bronze:Branch","bronze:FindAndReplace","bronze:Format","bronze:WhirlingStrike+1","Necronomicurse","bronze:NullPointer","bronze:FineTuning","bronze:ChildClass","bronze:FineTuning","bronze:ForLoop+1","bronze:Branch","bronze:Branch","bronze:HardenedForm+1","bronze:WhirlingStrike+1","bronze:Format","bronze:BronzeOrb+1","bronze:ClassDefault","ReplayTheSpireMod:Brewmster+1","Mind Blast","Blind","bronze:Overload+1","bronze:GetLatest+1","bronze:DelayedSlice","bronze:Philosophize","bronze:NullPointer","bronze:Iterate"],"relics":["bronze:BronzeCore","Replay:WaspNest","Runic Pyramid","downfall:HeartBlessingRed","downfall:HeartBlessingBlue","downfall:RedIOU","Necronomicon","PreservedInsect","Garlic","downfall:HeartBlessingGreen","Replay:Bronze Core","ReplayTheSpireMod:ShopPack","ReplayTheSpireMod:Shallot","Pantograph","Strawberry"],"acts_visited":["Exordium","TheCity","TheBeyond"],"potions_floor_usage":[46,48,50,50,51,52,52],"damage_taken":[{"damage":7.0,"enemies":"Small Slimes","floor":2.0,"turns":5.0},{"damage":6.0,"enemies":"Jaw Worm","floor":3.0,"turns":2.0},{"damage":0.0,"enemies":"downfall:FleeingMerchant","floor":6.0,"turns":4.0},{"damage":21.0,"enemies":"Lagavulin","floor":8.0,"turns":5.0},{"damage":7.0,"enemies":"2 Louse","floor":13.0,"turns":2.0},{"damage":0.0,"enemies":"Large Slime","floor":14.0,"turns":3.0},{"damage":3.0,"enemies":"Red Slaver","floor":15.0,"turns":2.0},{"damage":0.0,"enemies":"3 Louse","floor":16.0,"turns":2.0},{"damage":1.0,"enemies":"Exordium Wildlife","floor":17.0,"turns":3.0},{"damage":49.0,"enemies":"DF_ARCHETYPE_STREAMLINE","floor":18.0,"turns":8.0},{"damage":4.0,"enemies":"3 Byrds","floor":21.0,"turns":3.0},{"damage":0.0,"enemies":"Snecko","floor":24.0,"turns":4.0},{"damage":0.0,"enemies":"Cultist and Chosen","floor":25.0,"turns":4.0},{"damage":0.0,"enemies":"3 Cultists","floor":27.0,"turns":4.0},{"damage":0.0,"enemies":"Centurion and Healer","floor":28.0,"turns":2.0},{"damage":21.0,"enemies":"Snake Plant","floor":29.0,"turns":3.0},{"damage":14.0,"enemies":"Book of Stabbing","floor":31.0,"turns":4.0},{"damage":0.0,"enemies":"Chosen and Byrds","floor":33.0,"turns":3.0},{"damage":0.0,"enemies":"Snecko","floor":34.0,"turns":4.0},{"damage":77.0,"enemies":"WA_ARCHETYPE_CALM","floor":35.0,"turns":11.0},{"damage":5.0,"enemies":"3 Shapes","floor":38.0,"turns":2.0},{"damage":0.0,"enemies":"downfall:FleeingMerchant","floor":42.0,"turns":4.0},{"damage":0.0,"enemies":"Orb Walker","floor":44.0,"turns":3.0},{"damage":0,"enemies":"Writhing Mass","floor":46,"turns":6},{"damage":9,"enemies":"Reptomancer","floor":48,"turns":3},{"damage":0,"enemies":"Giant Head","floor":50,"turns":5},{"damage":19,"enemies":"4 Shapes","floor":51,"turns":3},{"damage":104,"enemies":"IC_BLOCK_ARCHETYPE","floor":52,"turns":4}],"seed_played":"-4520486712828761811","potions_obtained":[{"floor":8.0,"key":"Reflective Coating"},{"floor":13.0,"key":"FearPotion"},{"floor":14.0,"key":"SkillPotion"},{"floor":17.0,"key":"Dexterity Potion"},{"floor":21.0,"key":"Milkshake"},{"floor":25.0,"key":"Fire Potion"},{"floor":27.0,"key":"Strength Potion"},{"floor":35.0,"key":"SneckoOil"},{"floor":44.0,"key":"Energy Potion"},{"floor":46,"key":"Guardian:BlockOnCardUsePotion"}],"is_trial":false,"path_per_floor":["R","M","M","PTL","PTL","$","?","E","T","R","?","T","M","M","M","M","M","B",null,"R","M","?","?","M","M","T","M","M","M","R","E","R","M","M","B",null,"R","M","?","T","?","$","T","M","R","M","?","E","R","E","M","B"],"character_chosen":"THE_AUTOMATON","items_purchased":["bronze:ClassDefault","bronze:BronzeOrb","bronze:ClassDefault","ReplayTheSpireMod:ShopPack"],"campfire_rested":3,"item_purchase_floors":[6,42,42,42],"current_hp_per_floor":[77,70,64,64,64,64,64,43,43,66,66,66,59,59,56,56,55,6,77,87,83,67,67,67,67,67,67,67,46,72,58,84,84,84,7,87,87,82,82,82,82,82,82,82,82,82,82,73,73,80,61,0,0,0],"gold":168,"neow_bonus":"TEN_PERCENT_HP_BONUS","is_daily":false,"chose_seed":false,"campfire_upgraded":3,"win_rate":0.0,"timestamp":1612045745,"path_taken":["R","M","M","PTL","PTL","$","?","E","T","R","?","?","M","M","M","M","M","BOSS","R","M","?","?","?","M","T","M","M","M","R","E","R","M","M","BOSS","R","M","?","?","?","$","T","M","R","?","?","E","R","E","M","BOSS"],"items_purchased_type":["Card","Card","Card","Relic"],"build_version":"2020-12-22","purchased_purges":0,"victory":false,"max_hp_per_floor":[77,77,77,77,77,77,77,77,77,77,77,77,77,77,77,77,77,77,77,87,87,87,87,87,87,87,87,87,87,87,87,87,87,87,87,87,87,87,87,87,87,87,87,87,87,87,84,84,84,91,91,91,91,91],"card_choices":[{"not_picked":["bronze:Frontload","bronze:Overheat"],"picked":"bronze:DelayedSlice","floor":2.0},{"not_picked":["bronze:Branch","bronze:BugBarrage"],"picked":"bronze:WildBeam","floor":3.0},{"not_picked":["bronze:Deprecate","bronze:AlphaBuild"],"picked":"bronze:DelayedSlice","floor":6.0},{"not_picked":["bronze:CutThrough","bronze:BugBarrage"],"picked":"bronze:DelayedSlice","floor":8.0},{"not_picked":["bronze:WildBeam","bronze:Iterate"],"picked":"bronze:Overload","floor":13.0},{"not_picked":["bronze:WildBeam","bronze:CloningBeam"],"picked":"bronze:BitShift","floor":14.0},{"not_picked":["bronze:BugBarrage","bronze:Invalidate"],"picked":"bronze:DelayedSlice","floor":15.0},{"not_picked":["bronze:Fortify","bronze:CloningBeam"],"picked":"bronze:Branch","floor":16.0},{"not_picked":["bronze:CutThrough","bronze:BuggyMess"],"picked":"bronze:FindAndReplace","floor":17.0},{"not_picked":["bronze:Assembly","bronze:SpaghettiCode"],"picked":"bronze:Format","floor":18.0},{"not_picked":["bronze:BitShift","bronze:DigitalCarnage"],"picked":"bronze:WhirlingStrike+1","floor":21.0},{"not_picked":["bronze:Invalidate","bronze:BugBarrage+1"],"picked":"bronze:Allocate","floor":24.0},{"not_picked":["bronze:Philosophize","bronze:Return+1","bronze:Allocate+1"],"picked":"SKIP","floor":25.0},{"not_picked":["bronze:Safeguard","bronze:Return"],"picked":"bronze:FineTuning","floor":27.0},{"not_picked":["bronze:OilSpill","bronze:BronzeArmor"],"picked":"bronze:ChildClass","floor":28.0},{"not_picked":["bronze:DelayedGuard","bronze:CutThrough"],"picked":"bronze:FineTuning","floor":29.0},{"not_picked":["bronze:CloningBeam+1","bronze:Turbo"],"picked":"bronze:ForLoop+1","floor":31.0},{"not_picked":["bronze:OilSpill+1","bronze:Return"],"picked":"bronze:Branch","floor":33.0},{"not_picked":["bronze:BitShift+1","bronze:BugBarrage"],"picked":"bronze:Branch","floor":34.0},{"not_picked":["bronze:Break","bronze:ThunderWave"],"picked":"bronze:HardenedForm","floor":35.0},{"not_picked":["bronze:Safeguard","bronze:Return"],"picked":"bronze:WhirlingStrike+1","floor":38.0},{"not_picked":["bronze:DelayedGuard+1","bronze:Deprecate+1"],"picked":"bronze:Format","floor":42.0},{"not_picked":["ReplayUltimateDefense","Crow Ritual"],"picked":"ReplayTheSpireMod:Brewmster","floor":42.0},{"not_picked":["Purity","ReplayTheSpireMod:Trickstab"],"picked":"Mind Blast","floor":42.0},{"not_picked":["Replay:Sssssssssshield","Swift Strike"],"picked":"Blind","floor":42.0},{"not_picked":["bronze:ForLoop+1","bronze:Deprecate"],"picked":"bronze:Overload+1","floor":44.0},{"not_picked":["bronze:BronzeOrb+1","bronze:CutThrough"],"picked":"bronze:GetLatest+1","floor":46},{"not_picked":["bronze:MaxOutput","bronze:Shield+1"],"picked":"bronze:Philosophize","floor":48},{"not_picked":["bronze:BugBarrage+1","bronze:BitShift+1"],"picked":"bronze:NullPointer","floor":50},{"not_picked":["bronze:Shield","bronze:ItsAFeature+1"],"picked":"bronze:Iterate","floor":51}],"player_experience":182170,"relics_obtained":[{"floor":8.0,"key":"Replay:WaspNest"},{"floor":12.0,"key":"Blue Candle"},{"floor":22.0,"key":"Necronomicon"},{"floor":26.0,"key":"PreservedInsect"},{"floor":31.0,"key":"Garlic"},{"floor":40.0,"key":"Replay:Rubber Ducky"},{"floor":43.0,"key":"ReplayTheSpireMod:Shallot"},{"floor":48,"key":"Pantograph"},{"floor":50,"key":"Strawberry"}],"event_choices":[{"damage_healed":0.0,"max_hp_gain":0.0,"max_hp_loss":0.0,"gold_gain":0.0,"event_name":"Living Wall","player_choice":"Grow","floor":11.0,"gold_loss":0.0,"damage_taken":0.0,"cards_upgraded":["bronze:DelayedSlice"]},{"cards_removed":["bronze:Allocate"],"damage_healed":0.0,"max_hp_gain":0.0,"max_hp_loss":0.0,"gold_gain":0.0,"event_name":"Falling","player_choice":"Removed Skill","floor":39.0,"gold_loss":0.0,"damage_taken":0.0}],"is_beta":false,"boss_relics":[{"not_picked":["Velvet Choker","Black Star"],"picked":"Runic Pyramid"},{"not_picked":["Sozu","Empty Cage"],"picked":"Replay:Bronze Core"}],"items_purged_floors":[],"is_endless":false,"potions_floor_spawned":[8,13,14,17,21,25,27,35,44,46],"killed_by":"IC_BLOCK_ARCHETYPE","ascension_level":0}}