{"host":"5f8yr5jxnqok2jdo","time":1612013522,"event":{"mods":["AchievementEnabler","BaseMod","Bestiary","Better Altar","Better Match","Better Note","Better Skull","Better Third Choice","Block Reminder","Colored Map","Colored Powertips","Custom Start","DeckTracker","Defective Defect","Displayed Cursed Tome","Filter the Spire","Googly Eyes","Highlight Path","Key Reminder","Minty Spire (QoL Compilation)","Permanent Neow","Quick Restart","Random Character Button","Rare Cards Sparkle","Relic Sorter","Relic Stats","ShortenTheSpire","Spire Arcade","Spire Birthday Party","StSLib","Steal the Spire","SuperFastMode","Synergy Search","Uncapped","Unceasing Turn Reminder","Waifu the Spire","everything is the same but u backflip on backflip","slay the spire mod where everything is the same but ironclad has a cowboy hat"],"gold_per_floor":[111,111,22,22,22,57,57,89,163,174,188,198,198,198,198,293,293,306,323,24,24,43,43,43,60,60,95,95,125,148,190,202,314,326,355,69,69,80,80,80,96,96,96],"floor_reached":42,"language":"ENG","playtime":1323,"items_purged":["Auto Shields+1"],"score":640,"play_id":"ca7b1afa-9ce8-4504-ae02-5828728e6203","local_time":"20210130143202","is_ascension_mode":true,"campfire_choices":[{"data":"Zap","floor":7,"key":"SMITH"},{"data":"Self Repair","floor":13,"key":"SMITH"},{"data":"Coolheaded","floor":15,"key":"SMITH"},{"data":"Genetic Algorithm","floor":23,"key":"SMITH"},{"data":"Defragment","floor":32,"key":"SMITH"},{"data":"Fission","floor":40,"key":"SMITH"}],"circlet_count":0,"master_deck":["Defend_B+1","Defend_B+1","Zap+1","Dualcast","Reboot","A Thousand Cuts+1","Dramatic Entrance","Ball Lightning","Coolheaded+1","Self Repair+1","Compile Driver","Biased Cognition","Rainbow+1","Conserve Battery+1","Genetic Algorithm+1","Reinforced Body","Conserve Battery+1","White Noise+1","Defragment+1","Fission+1"],"relics":["Cracked Core","War Paint","Art of War","Orichalcum","HornCleat","Astrolabe","Tiny Chest","Calipers","Lantern","Unceasing Top","MawBank","Shovel","Nuclear Battery","Peace Pipe"],"acts_visited":["Exordium","TheCity","TheBeyond"],"potions_floor_usage":[16,27,33],"damage_taken":[{"damage":7,"enemies":"Small Slimes","floor":1,"turns":3},{"damage":10,"enemies":"Gremlin Nob","floor":6,"turns":3},{"damage":14,"enemies":"Lagavulin","floor":8,"turns":6},{"damage":0,"enemies":"2 Louse","floor":10,"turns":2},{"damage":0,"enemies":"Cultist","floor":11,"turns":2},{"damage":0,"enemies":"Large Slime","floor":12,"turns":3},{"damage":0,"enemies":"Hexaghost","floor":16,"turns":9},{"damage":0,"enemies":"Shell Parasite","floor":18,"turns":5},{"damage":12,"enemies":"3 Byrds","floor":19,"turns":4},{"damage":5,"enemies":"Centurion and Healer","floor":22,"turns":6},{"damage":14,"enemies":"Cultist and Chosen","floor":25,"turns":6},{"damage":14,"enemies":"Book of Stabbing","floor":27,"turns":5},{"damage":22,"enemies":"Slavers","floor":29,"turns":4},{"damage":2,"enemies":"Book of Stabbing","floor":31,"turns":4},{"damage":35,"enemies":"Champ","floor":33,"turns":12},{"damage":0,"enemies":"3 Shapes","floor":35,"turns":3},{"damage":0,"enemies":"Orb Walker","floor":38,"turns":3},{"damage":0,"enemies":"Writhing Mass","floor":41,"turns":5},{"damage":128,"enemies":"Giant Head","floor":42,"turns":9}],"seed_played":"3592878139535915343","potions_obtained":[{"floor":10,"key":"FearPotion"},{"floor":12,"key":"DuplicationPotion"},{"floor":16,"key":"SkillPotion"},{"floor":21,"key":"EntropicBrew"},{"floor":21,"key":"Weak Potion"},{"floor":31,"key":"FairyPotion"}],"is_trial":false,"path_per_floor":["M","?","$","?","?","E","R","E","T","M","M","M","R","?","R","B",null,"M","M","$","?","M","R","?","M","T","E","?","E","T","E","R","B",null,"M","$","?","M","?","R","M","E"],"character_chosen":"DEFECT","items_purchased":["Dramatic Entrance","Tiny Chest","Reinforced Body","Peace Pipe"],"campfire_rested":0,"item_purchase_floors":[3,20,20,36],"current_hp_per_floor":[47,27,27,52,52,42,42,28,28,28,28,35,35,35,35,45,68,75,73,73,73,75,75,75,71,71,67,67,45,45,53,53,28,63,73,73,73,75,71,71,71,0,0],"gold":96,"neow_bonus":"THREE_RARE_CARDS","is_daily":false,"chose_seed":false,"campfire_upgraded":6,"win_rate":0.0,"timestamp":1612013522,"path_taken":["M","?","$","?","?","E","R","E","T","M","M","?","R","?","R","BOSS","M","M","$","?","M","R","?","M","T","E","?","E","?","E","R","BOSS","M","$","?","M","?","R","?","E"],"items_purchased_type":["Card","Relic","Card","Relic"],"build_version":"2020-12-22","purchased_purges":1,"victory":false,"max_hp_per_floor":[75,75,75,75,75,75,75,75,75,75,75,75,75,75,75,75,75,75,75,75,75,75,75,75,75,75,75,75,75,75,75,75,75,75,75,75,75,75,71,71,71,71,71],"relic_stats":{"Peace Pipe":0,"Shovel":0,"counters":[19,94],"Astrolabe":["Rainbow","Conserve Battery","Auto Shields"],"Tiny Chest":1,"Art of War":[24],"War Paint":["Defend_B","Defend_B"],"Orichalcum":[66],"MawBank":72,"obtain_stats":[{"Lantern":27,"Calipers":26,"Astrolabe":17,"War Paint":2,"Orichalcum":8,"MawBank":30,"Nuclear Battery":34,"Peace Pipe":36,"HornCleat":9,"Shovel":31,"Tiny Chest":20,"Art of War":6,"Cracked Core":0,"Unceasing Top":29},{"Lantern":12,"Calipers":11,"Astrolabe":7,"War Paint":1,"Orichalcum":3,"MawBank":13,"Nuclear Battery":15,"Peace Pipe":16,"HornCleat":3,"Shovel":14,"Tiny Chest":9,"Art of War":2,"Cracked Core":0,"Unceasing Top":13},{"Lantern":54,"Calipers":49,"Astrolabe":28,"War Paint":3,"Orichalcum":12,"MawBank":58,"Nuclear Battery":74,"Peace Pipe":77,"HornCleat":12,"Shovel":62,"Tiny Chest":37,"Art of War":6,"Cracked Core":0,"Unceasing Top":58}],"Unceasing Top":[3]},"card_choices":[{"not_picked":["Multi-Cast","Amplify"],"picked":"Reboot","floor":0},{"not_picked":["Barrage","Turbo","Auto Shields"],"picked":"SKIP","floor":1},{"not_picked":["Stack","Scrape","Steam"],"picked":"SKIP","floor":6},{"not_picked":["Go for the Eyes","Static Discharge"],"picked":"Coolheaded","floor":8},{"not_picked":["Gash","Recycle","Rebound"],"picked":"SKIP","floor":10},{"not_picked":["Melter","Redo"],"picked":"Self Repair","floor":11},{"not_picked":["Hologram","Ball Lightning"],"picked":"Compile Driver","floor":12},{"not_picked":["Core Surge","Meteor Strike"],"picked":"Biased Cognition","floor":16},{"not_picked":["Stack+1","Steam"],"picked":"Genetic Algorithm","floor":18},{"not_picked":["Redo+1","Conserve Battery","Go for the Eyes"],"picked":"SKIP","floor":19},{"not_picked":["Gash","Compile Driver","Multi-Cast"],"picked":"SKIP","floor":22},{"not_picked":["Skim","Cold Snap","Streamline+1"],"picked":"SKIP","floor":25},{"not_picked":["Steam Power","Sweeping Beam+1","Machine Learning"],"picked":"SKIP","floor":27},{"not_picked":["Steam Power","Machine Learning"],"picked":"Sweeping Beam+1","floor":27},{"not_picked":["Coolheaded","Rebound+1"],"picked":"White Noise+1","floor":29},{"not_picked":["Cold Snap","FTL+1"],"picked":"Defragment","floor":31},{"not_picked":["Reboot","Creative AI"],"picked":"Fission","floor":33},{"not_picked":["Rebound","BootSequence+1","Steam+1"],"picked":"SKIP","floor":35},{"not_picked":["FTL","Compile Driver+1","Leap"],"picked":"SKIP","floor":38},{"not_picked":["Consume","Steam","Ball Lightning"],"picked":"SKIP","floor":41}],"player_experience":356072,"relics_obtained":[{"floor":6,"key":"Art of War"},{"floor":8,"key":"Orichalcum"},{"floor":9,"key":"HornCleat"},{"floor":26,"key":"Calipers"},{"floor":27,"key":"Lantern"},{"floor":29,"key":"Unceasing Top"},{"floor":30,"key":"MawBank"},{"floor":31,"key":"Shovel"}],"event_choices":[{"damage_healed":25,"gold_gain":0,"player_choice":"Banana","damage_taken":0,"max_hp_gain":0,"max_hp_loss":0,"event_name":"Big Fish","floor":4,"gold_loss":0},{"damage_healed":0,"gold_gain":0,"cards_transformed":["Strike_B"],"player_choice":"Transformed","damage_taken":0,"max_hp_gain":0,"max_hp_loss":0,"event_name":"Transmorgrifier","floor":5,"gold_loss":0,"cards_obtained":["Ball Lightning"]},{"cards_removed":["Strike_B"],"damage_healed":0,"gold_gain":0,"player_choice":"Forget","damage_taken":0,"max_hp_gain":0,"max_hp_loss":0,"event_name":"Living Wall","floor":14,"gold_loss":0},{"damage_healed":0,"gold_gain":0,"player_choice":"Got Potions","damage_taken":0,"max_hp_gain":0,"max_hp_loss":0,"event_name":"Lab","floor":21,"gold_loss":0},{"cards_removed":["Strike_B"],"damage_healed":0,"gold_gain":0,"player_choice":"Purged","damage_taken":0,"max_hp_gain":0,"max_hp_loss":0,"event_name":"Purifier","floor":24,"gold_loss":0},{"damage_healed":0,"gold_gain":0,"player_choice":"Copied","damage_taken":0,"max_hp_gain":0,"max_hp_loss":0,"event_name":"Duplicator","floor":28,"gold_loss":0,"cards_obtained":["Conserve Battery"]},{"cards_removed":["Sweeping Beam"],"damage_healed":0,"gold_gain":0,"player_choice":"Removed Attack","damage_taken":0,"max_hp_gain":0,"max_hp_loss":0,"event_name":"Falling","floor":37,"gold_loss":0},{"damage_healed":0,"gold_gain":0,"player_choice":"Max HP","damage_taken":0,"max_hp_gain":0,"max_hp_loss":4,"event_name":"Winding Halls","floor":39,"gold_loss":0}],"is_beta":false,"boss_relics":[{"not_picked":["FrozenCore","Snecko Eye"],"picked":"Astrolabe"},{"not_picked":["Black Star","Velvet Choker"],"picked":"Nuclear Battery"}],"items_purged_floors":[20],"is_endless":false,"potions_floor_spawned":[10,12,16,22,31],"killed_by":"Giant Head","ascension_level":5}}