{"host":"osk2oboccoevp2u5","time":1612035247,"event":{"mods":["AchievementEnabler","Alarm Clock","BaseMod","Colored Powertips","Disable Question Mark Monsters","Displayed Cursed Tome","Hermit","Key Reminder","Minty Spire (QoL Compilation)","Potion Indicator Mod","Quick Restart","Rare Cards Sparkle","Reorder Act Four","StSLib","Useless Jewels Mod"],"gold_per_floor":[118,118,20,30,30,30,47,47,47,60,70,70,90,105,105,207,207,218,231,248,4,16,16,16,29,75,91,91,91,91,91],"floor_reached":30,"language":"ENG","playtime":1468,"items_purged":["hermit:Strike_Hermit","hermit:Strike_Hermit"],"score":395,"play_id":"67128e40-3d09-4a1c-96cf-bf32fa8ee90f","local_time":"20210130153407","is_ascension_mode":true,"campfire_choices":[{"data":"hermit:Snapshot","floor":6,"key":"SMITH"},{"data":"hermit:Gambit","floor":12,"key":"SMITH"},{"data":"hermit:Headshot","floor":15,"key":"SMITH"},{"data":"hermit:Reprieve","floor":24,"key":"SMITH"}],"circlet_count":0,"master_deck":["hermit:Strike_Hermit","hermit:Strike_Hermit","hermit:Defend_Hermit","hermit:Defend_Hermit","hermit:Defend_Hermit","hermit:Defend_Hermit","hermit:Snapshot+1","hermit:Covet","hermit:Coalescence","hermit:Snipe","hermit:Snipe","hermit:Misfire","hermit:Ricochet","hermit:Gambit+1","hermit:Misfire","hermit:GhostlyPresence","hermit:Snipe","hermit:Headshot+1","hermit:Reprieve+1","hermit:Feint"],"relics":["hermit:Momento","Oddly Smooth Stone","Centennial Puzzle","Bottled Lightning","Busted Crown","Happy Flower","Dream Catcher"],"acts_visited":["Exordium","TheCity"],"potions_floor_usage":[14,16,18,23,25,28,29],"damage_taken":[{"damage":4,"enemies":"2 Louse","floor":1,"turns":2},{"damage":0,"enemies":"Jaw Worm","floor":4,"turns":4},{"damage":1,"enemies":"Cultist","floor":7,"turns":4},{"damage":2,"enemies":"Blue Slaver","floor":10,"turns":2},{"damage":5,"enemies":"Looter","floor":11,"turns":3},{"damage":3,"enemies":"Exordium Thugs","floor":13,"turns":4},{"damage":0,"enemies":"3 Louse","floor":14,"turns":1},{"damage":0,"enemies":"Slime Boss","floor":16,"turns":5},{"damage":22,"enemies":"3 Byrds","floor":18,"turns":6},{"damage":0,"enemies":"Chosen","floor":19,"turns":4},{"damage":56,"enemies":"Centurion and Healer","floor":20,"turns":6},{"damage":18,"enemies":"Snake Plant","floor":22,"turns":3},{"damage":0,"enemies":"Book of Stabbing","floor":23,"turns":1},{"damage":11,"enemies":"Snecko","floor":25,"turns":5},{"damage":44,"enemies":"Sentry and Sphere","floor":27,"turns":8},{"damage":0,"enemies":"Slavers","floor":28,"turns":1},{"damage":21,"enemies":"Colosseum Slavers","floor":29,"turns":4},{"damage":32,"enemies":"Gremlin Leader","floor":30,"turns":7}],"seed_played":"7298767440886246074","potions_obtained":[{"floor":7,"key":"Explosive Potion"},{"floor":10,"key":"Energy Potion"},{"floor":14,"key":"ColorlessPotion"},{"floor":19,"key":"SmokeBomb"},{"floor":20,"key":"Dexterity Potion"},{"floor":25,"key":"SmokeBomb"},{"floor":27,"key":"hermit:Tonic"}],"is_trial":false,"path_per_floor":["M","?","$","M","?","R","M","?","T","M","M","R","M","M","R","B",null,"M","M","M","$","M","E","R","M","T","M","E","?","E"],"character_chosen":"HERMIT","items_purchased":["hermit:Snipe","Happy Flower"],"campfire_rested":0,"item_purchase_floors":[3,21],"current_hp_per_floor":[71,46,46,46,71,71,70,70,70,68,63,63,60,60,60,60,71,49,53,1,1,57,57,57,50,50,6,6,58,34,34],"gold":91,"neow_bonus":"RANDOM_COMMON_RELIC","is_daily":false,"chose_seed":false,"campfire_upgraded":4,"win_rate":0.0,"timestamp":1612035247,"path_taken":["M","?","$","M","?","R","M","?","T","M","?","R","M","M","R","BOSS","M","M","M","$","M","E","R","M","T","M","E","?","E"],"items_purchased_type":["Card","Relic"],"build_version":"2020-12-22","purchased_purges":2,"victory":false,"max_hp_per_floor":[75,75,75,75,75,75,75,75,75,75,75,75,75,75,75,75,75,75,75,75,75,75,75,75,75,75,75,75,75,75,75],"card_choices":[{"not_picked":["hermit:Manifest","hermit:Quickdraw"],"picked":"hermit:Coalescence","floor":1},{"not_picked":["hermit:TakeCover","hermit:Gestalt"],"picked":"hermit:Snipe","floor":4},{"not_picked":["hermit:Showdown","hermit:Cheat"],"picked":"hermit:Misfire","floor":7},{"not_picked":["hermit:PistolWhip","hermit:HighCaliber"],"picked":"hermit:Misfire","floor":10},{"not_picked":["hermit:Magnum","hermit:SprayPray"],"picked":"hermit:GhostlyPresence","floor":11},{"not_picked":["hermit:Shortfuse","hermit:WideOpen"],"picked":"hermit:Snipe","floor":13},{"not_picked":["hermit:Roulette","hermit:Glare"],"picked":"hermit:Headshot","floor":14},{"not_picked":["hermit:BlackWind","hermit:FatalDesire"],"picked":"hermit:Reprieve","floor":16},{"not_picked":["hermit:Deadeye+1"],"picked":"SKIP","floor":18},{"not_picked":["hermit:Brawl"],"picked":"SKIP","floor":19},{"not_picked":["hermit:TrackingShot"],"picked":"SKIP","floor":20},{"not_picked":["hermit:Deadeye+1"],"picked":"SKIP","floor":22},{"not_picked":[],"picked":"hermit:Feint","floor":25},{"not_picked":["hermit:Roulette"],"picked":"SKIP","floor":27}],"player_experience":1003126,"relics_obtained":[{"floor":9,"key":"Bottled Lightning"},{"floor":26,"key":"Dream Catcher"}],"event_choices":[{"damage_healed":0,"gold_gain":0,"player_choice":"Success","damage_taken":25,"relics_obtained":["Centennial Puzzle"],"max_hp_gain":0,"max_hp_loss":0,"event_name":"Scrap Ooze","floor":2,"gold_loss":0},{"damage_healed":25,"gold_gain":0,"player_choice":"Banana","damage_taken":0,"max_hp_gain":0,"max_hp_loss":0,"event_name":"Big Fish","floor":5,"gold_loss":0},{"damage_healed":0,"gold_gain":0,"player_choice":"2 cards matched","damage_taken":0,"max_hp_gain":0,"max_hp_loss":0,"event_name":"Match and Keep!","floor":8,"gold_loss":0,"cards_obtained":["hermit:Ricochet","hermit:Gambit"]},{"damage_healed":0,"gold_gain":0,"player_choice":"Fight","damage_taken":0,"max_hp_gain":0,"max_hp_loss":0,"event_name":"Colosseum","floor":29,"gold_loss":0},{"damage_healed":0,"gold_gain":0,"player_choice":"Fled From Nobs","damage_taken":0,"max_hp_gain":0,"max_hp_loss":0,"event_name":"Colosseum","floor":29,"gold_loss":0}],"is_beta":false,"boss_relics":[{"not_picked":["Tiny House","Sozu"],"picked":"Busted Crown"}],"items_purged_floors":[3,21],"is_endless":false,"potions_floor_spawned":[7,10,14,19,20,25,27,29],"killed_by":"Gremlin Leader","ascension_level":5}}