{"host":"x8s7139x96bc3le0","time":1612045019,"event":{"mods":["AchievementEnabler","BaseMod","Bestiary","Minty Spire (QoL Compilation)","Relic Stats","ojb\u0027s Better Paths Mod","ojb\u0027s Info Mod"],"gold_per_floor":[112,112,132,132,150,150,180,197,197,215,233,233,261,279,279,376,376,386,421,336,351,120,153,153,178,178,178,178,178,190,200,200,300,300,319,141,191,209,262,290,290,325,325,357,124,124,124,134,134,134],"floor_reached":51,"language":"ENG","playtime":3379,"items_purged":["Strike_R","Strike_R","Strike_R"],"score":845,"play_id":"83adebcc-503b-4e9e-8e61-79a99199e979","local_time":"20210130231659","is_ascension_mode":true,"campfire_choices":[{"data":"Pommel Strike","floor":6.0,"key":"SMITH"},{"data":"Clothesline","floor":12.0,"key":"SMITH"},{"data":"Immolate","floor":15.0,"key":"SMITH"},{"data":"1","floor":27.0,"key":"LIFT"},{"data":"2","floor":29.0,"key":"LIFT"},{"data":"Corruption","floor":32.0,"key":"SMITH"},{"floor":41,"key":"REST"},{"floor":49,"key":"REST"}],"circlet_count":0,"master_deck":["Strike_R+1","Strike_R","Defend_R","Defend_R","Defend_R","Defend_R","Bash+1","Pommel Strike+1","Evolve","Ghostly Armor","Anger","Clothesline+1","Immolate+1","Corruption+1","CurseOfTheBell","Entrench+1","Power Through+1","Impervious","Immolate+1","Shockwave+1","Offering","Pummel+1","Sentinel+1","Body Slam+1","Flame Barrier","Battle Trance","Parasite"],"relics":["Burning Blood","Potion Belt","Lantern","Darkstone Periapt","Thread and Needle","Calling Bell","Tiny Chest","Paper Frog","Girya","Red Mask","Singing Bowl","Meat on the Bone","Lizard Tail","Boot","Whetstone","Mark of Pain","Gambling Chip","Blood Vial","Happy Flower","Bronze Scales","White Beast Statue","Ice Cream","Molten Egg 2"],"acts_visited":["Exordium","TheCity","TheBeyond"],"potions_floor_usage":[40,42,50],"damage_taken":[{"damage":6.0,"enemies":"2 Louse","floor":1.0,"turns":3.0},{"damage":3.0,"enemies":"Jaw Worm","floor":3.0,"turns":4.0},{"damage":2.0,"enemies":"Small Slimes","floor":5.0,"turns":4.0},{"damage":15.0,"enemies":"Gremlin Nob","floor":7.0,"turns":4.0},{"damage":46.0,"enemies":"Exordium Thugs","floor":8.0,"turns":7.0},{"damage":10.0,"enemies":"3 Louse","floor":10.0,"turns":3.0},{"damage":0.0,"enemies":"Looter","floor":11.0,"turns":3.0},{"damage":12.0,"enemies":"3 Sentries","floor":13.0,"turns":8.0},{"damage":4.0,"enemies":"2 Fungi Beasts","floor":14.0,"turns":3.0},{"damage":46.0,"enemies":"The Guardian","floor":16.0,"turns":12.0},{"damage":0.0,"enemies":"Chosen","floor":18.0,"turns":4.0},{"damage":0.0,"enemies":"Masked Bandits","floor":19.0,"turns":2.0},{"damage":32.0,"enemies":"Spheric Guardian","floor":21.0,"turns":7.0},{"damage":30.0,"enemies":"Gremlin Leader","floor":23.0,"turns":8.0},{"damage":26.0,"enemies":"Slavers","floor":25.0,"turns":7.0},{"damage":5.0,"enemies":"Snecko","floor":30.0,"turns":5.0},{"damage":20.0,"enemies":"Sentry and Sphere","floor":31.0,"turns":5.0},{"damage":36.0,"enemies":"Automaton","floor":33.0,"turns":10.0},{"damage":2.0,"enemies":"3 Shapes","floor":35.0,"turns":3.0},{"damage":7.0,"enemies":"Mind Bloom Boss Battle","floor":37.0,"turns":7.0},{"damage":10.0,"enemies":"3 Darklings","floor":38.0,"turns":3.0},{"damage":74,"enemies":"Giant Head","floor":40,"turns":11},{"damage":42,"enemies":"Nemesis","floor":42,"turns":9},{"damage":45,"enemies":"Giant Head","floor":44,"turns":9},{"damage":16,"enemies":"Writhing Mass","floor":48,"turns":4},{"damage":148,"enemies":"Time Eater","floor":50,"turns":12}],"seed_played":"-1388942612328274080","potions_obtained":[{"floor":3.0,"key":"FairyPotion"},{"floor":5.0,"key":"GamblersBrew"},{"floor":8.0,"key":"Regen Potion"},{"floor":10.0,"key":"Fire Potion"},{"floor":14.0,"key":"HeartOfIron"},{"floor":18.0,"key":"FairyPotion"},{"floor":19.0,"key":"EssenceOfSteel"},{"floor":31.0,"key":"FairyPotion"},{"floor":33.0,"key":"Block Potion"},{"floor":35.0,"key":"Fruit Juice"},{"floor":40,"key":"Explosive Potion"},{"floor":42,"key":"SmokeBomb"},{"floor":44,"key":"Dexterity Potion"}],"is_trial":false,"path_per_floor":["M","?","M","?","M","R","E","M","T","M","M","R","E","M","R","B",null,"M","?","?","M","$","E","?","E","T","R","T","R","M","M","R","B",null,"M","$","?","M","T","E","R","E","T","E","$","?","T","M","R","B",null],"character_chosen":"IRONCLAD","items_purchased":["Impervious","DuplicationPotion","Flame Barrier","Battle Trance"],"campfire_rested":2,"item_purchase_floors":[22,36,45,45],"current_hp_per_floor":[80,80,80,85,85,85,76,36,36,32,38,38,47,49,49,9,91,91,91,91,67,67,45,45,37,37,37,37,37,52,50,50,32,97,102,102,101,99,99,45,76,56,56,33,33,33,33,45,79,40],"gold":134,"neow_bonus":"RANDOM_COMMON_RELIC","is_daily":false,"chose_seed":false,"campfire_upgraded":4,"win_rate":0.0,"timestamp":1612045019,"path_taken":["M","?","M","?","M","R","E","M","T","M","M","R","E","M","R","BOSS","M","?","?","M","$","E","?","E","T","R","?","R","M","M","R","BOSS","M","$","?","M","?","E","R","E","T","E","$","?","?","M","R","BOSS"],"items_purchased_type":["Card","Potion","Card","Card"],"build_version":"2020-12-22","purchased_purges":3,"victory":true,"max_hp_per_floor":[80,80,80,85,85,85,85,85,85,85,85,85,85,85,85,85,91,91,91,91,93,93,95,95,95,95,95,95,95,97,97,97,97,97,102,102,102,104,104,104,104,106,106,108,108,108,108,116,116,116],"relic_stats":{"Darkstone Periapt":12,"Singing Bowl":14,"Happy Flower":[11],"counters":[26,157],"Whetstone":["Immolate","Strike_R"],"Boot":[42],"Burning Blood":133,"Blood Vial":10,"Lizard Tail":0,"Gambling Chip":[16],"Bronze Scales":[72],"Tiny Chest":2,"obtain_stats":[{"Potion Belt":0,"Darkstone Periapt":9,"Ice Cream":44,"Girya":17,"Lantern":7,"Singing Bowl":20,"Happy Flower":40,"Thread and Needle":13,"Whetstone":28,"Boot":26,"Burning Blood":0,"White Beast Statue":43,"Calling Bell":17,"Blood Vial":39,"Lizard Tail":25,"Gambling Chip":37,"Bronze Scales":42,"Tiny Chest":17,"Molten Egg 2":47,"Mark of Pain":34,"Red Mask":19,"Paper Frog":17,"Meat on the Bone":23},{"Potion Belt":0,"Darkstone Periapt":5,"Ice Cream":24,"Girya":10,"Lantern":4,"Singing Bowl":12,"Happy Flower":22,"Thread and Needle":8,"Whetstone":15,"Boot":15,"Burning Blood":0,"White Beast Statue":23,"Calling Bell":10,"Blood Vial":21,"Lizard Tail":15,"Gambling Chip":20,"Bronze Scales":23,"Tiny Chest":10,"Molten Egg 2":24,"Mark of Pain":18,"Red Mask":12,"Paper Frog":10,"Meat on the Bone":14},{"Potion Belt":0,"Darkstone Periapt":22,"Ice Cream":141,"Girya":51,"Lantern":15,"Singing Bowl":57,"Happy Flower":123,"Thread and Needle":36,"Whetstone":79,"Boot":79,"Burning Blood":0,"White Beast Statue":132,"Calling Bell":51,"Blood Vial":112,"Lizard Tail":79,"Gambling Chip":109,"Bronze Scales":132,"Tiny Chest":51,"Molten Egg 2":141,"Mark of Pain":99,"Red Mask":57,"Paper Frog":51,"Meat on the Bone":72}],"Meat on the Bone":108},"card_choices":[{"not_picked":["Wild Strike","Iron Wave"],"picked":"Pommel Strike","floor":1.0},{"not_picked":["Warcry","Clash","Body Slam"],"picked":"SKIP","floor":3.0},{"not_picked":["Thunderclap","Warcry"],"picked":"Evolve","floor":5.0},{"not_picked":["Thunderclap","Seeing Red","Wild Strike"],"picked":"SKIP","floor":7.0},{"not_picked":["Armaments","Havoc"],"picked":"Ghostly Armor","floor":8.0},{"not_picked":["Combust","Searing Blow"],"picked":"Anger","floor":10.0},{"not_picked":["Wild Strike","Evolve"],"picked":"Clothesline","floor":11.0},{"not_picked":["Thunderclap","Twin Strike"],"picked":"Immolate","floor":13.0},{"not_picked":["Wild Strike","Second Wind","Searing Blow"],"picked":"SKIP","floor":14.0},{"not_picked":["Fiend Fire","Double Tap"],"picked":"Corruption","floor":16.0},{"not_picked":["Armaments","Twin Strike"],"picked":"Entrench+1","floor":18.0},{"not_picked":["Flex","Sword Boomerang"],"picked":"Power Through+1","floor":19.0},{"not_picked":["Sword Boomerang+1","Twin Strike+1","Clash"],"picked":"Singing Bowl","floor":21.0},{"not_picked":["Brutality","Thunderclap","Anger+1"],"picked":"Singing Bowl","floor":23.0},{"not_picked":["Armaments","Headbutt"],"picked":"Immolate","floor":25.0},{"not_picked":["Havoc","Second Wind","Clothesline+1"],"picked":"Singing Bowl","floor":30.0},{"not_picked":["Evolve","Havoc"],"picked":"Shockwave+1","floor":31.0},{"not_picked":["Brutality","Bludgeon"],"picked":"Offering","floor":33.0},{"not_picked":["Sword Boomerang+1","True Grit"],"picked":"Pummel+1","floor":35.0},{"not_picked":["Bloodletting","Rampage+1"],"picked":"Sentinel+1","floor":37.0},{"not_picked":["Cleave+1","Wild Strike","Carnage"],"picked":"Singing Bowl","floor":38.0},{"not_picked":["Twin Strike+1","Metallicize"],"picked":"Body Slam+1","floor":40},{"not_picked":["Clothesline","Carnage+1","Immolate"],"picked":"Singing Bowl","floor":42},{"not_picked":["Shrug It Off","Bloodletting","Flex+1"],"picked":"Singing Bowl","floor":44},{"not_picked":["Armaments","Twin Strike+1","Shockwave+1"],"picked":"Singing Bowl","floor":48}],"player_experience":823825,"relics_obtained":[{"floor":7.0,"key":"Lantern"},{"floor":9.0,"key":"Darkstone Periapt"},{"floor":13.0,"key":"Thread and Needle"},{"floor":17.0,"key":"Tiny Chest"},{"floor":17.0,"key":"Paper Frog"},{"floor":17.0,"key":"Girya"},{"floor":19.0,"key":"Red Mask"},{"floor":23.0,"key":"Meat on the Bone"},{"floor":25.0,"key":"Lizard Tail"},{"floor":26.0,"key":"Boot"},{"floor":28.0,"key":"Whetstone"},{"floor":37.0,"key":"Gambling Chip"},{"floor":39.0,"key":"Blood Vial"},{"floor":40,"key":"Happy Flower"},{"floor":42,"key":"Bronze Scales"},{"floor":43,"key":"White Beast Statue"},{"floor":44,"key":"Ice Cream"},{"floor":47,"key":"Molten Egg 2"}],"event_choices":[{"damage_healed":0.0,"max_hp_gain":0.0,"max_hp_loss":0.0,"gold_gain":0.0,"event_name":"Living Wall","player_choice":"Grow","floor":2.0,"gold_loss":0.0,"damage_taken":0.0,"cards_upgraded":["Bash"]},{"damage_healed":0.0,"max_hp_gain":5.0,"max_hp_loss":0.0,"gold_gain":0.0,"event_name":"Big Fish","player_choice":"Donut","floor":4.0,"gold_loss":0.0,"damage_taken":0.0},{"damage_healed":0.0,"max_hp_gain":0.0,"max_hp_loss":0.0,"gold_gain":0.0,"event_name":"Masked Bandits","player_choice":"Fought Bandits","floor":19.0,"gold_loss":0.0,"damage_taken":0.0},{"damage_healed":0.0,"max_hp_gain":0.0,"max_hp_loss":0.0,"gold_gain":0.0,"event_name":"Addict","player_choice":"Obtained Relic","floor":20.0,"gold_loss":85.0,"damage_taken":0.0,"relics_obtained":["Singing Bowl"]},{"damage_healed":0.0,"max_hp_gain":0.0,"max_hp_loss":0.0,"gold_gain":0.0,"event_name":"N\u0027loth","player_choice":"Ignored","floor":24.0,"gold_loss":0.0,"damage_taken":0.0},{"damage_healed":0.0,"max_hp_gain":0.0,"max_hp_loss":0.0,"gold_gain":0.0,"event_name":"MindBloom","player_choice":"Fight","floor":37.0,"gold_loss":0.0,"damage_taken":0.0},{"damage_healed":0,"gold_gain":0,"player_choice":"Ignored","damage_taken":0,"max_hp_gain":0,"max_hp_loss":0,"event_name":"Tomb of Lord Red Mask","floor":46,"gold_loss":0}],"is_beta":false,"boss_relics":[{"not_picked":["Velvet Choker","Philosopher\u0027s Stone"],"picked":"Calling Bell"},{"not_picked":["Snecko Eye","Sozu"],"picked":"Mark of Pain"}],"items_purged_floors":[22,36,45],"is_endless":false,"potions_floor_spawned":[3,5,8,10,14,18,19,31,33,35,40,42,44,48],"ascension_level":1}}