{"host":"w3d3m1yxg9zt90yy","time":1612045629,"event":{"mods":["BaseMod","Colored Map","Infinite Spire","Minty Spire (QoL Compilation)","Quick Restart","Replay The Spire","Shop Mod","StSLib","The Bladedancer","The Necromancer"],"gold_per_floor":[116,133,146,146,164,197,197,197,197,222,222,254,254,286,286,399,399,426,100,149,149,64,64,83,138,138,138,194,234,281,323,323,440,440,489,489,531,611,653,653,717,756,756,756,813,850,905,905,905,923],"floor_reached":51,"language":"ENG","playtime":3881,"items_purged":["Strike_W"],"score":936,"play_id":"26c79a2b-f4a7-4c70-a7c0-de88e71743f2","local_time":"20210130162709","is_ascension_mode":true,"campfire_choices":[{"floor":11,"key":"REST"},{"data":"Summon_Undead_Army","floor":13,"key":"SMITH"},{"data":"Bone_Shift","floor":23,"key":"SMITH"},{"data":"infinitespire:Starlight","floor":40,"key":"SMITH"},{"data":"Summon_Undead","floor":44,"key":"SMITH"},{"data":"Bone_Shift","floor":49,"key":"SMITH"}],"circlet_count":0,"master_deck":["Strike_W","Strike_W","Defend_W","Defend_W+1","Defend_W","Negative_Energy_Arrows","Bone_Wall+1","Life_Tap+1","Finger_Of_Death","Bone_Shift+1","Bone_Armor","Bone_Shift+1","Summon_Undead_Army","Summon_Undead_Army+1","Blood_Curse","Detonate_Bones","AbeCurse","Thousand_Bone_Knives","Life_Drain+1","J.A.X.+1","Shade_Step+1","Summon_Undead+1","Blind","Summon_Undead+1","Bones_to_Steel","Shade_Step+1","Bone_Bullets+1","Bone_Armor+1","infinitespire:Starlight+1","Bone_Bullets","Shade_Step+1","Acid_Javelin","Siphon_Strength+1","Scare","Summon_Lich+1","Bone_Shift+1","Summon_Vampire_Lady"],"relics":["Honey Jar","Replay:Bandana","War Paint","Replay:Grab Bag","Abe\u0027s Treasure","ReplayTheSpireMod:Onyx Gauntlets","Black Star","Replay:Bottled Flurry","Gremlin Horn","ReplayTheSpireMod:Lightbulb","Strawberry","Mercury Hourglass","Potion Belt","Lizard Tail","Dream Catcher","Divine Protection","Replay:Mystery Machine","Painkiller Herb","Torii","Meat on the Bone","Question Card","Mango","Letter Opener","Replay:Bottled Eggs","Durian","infinitespire:Bottled Soul"],"acts_visited":["Exordium","TheCity","TheBeyond"],"potions_floor_usage":[28,29],"damage_taken":[{"damage":3,"enemies":"Small Slimes","floor":1,"turns":3},{"damage":5,"enemies":"Jaw Worm","floor":2,"turns":4},{"damage":0,"enemies":"2 Louse","floor":3,"turns":2},{"damage":6,"enemies":"Exordium Thugs","floor":5,"turns":5},{"damage":50,"enemies":"Lagavulin","floor":6,"turns":10},{"damage":4,"enemies":"Blue Slaver","floor":10,"turns":5},{"damage":2,"enemies":"2 Fungi Beasts","floor":12,"turns":5},{"damage":12,"enemies":"Exordium Thugs","floor":14,"turns":4},{"damage":12,"enemies":"Hexaghost","floor":16,"turns":10},{"damage":19,"enemies":"2 Thieves","floor":18,"turns":5},{"damage":16,"enemies":"3 Byrds","floor":20,"turns":4},{"damage":12,"enemies":"Snake Plant","floor":24,"turns":3},{"damage":21,"enemies":"Slavers","floor":25,"turns":4},{"damage":11,"enemies":"Book of Stabbing","floor":28,"turns":3},{"damage":9,"enemies":"Sentry and Sphere","floor":29,"turns":3},{"damage":37,"enemies":"Slavers","floor":31,"turns":4},{"damage":13,"enemies":"Automaton","floor":33,"turns":6},{"damage":24,"enemies":"3 Darklings","floor":35,"turns":3},{"damage":0,"enemies":"Orb Walker","floor":37,"turns":2},{"damage":7,"enemies":"Mind Bloom Boss Battle","floor":38,"turns":3},{"damage":19,"enemies":"Writhing Mass","floor":39,"turns":4},{"damage":13,"enemies":"Reptomancer","floor":41,"turns":4},{"damage":0,"enemies":"Transient","floor":42,"turns":5},{"damage":4,"enemies":"Giant Head","floor":45,"turns":5},{"damage":0,"enemies":"Maw","floor":46,"turns":5},{"damage":11,"enemies":"Nightmare","floor":47,"turns":5},{"damage":34,"enemies":"Time Eater","floor":50,"turns":7}],"seed_played":"4469090592503835210","potions_obtained":[{"floor":1,"key":"SteroidPotion"},{"floor":5,"key":"DistilledChaos"},{"floor":14,"key":"BlessingOfTheForge"},{"floor":29,"key":"Cursed Concoction"},{"floor":31,"key":"LiquidMemories"},{"floor":33,"key":"DistilledChaos"},{"floor":37,"key":"Strength Potion"},{"floor":41,"key":"Strength Potion"},{"floor":45,"key":"SteroidPotion"}],"is_trial":false,"path_per_floor":["M","M","M","?","M","E","?","?","T","M","R","M","R","M","R_BF","B",null,"M","$","M","?","?","R","M","E","T","?","E","M","T","E","R_BF","B",null,"?","?","?","?","?","T","E","?","T","T","E","?","NM","?","T","B",null],"character_chosen":"NECROMANCER","items_purchased":["Replay:Bottled Flurry"],"campfire_rested":1,"item_purchase_floors":[19],"current_hp_per_floor":[72,67,67,67,61,11,11,11,11,7,29,27,27,15,37,25,75,56,56,40,40,40,40,34,26,26,14,9,6,6,36,60,59,82,67,46,62,77,72,72,71,82,96,96,92,92,96,96,96,86],"gold":923,"neow_bonus":"BOSS_RELIC","is_daily":false,"chose_seed":false,"campfire_upgraded":5,"win_rate":0.0,"timestamp":1612045629,"path_taken":["M","M","M","?","M","E","?","?","T","M","R","M","R","M","R_BF","BOSS","M","$","M","?","?","R","M","E","T","?","E","?","?","E","R_BF","BOSS","?","?","?","?","?","T","E","?","T","T","E","?","NM","?","T","BOSS"],"items_purchased_type":["Relic"],"build_version":"2020-12-22","purchased_purges":1,"victory":true,"max_hp_per_floor":[75,75,75,75,75,75,75,75,75,75,75,75,75,75,75,75,75,75,75,75,75,75,75,75,82,82,82,82,82,82,82,82,82,82,82,82,82,82,82,82,82,82,96,96,96,96,101,101,101,101],"card_choices":[{"not_picked":["Consume_Illness","Necromantic_Selection","Death_March_Dance"],"picked":"Life_Tap","floor":1},{"not_picked":["Siphon_Strength","Death_Knell","Negative_Energy_Shield"],"picked":"Finger_Of_Death","floor":2},{"not_picked":["Death_March_Dance","Bone_Armor","Consume_Illness"],"picked":"Bone_Shift","floor":3},{"not_picked":["Negative_Energy_Sphere","Vampiric_Strike","Blood_Magic"],"picked":"Bone_Armor","floor":5},{"not_picked":["Death_March_Dance","Hellfire","Shackles_Of_Pain"],"picked":"Bone_Shift","floor":6},{"not_picked":["Chill_Blood","Negative_Energy_Sphere","Blood_Whip"],"picked":"Summon_Undead_Army","floor":10},{"not_picked":["Finger_Of_Death","Pandemic","Epidemic"],"picked":"Summon_Undead_Army","floor":12},{"not_picked":["Requiem","Negative_Energy_Mist","Consume_Illness"],"picked":"Blood_Curse","floor":14},{"not_picked":["Hellfire","Cloudkill","Grasp_Heart"],"picked":"Detonate_Bones","floor":16},{"not_picked":["Violent_Necrosis","Bone_Prison","Chill_Blood+1"],"picked":"Thousand_Bone_Knives","floor":18},{"not_picked":["Chill_Blood+1","Acid_Javelin","Bone_Shift"],"picked":"Life_Drain+1","floor":20},{"not_picked":["Death_Knell+1","Life_Tap","Negative_Energy_Sphere"],"picked":"Shade_Step","floor":24},{"not_picked":["Thousand_Bone_Knives","Chill_Blood","Blood_Curse+1"],"picked":"Summon_Undead","floor":25},{"not_picked":["Negative_Energy_Javelin","Shackles_Of_Pain","Summon_Undead_Army+1"],"picked":"Summon_Undead+1","floor":28},{"not_picked":["Whirlwind_of_Bones","Blood_Is_Power","Death_March_Dance+1"],"picked":"Bones_to_Steel","floor":29},{"not_picked":["Exploit","Vampiric_Strike","Negative_Energy_Javelin"],"picked":"Shade_Step","floor":31},{"not_picked":["Vampiric_Strike","Summon_Undead_Army","Shade_Step"],"picked":"Bone_Bullets+1","floor":32},{"not_picked":["Bone_Spikes","Violent_Necrosis+1","Finger_Of_Death"],"picked":"Bone_Armor+1","floor":35},{"not_picked":["infinitespire:FutureSight","ReplayTheSpireMod:Black Plague"],"picked":"infinitespire:Starlight","floor":36},{"not_picked":["Bone_Spikes","Summon_Lich","Shackles_Of_Pain"],"picked":"Bone_Bullets","floor":37},{"not_picked":["Death_March_Dance+1","Bones_to_Steel","Blood_for_Blood"],"picked":"Shade_Step","floor":38},{"not_picked":["Corrupt+1","Consume_Illness+1","Plague_Bolt+1"],"picked":"Acid_Javelin","floor":39},{"not_picked":["Plague_Bolt","Negative_Energy_Burst","Spectral_Walk+1"],"picked":"Siphon_Strength+1","floor":41},{"not_picked":["Slay_Living","Thousand_Bone_Knives","Death_March_Dance+1","Death_Coil"],"picked":"Scare","floor":42},{"not_picked":["Blood_Curse+1","Summon_Undead_Army","Blood_Wake","Siphon_Strength+1"],"picked":"Summon_Lich+1","floor":45},{"not_picked":["Bone_Armor+1","Uncharnel","Consume_Illness+1","Negative_Energy_Sphere+1"],"picked":"Bone_Shift","floor":46},{"not_picked":["Negative_Energy_Burst","Negative_Energy_Sphere","Shackles_Of_Pain+1","Negative_Energy_Mist+1"],"picked":"Summon_Vampire_Lady","floor":47}],"player_experience":163021,"relics_obtained":[{"floor":6,"key":"Replay:Bandana"},{"floor":9,"key":"War Paint"},{"floor":25,"key":"ReplayTheSpireMod:Lightbulb"},{"floor":25,"key":"Strawberry"},{"floor":26,"key":"Mercury Hourglass"},{"floor":28,"key":"Potion Belt"},{"floor":28,"key":"Lizard Tail"},{"floor":30,"key":"Dream Catcher"},{"floor":31,"key":"Divine Protection"},{"floor":31,"key":"Replay:Mystery Machine"},{"floor":38,"key":"Torii"},{"floor":41,"key":"Meat on the Bone"},{"floor":41,"key":"Question Card"},{"floor":43,"key":"Mango"},{"floor":45,"key":"Letter Opener"},{"floor":45,"key":"Replay:Bottled Eggs"},{"floor":47,"key":"Durian"},{"floor":47,"key":"infinitespire:Bottled Soul"}],"event_choices":[{"damage_healed":0,"gold_gain":0,"cards_transformed":["Defend_W"],"player_choice":"Change","damage_taken":0,"max_hp_gain":0,"max_hp_loss":0,"event_name":"Living Wall","floor":7,"gold_loss":0,"cards_obtained":["Violent_Necrosis"]},{"cards_removed":["Violent_Necrosis"],"damage_healed":0,"gold_gain":0,"player_choice":"Purged","damage_taken":0,"max_hp_gain":0,"max_hp_loss":0,"event_name":"Purifier","floor":8,"gold_loss":0},{"damage_healed":0,"gold_gain":0,"player_choice":"Obtain J.A.X.","damage_taken":0,"max_hp_gain":0,"max_hp_loss":0,"event_name":"Drug Dealer","floor":21,"gold_loss":0,"cards_obtained":["J.A.X."]},{"damage_healed":0,"gold_gain":0,"player_choice":"Obtained Relic","damage_taken":0,"relics_obtained":["Gremlin Horn"],"max_hp_gain":0,"max_hp_loss":0,"event_name":"Addict","floor":22,"gold_loss":85},{"damage_healed":0,"gold_gain":0,"player_choice":"CARD ","damage_taken":12,"max_hp_gain":0,"max_hp_loss":0,"event_name":"Knowing Skull","floor":27,"potions_obtained":[],"gold_loss":0,"cards_obtained":["Blind"]},{"damage_healed":0,"gold_gain":0,"player_choice":"Fight","damage_taken":0,"max_hp_gain":0,"max_hp_loss":0,"event_name":"MindBloom","floor":38,"gold_loss":0},{"cards_removed":["Strike_W"],"damage_healed":0,"gold_gain":0,"player_choice":"Removed Attack","damage_taken":0,"max_hp_gain":0,"max_hp_loss":0,"event_name":"Falling","floor":48,"gold_loss":0}],"is_beta":false,"boss_relics":[{"not_picked":["Philosopher\u0027s Stone","Ectoplasm"],"picked":"Replay:Grab Bag"},{"not_picked":["Runic Dome","Busted Crown"],"picked":"Abe\u0027s Treasure"},{"not_picked":["Velvet Choker","ReplayTheSpireMod:DimensionalGlitch"],"picked":"ReplayTheSpireMod:Onyx Gauntlets"},{"not_picked":["Empty Cage","ReplayTheSpireMod:SealedPack"],"picked":"Black Star"},{"not_picked":["Replay:Bronze Core","Replay:Ancient Bell"],"picked":"Painkiller Herb"}],"items_purged_floors":[19],"is_endless":false,"potions_floor_spawned":[1,5,14,29,31,33,37,41,45,47],"ascension_level":1}}