{"host":"bw00wb7p5bw58om7","time":1612044888,"event":{"mods":["100% Spire Juice","Act Like it!","BaseMod","Better Third Choice","CapriCore","Chen","Downfall","Gensokyo","KinomotoSakuraMod(????)","Koishi","KomeijiMod","Mari Mod (Legacy)","Mari\u0027s V1 Patch","Marisa????????","Minty Spire (QoL Compilation)","Onozuka Komachi Mod","Permanent Neow","Prisma Mod","Reimu??????","Remilia_Scarlet Moed?????·?????3.3.5","Remilia??????","Replay The Spire","StSLib","The Administrix","The Immortal","The Senshi","The Servant 0.9.4","TheVelvet","WarShipGirlsR/????R mod","Yakumo Yukari mod","Youmu??????","Yuyuko"],"gold_per_floor":[117,127,145,145,157,157,170,203,203,223,252,263,263,263,263,362,362,372,391,391,391],"floor_reached":20,"language":"ENG","playtime":1982,"items_purged":[],"score":196,"play_id":"aa40268d-db35-442e-ab20-63b8fe827a52","local_time":"20210130221448","is_ascension_mode":true,"campfire_choices":[{"data":"TerribleSouvenir","floor":6.0,"key":"SMITH"},{"data":"SuitokuNoKyoryu","floor":13.0,"key":"SMITH"},{"data":"KinbakuJin+1","floor":15.0,"key":"SWEEP"}],"circlet_count":0,"master_deck":["Strike_Komeiji","Strike_Komeiji","Strike_Komeiji","Strike_Komeiji","Defend_Komeiji","Defend_Komeiji","Defend_Komeiji","Defend_Komeiji","TerribleSouvenir+1","VampireKiss","SeishiRoten+1","DemonLordCradle","NingyouSP+1","NingyouKisou+1","SuitokuNoKyoryu+1","KeiseiJin+1","RoshinSou+1","Pain","KinbakuJin+1","AbyssNova+1","CurseOfTheBell","LittleLegion","SeekerDolls"],"relics":["KomeijisEye","SpellCardsRule","MusicBox","Molten Egg 2","Nunchaku","Bag of Marbles","Gensokyo:LunaticRedEyes","Calling Bell","Happy Flower","Eternal Feather","CaptainsWheel"],"acts_visited":["Gensokyo:Gensokyo","Gensokyo:Gensokyoer"],"potions_floor_usage":[],"damage_taken":[{"damage":4.0,"enemies":"Gensokyo:2_Kodama","floor":1.0,"turns":4.0},{"damage":3.0,"enemies":"Gensokyo:Gryphon","floor":2.0,"turns":5.0},{"damage":0.0,"enemies":"Gensokyo:Python","floor":3.0,"turns":2.0},{"damage":0.0,"enemies":"Gensokyo:LivingMonolith","floor":5.0,"turns":3.0},{"damage":0.0,"enemies":"Gensokyo:5_Fairies","floor":7.0,"turns":6.0},{"damage":10.0,"enemies":"Gensokyo:Mamizou","floor":8.0,"turns":7.0},{"damage":8.0,"enemies":"Gensokyo:CorruptedTreant","floor":10.0,"turns":3.0},{"damage":5.0,"enemies":"Gensokyo:Cirno","floor":11.0,"turns":8.0},{"damage":5.0,"enemies":"Gensokyo:Kitsune","floor":12.0,"turns":5.0},{"damage":11.0,"enemies":"Gensokyo:Kokoro","floor":16.0,"turns":14.0},{"damage":28.0,"enemies":"Gensokyo:CosmicMonolith","floor":18.0,"turns":5.0},{"damage":10.0,"enemies":"Gensokyo:Chomper","floor":19.0,"turns":6.0},{"damage":0,"enemies":"Gensokyo:Slime_Group","floor":20,"turns":1}],"seed_played":"7896392850438435501","potions_obtained":[{"floor":1.0,"key":"Adrenaline Potion"},{"floor":2.0,"key":"Fire Potion"},{"floor":5.0,"key":"Dexterity Potion"},{"floor":18.0,"key":"BlessingOfTheForge"}],"is_trial":false,"path_per_floor":["M","M","M","?","M","R","M","E","T","M","E","M","R","?","R","B",null,"M","M","M"],"character_chosen":"KomeijiSatori","items_purchased":[],"campfire_rested":0,"item_purchase_floors":[],"current_hp_per_floor":[46,46,50,50,50,50,50,50,50,42,40,40,40,40,45,37,50,22,15,15,15],"gold":391,"neow_bonus":"ONE_RANDOM_RARE_CARD","is_daily":false,"chose_seed":false,"campfire_upgraded":2,"win_rate":0.0,"timestamp":1612044888,"path_taken":["M","M","M","?","M","R","M","E","T","M","E","?","R","?","R","BOSS","M","M","M"],"items_purchased_type":[],"build_version":"2020-12-22","purchased_purges":0,"victory":false,"max_hp_per_floor":[50,50,50,50,50,50,50,50,50,50,50,50,50,50,50,50,50,50,50,50,50],"card_choices":[{"not_picked":["RoshinSou+1","HisouNoKen"],"picked":"VampireKiss","floor":1.0},{"not_picked":["DemonLordCradle","Agarareta+1"],"picked":"SeishiRoten+1","floor":2.0},{"not_picked":["TenguNoTaiko","NingyouSP+1"],"picked":"DemonLordCradle","floor":3.0},{"not_picked":["JyouchiJin+1","SatsujinDooru"],"picked":"NingyouSP+1","floor":5.0},{"not_picked":["Sabishigari+1","GasuOrimono"],"picked":"JyouchiJin+1","floor":7.0},{"not_picked":["JigokuNoTaiyou+1","TerribleSouvenir"],"picked":"NingyouKisou+1","floor":8.0},{"not_picked":["HagoromoMizu+1","Agarareta+1"],"picked":"SuitokuNoKyoryu","floor":10.0},{"not_picked":["NingyouSP+1","VampireKiss+1"],"picked":"KeiseiJin+1","floor":11.0},{"not_picked":["MusuNoYume","NingyouSP+1"],"picked":"RoshinSou+1","floor":12.0},{"not_picked":["YuumeiNoKurin","MusouMyousyu+1"],"picked":"AbyssNova+1","floor":16.0},{"not_picked":["Agarareta+1","NingyouShinki+1"],"picked":"LittleLegion","floor":18.0},{"not_picked":["Melting+1","ShyakuBuku+1"],"picked":"SeekerDolls","floor":19.0}],"player_experience":314821,"relics_obtained":[{"floor":8.0,"key":"Molten Egg 2"},{"floor":9.0,"key":"Nunchaku"},{"floor":11.0,"key":"Bag of Marbles"},{"floor":17.0,"key":"Happy Flower"},{"floor":17.0,"key":"Eternal Feather"},{"floor":17.0,"key":"CaptainsWheel"}],"event_choices":[],"is_beta":false,"boss_relics":[{"not_picked":["Painkiller Herb","bronze:MakeshiftBattery"],"picked":"Calling Bell"}],"items_purged_floors":[],"is_endless":false,"potions_floor_spawned":[1,2,5,8,12,16,18,19],"killed_by":"Gensokyo:Slime_Group","ascension_level":1}}