{"host":"2h7c54rr80d6x3ad","time":1612019195,"event":{"mods":["Aspiration","BaseMod","BetterRewards","Clawfect","Custom Start","Infinite Spire","Minty Spire (QoL Compilation)","StSLib"],"gold_per_floor":[116,136,151,161,110,144,144,174,199,199,21,21,33,33,33,163,163,182,203,216,216,216,255,27,27,27,40,40,40,56,71,71,194,194,214,214,12,12,0,0,19,19,42,81,99,118,35,48,48,48],"floor_reached":51,"language":"ENG","playtime":3330,"items_purged":["Injury"],"score":1141,"play_id":"136075cc-b207-4396-a154-59804022547c","local_time":"20210130100635","is_ascension_mode":true,"campfire_choices":[{"floor":7.0,"key":"REST"},{"data":"Seek","floor":10.0,"key":"SMITH"},{"data":"Apotheosis","floor":15.0,"key":"SMITH"},{"data":"Double Energy","floor":25.0,"key":"SMITH"},{"floor":28.0,"key":"REST"},{"floor":32.0,"key":"REST"},{"floor":40.0,"key":"REST"},{"floor":42,"key":"REST"},{"floor":49,"key":"REST"}],"circlet_count":0,"master_deck":["AscendersBane","Gash","Gash","Gash","Gash","Gash","Defend_B","Defend_B","Defend_B","Defend_B","Defend_B","Madness","Electrodynamics","Dramatic Entrance","Double Energy+1","Hello World","Clawfect:ClawSnap","Clawfect:Clawrage","Seek+1","Apotheosis+1","Buffer","BootSequence+1","infinitespire:TheBestDefense","Clawfect:ClawAndGloom","Clawfect:Clawter","Defragment","Machine Learning","Hologram","infinitespire:NeuralNetwork","Chill","Dramatic Entrance"],"relics":["Clawfect:DRClaw","aspiration:Nostalgia","PureWater","infinitespire:Freezer","Cables","PreservedInsect","Calipers","Akabeko","Golden Idol","Inserter","Potion Belt","Happy Flower","Bronze Scales","StrikeDummy","Nilry\u0027s Codex","Black Star","Lantern","Red Mask","aspiration:ChemicalBlood","infinitespire:Lychee Nut","aspiration:SeaSaltIceCream","Lantern"],"acts_visited":["Exordium","TheCity","TheBeyond"],"potions_floor_usage":[46,48,50,50],"damage_taken":[{"damage":2.0,"enemies":"2 Louse","floor":1.0,"turns":3.0},{"damage":8.0,"enemies":"Small Slimes","floor":2.0,"turns":3.0},{"damage":4.0,"enemies":"Jaw Worm","floor":3.0,"turns":4.0},{"damage":0.0,"enemies":"Gremlin Gang","floor":4.0,"turns":3.0},{"damage":5.0,"enemies":"3 Sentries","floor":6.0,"turns":5.0},{"damage":0.0,"enemies":"Lagavulin","floor":8.0,"turns":4.0},{"damage":3.0,"enemies":"Blue Slaver","floor":13.0,"turns":3.0},{"damage":32.0,"enemies":"The Guardian","floor":16.0,"turns":6.0},{"damage":0.0,"enemies":"Chosen","floor":18.0,"turns":4.0},{"damage":0.0,"enemies":"2 Thieves","floor":19.0,"turns":4.0},{"damage":9.0,"enemies":"Centurion and Healer","floor":20.0,"turns":5.0},{"damage":18.0,"enemies":"Gremlin Leader","floor":23.0,"turns":3.0},{"damage":22.0,"enemies":"Shelled Parasite and Fungi","floor":27.0,"turns":5.0},{"damage":0.0,"enemies":"3 Cultists","floor":30.0,"turns":4.0},{"damage":12.0,"enemies":"Snake Plant","floor":31.0,"turns":4.0},{"damage":17.0,"enemies":"Automaton","floor":33.0,"turns":8.0},{"damage":8.0,"enemies":"Orb Walker","floor":35.0,"turns":6.0},{"damage":51,"enemies":"3 Shapes","floor":41,"turns":7},{"damage":7,"enemies":"Nemesis","floor":44,"turns":7},{"damage":0,"enemies":"3 Darklings","floor":45,"turns":4},{"damage":0,"enemies":"Transient","floor":46,"turns":5},{"damage":18,"enemies":"Sphere and 2 Shapes","floor":48,"turns":4},{"damage":10,"enemies":"infinitespire:MassOfShapes","floor":50,"turns":10}],"seed_played":"6346006282305586571","potions_obtained":[{"floor":1.0,"key":"SteroidPotion"},{"floor":2.0,"key":"DuplicationPotion"},{"floor":6.0,"key":"Dexterity Potion"},{"floor":19.0,"key":"PowerPotion"},{"floor":23.0,"key":"DuplicationPotion"},{"floor":27.0,"key":"EssenceOfSteel"},{"floor":45,"key":"SkillPotion"},{"floor":46,"key":"Weak Potion"}],"is_trial":false,"path_per_floor":["M","M","M","M","$","E","R","E","T","R","$","?","M","?","R","B",null,"M","M","M","AVR","?","E","$","R","T","M","R","?","M","M","R","B",null,"M","?","$","?","?","R","M","R","T","E","M","M","$","M","R","B",null],"character_chosen":"DEFECT","items_purchased":["aspiration:Nostalgia","infinitespire:Freezer","Cables","FTL","Electrodynamics","Dramatic Entrance","BlessingOfTheForge","Apotheosis","Bronze Scales","Clawfect:ClawAndGloom","Lantern","Hologram","Dramatic Entrance"],"campfire_rested":6,"item_purchase_floors":[0,0,0,0,0,0,5,11,24,24,37,37,47],"current_hp_per_floor":[58,50,46,46,46,41,63,63,63,63,63,63,60,60,60,28,63,63,63,54,54,75,57,57,57,57,35,57,41,41,29,51,34,65,57,54,54,36,36,58,7,29,29,22,28,34,34,22,38,34],"gold":48,"neow_bonus":"","is_daily":false,"chose_seed":false,"campfire_upgraded":3,"win_rate":0.0,"timestamp":1612019195,"path_taken":["M","M","M","M","$","E","R","E","T","R","$","?","M","?","R","BOSS","M","M","M","AVR","?","E","$","R","T","?","R","?","M","M","R","BOSS","M","?","?","?","?","R","M","R","T","E","M","M","$","M","R","BOSS"],"items_purchased_type":["Relic","Relic","Relic","Undefined","Card","Card","Potion","Card","Relic","Card","Relic","Card","Card"],"build_version":"2020-12-22","purchased_purges":1,"victory":true,"max_hp_per_floor":[75,75,75,75,75,75,75,75,75,75,75,75,75,75,75,75,75,75,75,75,75,75,75,75,75,75,75,75,75,75,75,75,75,75,75,75,75,75,75,75,75,75,75,56,56,56,56,56,56,56],"card_choices":[{"not_picked":["Leap","Steam"],"picked":"Double Energy","floor":1.0},{"not_picked":["Consume","Auto Shields"],"picked":"Hello World","floor":2.0},{"not_picked":["Clawfect:ClawCell","Reinforced Body"],"picked":"Clawfect:ClawSnap","floor":3.0},{"not_picked":["Clawfect:ClawingBeam","Glacier","FTL"],"picked":"SKIP","floor":4.0},{"not_picked":["Blizzard","Biased Cognition"],"picked":"Clawfect:Clawrage","floor":6.0},{"not_picked":["Clawfect:Clawline","Force Field"],"picked":"Seek","floor":8.0},{"not_picked":["Turbo","Sunder","Clawfect:ClawAndTear"],"picked":"SKIP","floor":13.0},{"not_picked":["Biased Cognition","Hyperbeam"],"picked":"Buffer","floor":16.0},{"not_picked":["Clawfect:ClawpileDriver","Leap","Darkness"],"picked":"SKIP","floor":18.0},{"not_picked":["Clawfect:ClawpileDriver","Recycle"],"picked":"Fusion","floor":19.0},{"not_picked":["Clawfect:ClawpileDriver","Clawfect:Clawline+1"],"picked":"BootSequence+1","floor":20.0},{"not_picked":["Hologram","Clawfect:ClawingBeam","Aggregate"],"picked":"SKIP","floor":23.0},{"not_picked":["Steam+1","Leap","Aggregate"],"picked":"SKIP","floor":27.0},{"not_picked":["Glacier","FTL"],"picked":"Clawfect:Clawter","floor":30.0},{"not_picked":["Clawfect:ClawpileDriver","Steam"],"picked":"Defragment","floor":31.0},{"not_picked":["Seek","Clawfect:ClawForOne"],"picked":"Machine Learning","floor":33.0},{"not_picked":["Clawfect:ClawingBeam","Conserve Battery","aspiration:Polymerization+1"],"picked":"SKIP","floor":35.0},{"not_picked":["infinitespire:FutureSight","infinitespire:SevenWalls"],"picked":"infinitespire:NeuralNetwork","floor":38.0},{"not_picked":["Turbo","Gash"],"picked":"Chill","floor":41},{"not_picked":["Clawfect:Clawrage","Chill+1","Clawfect:ClawForTheEyes"],"picked":"SKIP","floor":44},{"not_picked":["Tempest","Chaos","Chill"],"picked":"SKIP","floor":45},{"not_picked":["Rebound","Sunder","Stack"],"picked":"SKIP","floor":46},{"not_picked":["Chaos+1","Hello World","Gash"],"picked":"SKIP","floor":48}],"player_experience":320629,"relics_obtained":[{"floor":6.0,"key":"PreservedInsect"},{"floor":8.0,"key":"Calipers"},{"floor":9.0,"key":"Akabeko"},{"floor":23.0,"key":"Happy Flower"},{"floor":26.0,"key":"StrikeDummy"},{"floor":29.0,"key":"Nilry\u0027s Codex"},{"floor":43,"key":"aspiration:ChemicalBlood"},{"floor":44,"key":"infinitespire:Lychee Nut"},{"floor":44,"key":"aspiration:SeaSaltIceCream"}],"event_choices":[{"damage_healed":0.0,"max_hp_gain":0.0,"max_hp_loss":0.0,"gold_gain":0.0,"event_name":"Golden Wing","player_choice":"Ignored","floor":12.0,"gold_loss":0.0,"damage_taken":0.0},{"damage_healed":0.0,"max_hp_gain":0.0,"max_hp_loss":0.0,"gold_gain":0.0,"event_name":"Golden Idol","player_choice":"Take Wound","floor":14.0,"gold_loss":0.0,"damage_taken":0.0,"relics_obtained":["Golden Idol"],"cards_obtained":["Injury"]},{"cards_removed":["Fusion"],"damage_healed":21.0,"max_hp_gain":0.0,"max_hp_loss":0.0,"gold_gain":0.0,"event_name":"Bonfire Elementals","player_choice":"Offered Uncommon","floor":22.0,"gold_loss":0.0,"damage_taken":0.0},{"damage_healed":0.0,"max_hp_gain":0.0,"max_hp_loss":0.0,"gold_gain":0.0,"event_name":"Cursed Tome","player_choice":"Obtained Book","floor":29.0,"gold_loss":0.0,"damage_taken":16.0},{"damage_healed":0.0,"max_hp_gain":0.0,"max_hp_loss":0.0,"gold_gain":0.0,"event_name":"Designer","player_choice":"Punched","floor":36.0,"gold_loss":0.0,"damage_taken":3.0},{"damage_healed":0.0,"max_hp_gain":0.0,"max_hp_loss":0.0,"gold_gain":0.0,"event_name":"Tomb of Lord Red Mask","player_choice":"Paid","floor":39.0,"gold_loss":12.0,"damage_taken":0.0,"relics_obtained":["Red Mask"]}],"is_beta":false,"boss_relics":[{"not_picked":["aspiration:IroncladSkillbook","Philosopher\u0027s Stone"],"picked":"Inserter"},{"not_picked":["infinitespire:Cupcake","Busted Crown"],"picked":"Black Star"}],"items_purged_floors":[21],"is_endless":false,"potions_floor_spawned":[1,2,6,19,23,27,45,46],"ascension_level":12}}