{"host":"fortuna","time":1612024440,"event":{"mods":["100% Spire Juice","Act Like it!","Arknights The Spire","BaseMod","Downfall","Gensokyo","Hallownest","Luminous","Minty Spire (QoL Compilation)","Reimu£®≤©¿ˆ¡È√Œ£©","Relic Stats","StSLib","The Administrix","Waifu the Spire","WarShipGirlsR/’ΩΩ¢…Ÿ≈ÆR mod","Yakumo Yukari mod"],"gold_per_floor":[119,119,132,148,166,191,202,202,227,243,243,254,254,289,289,289,289],"floor_reached":16,"language":"ZHS","playtime":1007,"items_purged":[],"score":164,"play_id":"cbce6cd4-6ff8-47a2-a202-ee3d59e19189","local_time":"20210131003400","is_ascension_mode":false,"campfire_choices":[{"data":"KamiRite:ReiMu","floor":8,"key":"SMITH"},{"data":"NB:ReiMu","floor":11,"key":"SMITH"},{"data":"NineCharacters:ReiMu","floor":13,"key":"SMITH"},{"floor":15,"key":"REST"}],"circlet_count":0,"master_deck":["Strike_Lin:ReiMu","Strike_Lin:ReiMu","Strike_Lin:ReiMu","Strike_Lin:ReiMu","Defend_Lin:ReiMu","Defend_Lin:ReiMu","Defend_Lin:ReiMu","Defend_Lin:ReiMu","NB:ReiMu+1","Stagnation:ReiMu","KamiRite:ReiMu+1","UpKicking:ReiMu","CareerPray:ReiMu","TightArray:ReiMu","Gathering:ReiMu","SubAcupoint:ReiMu","Amulet:ReiMu","SubcavityFantasy:ReiMu","NineCharacters:ReiMu+1","AirStrike:ReiMu"],"relics":["FlyPower:ReiMu","FadedRune:ReiMu","InkBottle"],"acts_visited":["Hallownest:Greenpath"],"potions_floor_usage":[6,6],"damage_taken":[{"damage":0,"enemies":"Hallownest:monsterHuskGuard","floor":1,"turns":7},{"damage":3,"enemies":"Hallownest:2_Tiktiks_and_1_Crawlid","floor":3,"turns":8},{"damage":3,"enemies":"2_ Uuma","floor":4,"turns":5},{"damage":0,"enemies":"Hallownest:Wandering_and_Horned","floor":5,"turns":5},{"damage":11,"enemies":"Hallownest:eliteCrystalGuardian","floor":6,"turns":5},{"damage":0,"enemies":"Hallownest:Guard_and_Warrior","floor":7,"turns":8},{"damage":0,"enemies":"Hallownest:monsterMossCharger","floor":10,"turns":4},{"damage":16,"enemies":"Hallownest:1_Baldur_1_Crawlid_1_Warrior","floor":12,"turns":8},{"damage":4,"enemies":"Hallownest:eliteMossKnight","floor":14,"turns":9}],"seed_played":"-5540847729851324898","potions_obtained":[{"floor":1,"key":"PowerPotion"},{"floor":3,"key":"DistilledChaos"},{"floor":7,"key":"DistilledChaos"},{"floor":12,"key":"Block Potion"}],"is_trial":false,"path_per_floor":["M","$","M","M","M","E","M","R","T","M","R","M","R","E","R","B"],"character_chosen":"REIMU","items_purchased":[],"campfire_rested":1,"item_purchase_floors":[],"current_hp_per_floor":[65,65,62,59,59,48,48,48,48,48,48,32,32,28,47,0,0],"gold":289,"neow_bonus":"ONE_RANDOM_RARE_CARD","is_daily":false,"chose_seed":false,"campfire_upgraded":3,"win_rate":0.0,"timestamp":1612024440,"path_taken":["M","?","M","M","?","E","M","R","T","M","R","M","R","E","R","BOSS"],"items_purchased_type":[],"build_version":"2020-12-18","purchased_purges":0,"victory":false,"max_hp_per_floor":[65,65,65,65,65,65,65,65,65,65,65,65,65,65,65,65,65],"relic_stats":{"counters":[10,70],"obtain_stats":[{"FadedRune:ReiMu":6,"FlyPower:ReiMu":0,"InkBottle":14},{"FadedRune:ReiMu":5,"FlyPower:ReiMu":0,"InkBottle":9},{"FadedRune:ReiMu":30,"FlyPower:ReiMu":0,"InkBottle":59}],"InkBottle":[3]},"card_choices":[{"not_picked":["Conquer:ReiMu","SafetyPray:ReiMu"],"picked":"UpKicking:ReiMu","floor":1},{"not_picked":["Intuition:ReiMu","SpringWay:ReiMu"],"picked":"CareerPray:ReiMu","floor":3},{"not_picked":["OrbThrow:ReiMu","LearningPray:ReiMu"],"picked":"TightArray:ReiMu","floor":4},{"not_picked":["LearningPray:ReiMu","EmergencyTakeOff:ReiMu"],"picked":"Gathering:ReiMu","floor":5},{"not_picked":["CareerPray:ReiMu","PassingAway:ReiMu"],"picked":"SubAcupoint:ReiMu","floor":6},{"not_picked":["WonderfulDomain:ReiMu","Dreaming2:ReiMu"],"picked":"Amulet:ReiMu","floor":7},{"not_picked":["ForcedLanding:ReiMu","Gathering:ReiMu"],"picked":"SubcavityFantasy:ReiMu","floor":10},{"not_picked":["FantasyMoon:ReiMu","Amulet:ReiMu"],"picked":"NineCharacters:ReiMu","floor":12},{"not_picked":["KamiSacrifice:ReiMu","MountainWay:ReiMu"],"picked":"AirStrike:ReiMu","floor":14}],"player_experience":295815,"relics_obtained":[{"floor":6,"key":"FadedRune:ReiMu"},{"floor":14,"key":"InkBottle"}],"event_choices":[],"is_beta":true,"boss_relics":[],"items_purged_floors":[],"is_endless":false,"potions_floor_spawned":[1,3,7,12],"killed_by":"Hallownest:BossHornet","ascension_level":0}}