{"host":"pesfwaef25r60kxm","time":1612010644,"event":{"mods":["ATMod(阿瑾Mod)","Act Like it!","Arknights The Spire","BaseMod","Colored Powertips","Gensokyo","Hunter 猎人","Minty Spire (QoL Compilation)","Replay The Spire","RumiaBox-露米娅的神秘盒子","Spicy Shops","StSLib","WarShipGirlsR/战舰少女R mod","[IsaacMod]以撒尖塔","noobMod","【遗物卡牌】REMEMod"],"gold_per_floor":[114,201,126,126,137,165,198,29,29,44,78,107,107,141,191,266,266,278,278,305,220,220,253,282,295,376,409,441,441,492,517,517,591,591,614,614,614,123,48,78,119,248,320,448,578,585,585,5,5,126,126],"floor_reached":50,"language":"ZHS","playtime":2113,"items_purged":["Backflip","Hidden Blade","Dagger Spray+1","Mind Blast+1"],"score":2764,"play_id":"8231052f-14f4-47e2-a7f0-601decb723c8","local_time":"20210130204404","daily_mods":["SealedDeck","Vintage","Heirloom","Time Dilation","Flight"],"is_ascension_mode":true,"campfire_choices":[{"data":"AT_FamilyPortrait","floor":13.0,"key":"SMITH"},{"floor":32.0,"key":"DIG"},{"floor":49,"key":"DIG"}],"circlet_count":0,"master_deck":["AscendersBane","AT_FamilyPortrait+1","Gensokyo:LifeSpringInfinity","Flying Knee","Backflip+1","Blade Dance+1","AT_Desolate","Backflip","Cloak And Dagger+1","Cloak And Dagger","Crippling Poison+1","Footwork","ReplayTheSpireMod:Shiv Toss","AT_KneejerkReflex+1","Draining Mist","Cloak And Dagger","Accuracy","PiercingWail","Bullet Time","Backstab+1","Secret Technique","Discovery","REME_MawOfCthun"],"relics":["Ring of the Snake","HushsDoor","ice","REME_ComplimentaryCards","AT_ATBox","Thread and Needle","DeadEye","Vajra","Strawberry","AT_BellowingDragoncrestRing","REME_HandOfSuture","Lee\u0027s Waffle","Molten Egg 2","TheBean","AT_ChloranthyRing","Calipers","MagicDraw3","Meat on the Bone","Juzu Bracelet","Honey Jar","GuppysTail","Centennial Puzzle","Red Mask","AT_BellDemon","SharpPlug","Shovel","Bird Faced Urn","PokeGo","ZombieArmy","REME_HourglassOfDeath","Anchor","Tough Bandages","Tingsha","REME_LowDesire","GuppysHead","Succubus","ReplayFunnel","SalivaCoin","HowToJump","Gensokyo:DualWield","NineVolt","ClockworkSouvenir","MagicDraw4","AT_TheCollector","Chameleon Ring","Mummified Hand","MealTicket","Snake Skull","Dead Branch","Mirror","SteamSale","War Paint","ReplayTheSpireMod:ShopPack","Omamori","Gremlin Food"],"acts_visited":["Exordium","TheCity","TheCity"],"potions_floor_usage":[],"damage_taken":[{"damage":0.0,"enemies":"Cultist","floor":1.0,"turns":2.0},{"damage":0.0,"enemies":"Small Slimes","floor":5.0,"turns":2.0},{"damage":0.0,"enemies":"Gremlin Nob","floor":6.0,"turns":2.0},{"damage":0.0,"enemies":"Lagavulin","floor":7.0,"turns":2.0},{"damage":0.0,"enemies":"2 Louse","floor":10.0,"turns":2.0},{"damage":0.0,"enemies":"3 Sentries","floor":11.0,"turns":1.0},{"damage":0.0,"enemies":"Gremlin Nob","floor":12.0,"turns":2.0},{"damage":0.0,"enemies":"Lagavulin","floor":14.0,"turns":2.0},{"damage":0.0,"enemies":"Hiden Room Battle","floor":15.0,"turns":1.0},{"damage":6.0,"enemies":"Hexaghost","floor":16.0,"turns":4.0},{"damage":11.0,"enemies":"2 Thieves","floor":18.0,"turns":2.0},{"damage":3.0,"enemies":"Masked Bandits","floor":20.0,"turns":3.0},{"damage":0.0,"enemies":"Slavers","floor":23.0,"turns":2.0},{"damage":10.0,"enemies":"Gremlin Leader","floor":24.0,"turns":3.0},{"damage":9.0,"enemies":"3 Byrds","floor":25.0,"turns":3.0},{"damage":47.0,"enemies":"Slavers","floor":27.0,"turns":4.0},{"damage":20.0,"enemies":"Book of Stabbing","floor":28.0,"turns":4.0},{"damage":23.0,"enemies":"Slavers","floor":30.0,"turns":3.0},{"damage":0.0,"enemies":"Book of Stabbing","floor":31.0,"turns":2.0},{"damage":0.0,"enemies":"Collector","floor":33.0,"turns":4.0},{"damage":10.0,"enemies":"Gensokyo:AncientGuardian","floor":35.0,"turns":3.0},{"damage":0.0,"enemies":"Gensokyo:Marisa","floor":40.0,"turns":2.0},{"damage":0.0,"enemies":"Gensokyo:Doremy","floor":41.0,"turns":3.0},{"damage":0.0,"enemies":"Gensokyo:Kasen","floor":42.0,"turns":1.0},{"damage":0.0,"enemies":"Gensokyo:Doremy","floor":44.0,"turns":4.0},{"damage":0.0,"enemies":"Gensokyo:Kasen","floor":45.0,"turns":2.0},{"damage":5,"enemies":"Gensokyo:Scarlet_Devils","floor":50,"turns":5}],"seed_played":"3119225895635654138","potions_obtained":[{"floor":1.0,"key":"Adrenaline Potion"},{"floor":6.0,"key":"LiquidBronze"},{"floor":25.0,"key":"Elixir"},{"floor":28.0,"key":"SmokeBomb"},{"floor":31.0,"key":"Strength Potion"},{"floor":33.0,"key":"Reflective Coating"},{"floor":35.0,"key":"Weak Potion"}],"is_trial":true,"path_per_floor":["M","?","?","?","M","E","E","$","T","M","E","E","R","E","R","B",null,"M","?","?","?","?","E","E","M","T","E","E","?","E","E","R","B",null,"M","?","?","COS","$","E","E","E","T","E","E","?","?","$","R","B"],"character_chosen":"THE_SILENT","items_purchased":["Lee\u0027s Waffle","GuppysTail","GuppysHead","Succubus","SteamSale","War Paint","ReplayTheSpireMod:ShopPack","Omamori"],"campfire_rested":0,"item_purchase_floors":[8,17,34,34,48,48,48,48],"current_hp_per_floor":[59,33,33,13,20,20,20,80,80,80,80,80,80,80,80,74,70,59,70,67,67,47,47,49,40,40,13,75,75,54,60,60,70,55,47,47,47,47,47,59,62,64,64,68,68,51,51,66,66,65,65],"gold":126,"neow_bonus":"","is_daily":false,"chose_seed":false,"campfire_upgraded":1,"win_rate":0.0,"timestamp":1612010644,"path_taken":["M","?","?","?","?","E","E","?","T","M","E","E","R","E","R","BOSS","M","?","?","?","?","E","E","M","T","E","E","?","E","E","R","BOSS","M","?","?","COS","?","E","E","E","T","E","E","?","?","$","R","BOSS"],"items_purchased_type":["Relic","Relic","Relic","Relic","Relic","Relic","Relic","Relic"],"build_version":"2020-12-22","purchased_purges":4,"victory":false,"max_hp_per_floor":[66,66,66,66,73,73,73,80,80,80,80,80,80,80,80,80,70,70,70,70,70,75,75,75,75,75,75,75,75,79,81,81,85,55,56,56,56,56,56,62,65,65,65,68,68,68,68,68,68,68,68],"card_choices":[{"not_picked":[],"picked":"ChaosCard","floor":0.0},{"not_picked":["Dodge and Roll","Masterful Stab"],"picked":"Cloak And Dagger","floor":2.0},{"not_picked":["Sucker Punch","Acrobatics"],"picked":"Cloak And Dagger","floor":2.0},{"not_picked":["Deflect","Distraction"],"picked":"Crippling Poison","floor":2.0},{"not_picked":["Caltrops","Poisoned Stab","Poison Darts"],"picked":"SKIP","floor":6.0},{"not_picked":["Setup","Riddle With Holes"],"picked":"Bomb","floor":7.0},{"not_picked":["Dagger Spray+1","Malaise","Toxin Wave"],"picked":"SKIP","floor":11.0},{"not_picked":["Bomb","Poisoned Stab+1"],"picked":"Footwork","floor":12.0},{"not_picked":["Sucker Punch+1","Bouncing Flask","Poisoned Stab+1"],"picked":"SKIP","floor":14.0},{"not_picked":["REME_ShadowStrike+1","Reflex"],"picked":"ReplayTheSpireMod:Shiv Toss","floor":15.0},{"not_picked":["Sneak Up","Bane+1","Heel Hook+1"],"picked":"Dagger Spray+1","floor":20.0},{"not_picked":["Deflect","Riddle With Holes+1","Dagger Spray+1"],"picked":"AT_KneejerkReflex+1","floor":23.0},{"not_picked":["Cloak And Dagger","Outmaneuver","Tools of the Trade"],"picked":"Draining Mist","floor":24.0},{"not_picked":["Underhanded Strike+1","Deflect","Bane+1"],"picked":"Deadly Poison","floor":27.0},{"not_picked":["Prepared","Fluid Movement","PiercingWail"],"picked":"Cloak And Dagger","floor":28.0},{"not_picked":["Quick Slash+1","Deflect","Underhanded Strike+1"],"picked":"Accuracy","floor":30.0},{"not_picked":["Underhanded Strike+1","Outmaneuver","Dagger Spray+1"],"picked":"PiercingWail","floor":31.0},{"not_picked":["Atom Bomb+1","Envenom","Die Die Die+1"],"picked":"Bullet Time","floor":33.0},{"not_picked":["Slice+1","Endless Agony+1","AT_ShadowStep","The Bomb"],"picked":"Backstab+1","floor":40.0},{"not_picked":["Glass Knife+1","Underhanded Strike+1","Dodge and Roll","PiercingWail+1"],"picked":"Mind Blast+1","floor":41.0},{"not_picked":["Eviscerate+1","Dagger Spray+1","REME_ShadowForm","Dagger Throw+1","Bomb"],"picked":"SKIP","floor":42.0},{"not_picked":["Dagger Spray+1","Dagger Throw+1","Blade Dance","Poisoned Stab+1","Chrysalis"],"picked":"SKIP","floor":44.0},{"not_picked":["Bullet Time","Quick Slash+1","Cloak And Dagger","Venomology","DoctorFetus"],"picked":"SKIP","floor":45.0},{"not_picked":["Violence","BloodyBrimstone","DoctorFetus","Transmutation"],"picked":"Secret Technique","floor":48},{"not_picked":["Bomb","Dramatic Entrance","Replay:Sssssssssstrike","Deep Breath"],"picked":"Discovery","floor":48},{"not_picked":["ReplayTheSpireMod:Trickstab","Forethought","Trip","SuicideKing"],"picked":"REME_MawOfCthun","floor":48}],"player_experience":125096,"relics_obtained":[{"floor":1.0,"key":"Vajra"},{"floor":5.0,"key":"Strawberry"},{"floor":6.0,"key":"AT_BellowingDragoncrestRing"},{"floor":7.0,"key":"REME_HandOfSuture"},{"floor":9.0,"key":"Molten Egg 2"},{"floor":10.0,"key":"TheBean"},{"floor":11.0,"key":"AT_ChloranthyRing"},{"floor":12.0,"key":"Calipers"},{"floor":14.0,"key":"MagicDraw3"},{"floor":15.0,"key":"Meat on the Bone"},{"floor":15.0,"key":"Juzu Bracelet"},{"floor":18.0,"key":"Centennial Puzzle"},{"floor":20.0,"key":"Red Mask"},{"floor":23.0,"key":"SharpPlug"},{"floor":24.0,"key":"Shovel"},{"floor":25.0,"key":"Bird Faced Urn"},{"floor":26.0,"key":"PokeGo"},{"floor":27.0,"key":"ZombieArmy"},{"floor":28.0,"key":"REME_HourglassOfDeath"},{"floor":30.0,"key":"Anchor"},{"floor":31.0,"key":"Tough Bandages"},{"floor":32.0,"key":"Tingsha"},{"floor":34.0,"key":"ReplayFunnel"},{"floor":34.0,"key":"SalivaCoin"},{"floor":35.0,"key":"HowToJump"},{"floor":40.0,"key":"MagicDraw4"},{"floor":41.0,"key":"AT_TheCollector"},{"floor":42.0,"key":"Chameleon Ring"},{"floor":43.0,"key":"Mummified Hand"},{"floor":44.0,"key":"MealTicket"},{"floor":45.0,"key":"Dead Branch"},{"floor":49,"key":"Gremlin Food"}],"event_choices":[{"cards_removed":["Dodge and Roll"],"damage_healed":0.0,"max_hp_gain":0.0,"max_hp_loss":0.0,"gold_gain":0.0,"event_name":"The Cleric","player_choice":"Card Removal","floor":3.0,"gold_loss":75.0,"damage_taken":0.0},{"damage_healed":0.0,"max_hp_gain":0.0,"max_hp_loss":0.0,"gold_gain":0.0,"event_name":"Shining Light","player_choice":"Entered Light","floor":4.0,"gold_loss":0.0,"damage_taken":20.0,"cards_upgraded":["Cloak And Dagger","Blade Dance"]},{"damage_healed":0.0,"max_hp_gain":0.0,"max_hp_loss":0.0,"gold_gain":0.0,"event_name":"HidenRoomEvent","player_choice":"Fight","floor":15.0,"gold_loss":0.0,"damage_taken":0.0},{"damage_healed":14.0,"max_hp_gain":0.0,"max_hp_loss":0.0,"gold_gain":0.0,"event_name":"The Library","player_choice":"Heal","floor":19.0,"gold_loss":0.0,"damage_taken":0.0},{"damage_healed":0.0,"max_hp_gain":0.0,"max_hp_loss":0.0,"gold_gain":0.0,"event_name":"Masked Bandits","player_choice":"Fought Bandits","floor":20.0,"gold_loss":0.0,"damage_taken":0.0},{"damage_healed":0.0,"max_hp_gain":0.0,"max_hp_loss":0.0,"gold_gain":0.0,"event_name":"Addict","player_choice":"Obtained Relic","floor":21.0,"gold_loss":85.0,"damage_taken":0.0,"relics_obtained":["AT_BellDemon"]},{"damage_healed":0.0,"max_hp_gain":5.0,"max_hp_loss":0.0,"gold_gain":0.0,"event_name":"Forgotten Altar","player_choice":"Shed Blood","floor":22.0,"gold_loss":0.0,"damage_taken":25.0},{"cards_removed":["Deadly Poison"],"damage_healed":0.0,"max_hp_gain":0.0,"max_hp_loss":0.0,"gold_gain":0.0,"event_name":"Back to Basics","player_choice":"Elegance","floor":29.0,"gold_loss":0.0,"damage_taken":0.0}],"is_beta":false,"boss_relics":[{"not_picked":["REME_ChargedStone","Runic Dome"],"picked":"Honey Jar"},{"not_picked":[]},{"not_picked":["Replay:Ancient Bell","SacredBark"],"picked":"REME_LowDesire"},{"not_picked":[]}],"items_purged_floors":[34,39,48,48],"is_endless":false,"potions_floor_spawned":[1,6,14,25,28,31,33,35,41,44],"killed_by":"Gensokyo:Scarlet_Devils","ascension_level":20}}