{"host":"141e8mu1xuvwtmt1","time":1612018575,"event":{"mods":["AchievementEnabler","BaseMod","BetterRewards","Colored Map","Colored Powertips","Downfall","Highlight Path","Minty Spire (QoL Compilation)","Replay The Spire","StSLib"],"gold_per_floor":[149,167,185,202,214,227,227,259,259,270,270,270,270,281,291,387,387,387,398,398,139,159,174,174,194,194,7,23,49,49,63,77,177,177,177,196,137,148,165,165,165,165,176,210,227,247,282,282,292,292],"floor_reached":51,"language":"ENG","playtime":8271,"items_purged":[],"score":739,"play_id":"c68d103c-aae7-43e8-bd5b-5bce9c082944","local_time":"20210130155615","is_ascension_mode":false,"campfire_choices":[{"data":"Slimebound:Repurpose","floor":9.0,"key":"SMITH"},{"data":"Slimebound:LevelUp","floor":11.0,"key":"SMITH"},{"data":"Slimebound:OozeBath","floor":18.0,"key":"SMITH"},{"data":"Slimebound:SplitSpecialist","floor":26,"key":"SMITH"},{"data":"Slimebound:SplitLeeching","floor":30,"key":"SMITH"},{"floor":35,"key":"DIG"},{"data":"Slimebound:LeadByExample","floor":40,"key":"SMITH"}],"circlet_count":0,"master_deck":["Slimebound:Strike_Slimebound","Slimebound:Strike_Slimebound","Slimebound:Strike_Slimebound","Slimebound:Defend_Slimebound+1","Slimebound:Defend_Slimebound+1","Slimebound:Defend_Slimebound+1","Slimebound:Defend_Slimebound+1","Slimebound:CorrosiveSpit","Slimebound:Repurpose+1","Slimebound:OozeBath+1","Slimebound:LivingWall","Slimebound:LevelUp+1","Slimebound:LivingWall","Chaos+1","Slimebound:ServeAndProtect","Slimebound:RejuvenatingLick","Slimebound:SlimeSlap+1","Slimebound:AcidTongue","Decay","Slimebound:ServeAndProtect+1","Slimebound:SplitSpecialist+1","Slimebound:SamplingLick+1","Slimebound:SlimeBarrage+1","Slimebound:SplitMire","Slimebound:SplitAcid","Slimebound:MegaLick+1","Slimebound:SplitLeeching+1","Slimebound:HauntingLick+1","Slimebound:SplitLeeching","Slimebound:FirmFortitude","Slimebound:LeadByExample+1","Slimebound:SlimeSpikes","Slimebound:Schlurp+1","Slimebound:SplitSpecialist+1","Slimebound:GoopSpray+1","Slimebound:MassRepurpose","Slimebound:SplitMire+1","Slimebound:ProtectTheBoss+1","Slimebound:PressTheAttack","Slimebound:SamplingLick"],"relics":["Slimebound:AbsorbEndCombat","Bronze Scales","Blood Vial","downfall:ShatteredFragment","Runic Pyramid","Pear","Slimebound:AggressiveSlimeRelic","Guide Book","Quantum Egg","ReplayTheSpireMod:DimensionalGlitch","InkBottle","Replay:Bottled Eggs","Gremlin Food","Bottled Lightning","Replay:Bottled Flurry","Frozen Egg 2"],"acts_visited":["Exordium","TheCity","TheBeyond"],"potions_floor_usage":[21,21,27,28,33,33,43,45,46,46,47],"damage_taken":[{"damage":1.0,"enemies":"Jaw Worm","floor":2.0,"turns":4.0},{"damage":0.0,"enemies":"2 Louse","floor":3.0,"turns":4.0},{"damage":3.0,"enemies":"Small Slimes","floor":4.0,"turns":3.0},{"damage":15.0,"enemies":"Exordium Thugs","floor":5.0,"turns":5.0},{"damage":7.0,"enemies":"Exordium Wildlife","floor":6.0,"turns":6.0},{"damage":5.0,"enemies":"Lagavulin","floor":8.0,"turns":7.0},{"damage":0.0,"enemies":"Large Slime","floor":10.0,"turns":4.0},{"damage":20.0,"enemies":"Exordium Thugs","floor":14.0,"turns":5.0},{"damage":10.0,"enemies":"2 Fungi Beasts","floor":15.0,"turns":3.0},{"damage":12.0,"enemies":"IC_STATUS_ARCHETYPE","floor":16.0,"turns":7.0},{"damage":17.0,"enemies":"3 Byrds","floor":19.0,"turns":3.0},{"damage":15,"enemies":"downfall:FleeingMerchant","floor":21,"turns":4},{"damage":29,"enemies":"Spheric Guardian","floor":22,"turns":6},{"damage":1,"enemies":"Snecko","floor":23,"turns":7},{"damage":7,"enemies":"Snake Plant","floor":25,"turns":3},{"damage":0,"enemies":"downfall:FleeingMerchant","floor":27,"turns":4},{"damage":17,"enemies":"Centurion and Healer","floor":28,"turns":5},{"damage":23,"enemies":"Book of Stabbing","floor":29,"turns":4},{"damage":12,"enemies":"Cultist and Chosen","floor":31,"turns":4},{"damage":10,"enemies":"Shelled Parasite and Fungi","floor":32,"turns":4},{"damage":17,"enemies":"SI_MIRROR_ARCHETYPE","floor":33,"turns":8},{"damage":6,"enemies":"3 Darklings","floor":36,"turns":6},{"damage":5,"enemies":"downfall:FleeingMerchant","floor":37,"turns":4},{"damage":0,"enemies":"3 Shapes","floor":38,"turns":4},{"damage":6,"enemies":"3 Darklings","floor":39,"turns":5},{"damage":0,"enemies":"Maw","floor":43,"turns":7},{"damage":5,"enemies":"Reptomancer","floor":44,"turns":7},{"damage":0,"enemies":"Transient","floor":45,"turns":5},{"damage":45,"enemies":"Writhing Mass","floor":46,"turns":4},{"damage":23,"enemies":"Nemesis","floor":47,"turns":5},{"damage":1,"enemies":"Sphere and 2 Shapes","floor":49,"turns":8},{"damage":9,"enemies":"WA_ARCHETYPE_DIVINITY","floor":50,"turns":13}],"seed_played":"2053618068316293228","potions_obtained":[{"floor":3.0,"key":"Strength Potion"},{"floor":8.0,"key":"SpeedPotion"},{"floor":10.0,"key":"Elixir"},{"floor":16.0,"key":"Explosive Potion"},{"floor":19.0,"key":"Death Potion"},{"floor":22,"key":"Slimebound:SpawnSlimePotion"},{"floor":25,"key":"Regen Potion"},{"floor":31,"key":"SteroidPotion"},{"floor":32,"key":"bronze:BurnAndBuffPotion"},{"floor":33,"key":"SteroidPotion"},{"floor":38,"key":"hexamod:SoulburnPotion"},{"floor":39,"key":"AttackPotion"},{"floor":44,"key":"AttackPotion"},{"floor":45,"key":"AttackPotion"},{"floor":46,"key":"PowerPotion"}],"is_trial":false,"path_per_floor":["R_BF","M","M","M","M","M","T","E","R","M","R","?","?","M","M","B",null,"R","M","?","$","M","M","T","M","R","$","M","E","R","M","M","B",null,"R_BF","M","$","M","M","R","T","?","M","E","M","M","E","?","M","B",null],"character_chosen":"SLIMEBOUND","items_purchased":["Pear","Slimebound:SplitAcid","Guide Book","Replay:Bottled Eggs","Gremlin Food"],"campfire_rested":0,"item_purchase_floors":[21,27,27,37,37],"current_hp_per_floor":[65,65,65,65,58,59,59,60,60,65,65,65,47,37,35,33,65,65,50,50,55,34,43,43,42,42,50,53,40,40,38,38,31,75,75,73,73,75,69,69,69,69,74,72,75,33,14,14,18,14],"gold":292,"neow_bonus":"TRANSFORM_CARD","is_daily":false,"chose_seed":false,"campfire_upgraded":6,"win_rate":0.0,"timestamp":1612018575,"path_taken":["R_BF","M","M","M","M","M","T","E","R","M","R","?","?","M","M","BOSS","R","M","?","$","M","M","T","M","R","$","?","E","R","M","M","BOSS","R_BF","M","$","M","M","R","T","?","M","E","M","M","E","?","M","BOSS"],"items_purchased_type":["Relic","Card","Relic","Relic","Relic"],"build_version":"2020-12-22","purchased_purges":0,"victory":true,"max_hp_per_floor":[65,65,65,65,65,65,65,65,65,65,65,65,65,65,65,65,65,65,65,65,75,75,75,75,75,75,75,75,75,75,75,75,75,75,75,75,75,75,75,75,75,75,75,75,75,75,75,75,75,75],"card_choices":[{"not_picked":["Slimebound:SlimeSpikes","Slimebound:ComboTackle"],"picked":"Slimebound:SplitMire","floor":2.0},{"not_picked":["Slimebound:SplitBruiser","Slimebound:HauntingLick"],"picked":"Slimebound:Repurpose","floor":3.0},{"not_picked":["Slimebound:ItLooksTasty","Slimebound:SlimeBrawl"],"picked":"Slimebound:OozeBath","floor":4.0},{"not_picked":["Slimebound:ViciousTackle","Slimebound:ComboTackle"],"picked":"Slimebound:LivingWall","floor":5.0},{"not_picked":["Slimebound:ForwardTackle","Slimebound:ComboTackle","Slimebound:FlameTackle"],"picked":"SKIP","floor":6.0},{"not_picked":["Slimebound:FinishingTackle","Slimebound:PressTheAttack"],"picked":"Slimebound:LevelUp","floor":8.0},{"not_picked":["Slimebound:Chomp","Slimebound:RollThrough"],"picked":"Slimebound:LivingWall","floor":10.0},{"not_picked":["Slimebound:BestDefense","Slimebound:DouseInSlime"],"picked":"Slimebound:ServeAndProtect","floor":14.0},{"not_picked":["Slimebound:ViciousTackle","Slimebound:RollThrough"],"picked":"Slimebound:RejuvenatingLick","floor":15.0},{"not_picked":["Slimebound:PrepareCrush","Slimebound:FirmFortitude"],"picked":"Slimebound:SlimeSlap","floor":16.0},{"not_picked":["Slimebound:GoopTackle","Slimebound:HauntingLick"],"picked":"Slimebound:AcidTongue","floor":19.0},{"not_picked":["Slimebound:Nibble","Slimebound:SlimeSpikes"],"picked":"Slimebound:ServeAndProtect+1","floor":21},{"not_picked":["Slimebound:RejuvenatingLick","Slimebound:Schlurp+1"],"picked":"Slimebound:SplitSpecialist","floor":22},{"not_picked":["Slimebound:ServeAndProtect","Slimebound:RollThrough"],"picked":"Slimebound:SamplingLick+1","floor":23},{"not_picked":["Slimebound:ForwardTackle","Slimebound:GoopTackle"],"picked":"Slimebound:SlimeBarrage+1","floor":25},{"not_picked":["Slimebound:SlimeSlap","Slimebound:Chomp"],"picked":"Slimebound:SplitMire","floor":27},{"not_picked":["Slimebound:GoopTackle","Slimebound:ComboTackle"],"picked":"Slimebound:MegaLick+1","floor":28},{"not_picked":["Slimebound:LevelUp+1","Slimebound:RejuvenatingLick"],"picked":"Slimebound:SplitLeeching","floor":29},{"not_picked":["Slimebound:GoopTackle","Slimebound:Prepare"],"picked":"Slimebound:HauntingLick+1","floor":31},{"not_picked":["Slimebound:Teamwork","Slimebound:PressTheAttack"],"picked":"Slimebound:SplitLeeching","floor":32},{"not_picked":["Slimebound:DouseInSlime","Slimebound:WasteNot"],"picked":"Slimebound:FirmFortitude","floor":33},{"not_picked":["Slimebound:HauntingLick+1","Slimebound:SlimeSpikes+1"],"picked":"Slimebound:LeadByExample","floor":36},{"not_picked":["Slimebound:FinishingTackle","Slimebound:BestDefense+1"],"picked":"Slimebound:SlimeSpikes","floor":37},{"not_picked":["Slimebound:ItLooksTasty","Slimebound:Grow+1"],"picked":"Slimebound:Schlurp+1","floor":38},{"not_picked":["Slimebound:LevelUp","Slimebound:LeadByExample"],"picked":"Slimebound:SplitSpecialist+1","floor":39},{"not_picked":["Slimebound:FinishingTackle","Slimebound:GrowthPunch+1"],"picked":"Slimebound:GoopSpray+1","floor":43},{"not_picked":["Slimebound:LeechingTouch","Slimebound:SpikyOuterGoop"],"picked":"Slimebound:MassRepurpose","floor":44},{"not_picked":["Slimebound:SpikyOuterGoop","Slimebound:Repurpose"],"picked":"Slimebound:SplitMire+1","floor":45},{"not_picked":["Slimebound:FinishingTackle+1","Slimebound:GoopSpray+1"],"picked":"Slimebound:ProtectTheBoss+1","floor":46},{"not_picked":["Slimebound:GrowthPunch","Slimebound:Schlurp"],"picked":"Slimebound:PressTheAttack","floor":47},{"not_picked":["Slimebound:GoopTackle","Slimebound:ItLooksTasty"],"picked":"Slimebound:SamplingLick","floor":49}],"player_experience":225292,"relics_obtained":[{"floor":7.0,"key":"Bronze Scales"},{"floor":8.0,"key":"Blood Vial"},{"floor":24,"key":"Slimebound:AggressiveSlimeRelic"},{"floor":29,"key":"Quantum Egg"},{"floor":35,"key":"InkBottle"},{"floor":41,"key":"Bottled Lightning"},{"floor":44,"key":"Replay:Bottled Flurry"},{"floor":47,"key":"Frozen Egg 2"}],"event_choices":[{"cards_removed":["Slimebound:SplitMire"],"damage_healed":0.0,"max_hp_gain":0.0,"max_hp_loss":0.0,"gold_gain":0.0,"event_name":"NoteForYourself","player_choice":"Took Card","floor":20.0,"gold_loss":0.0,"damage_taken":0.0,"cards_obtained":["Decay"]},{"cards_removed":["Slimebound:FinishingTackle"],"damage_healed":0,"gold_gain":0,"player_choice":"Removed Attack","damage_taken":0,"max_hp_gain":0,"max_hp_loss":0,"event_name":"Falling","floor":48,"gold_loss":0}],"is_beta":false,"boss_relics":[{"not_picked":["Coffee Dripper","Sozu"],"picked":"Runic Pyramid"},{"not_picked":["Runic Dome","Velvet Choker"],"picked":"ReplayTheSpireMod:DimensionalGlitch"}],"items_purged_floors":[],"is_endless":false,"potions_floor_spawned":[3,8,10,16,19,22,25,31,32,33,38,39,44,45,46],"ascension_level":0}}