{"host":"appz8zkad29u9482","time":1612019454,"event":{"mods":["100% Spire Juice","2.2 Compatiblity","Act Like it!","Aspiration","Bard","BaseMod","Beaked The Cultist","Better Altar","Better Match","Better Note","Better Sensory Stone","Better Skull","Better Third Choice","BetterRewards","CapriCore","Conspire","Disable Question Mark Monsters","Energized Spire","GifTheSpireLib","Gold Saver","Halation","Hermit","Hubris","Jedi Mod","Marisa????????","Minty Spire (QoL Compilation)","Permanent Neow","Replay The Spire","Spicy Shops","Spire Arcade","StSLib","Strawberry Spire","Stuff the Spire","The Cursed","The Immortal","yUi"],"gold_per_floor":[391,391,391,410,427,427,460,460,460,476,476,494,494,512,512,512,512],"floor_reached":16,"language":"ENG","playtime":804,"items_purged":[],"score":133,"play_id":"abe1ca93-1714-4d55-9af6-0100891d23ef","local_time":"20210130051054","is_ascension_mode":true,"campfire_choices":[{"data":"conspire:PoisonWeapons","floor":6,"key":"SMITH"},{"data":"Survivor","floor":8,"key":"SMITH"},{"data":"strawberrySpire:Swampstar","floor":11,"key":"SMITH"},{"data":"ReplayTheSpireMod:Shiv Toss","floor":15,"key":"SMITH"}],"circlet_count":0,"master_deck":["Strike_G","Strike_G","Strike_G","Strike_G","Strike_G","Defend_G","Defend_G","Defend_G","Defend_G","Defend_G","Survivor+1","Neutralize","strawberrySpire:Swampstar+1","Poisoned Stab+1","strawberrySpire:Fade+1","conspire:PoisonWeapons+1","Bullet Time","Decay","StuffTheSpire:Shiver","Decay","ReplayTheSpireMod:Shiv Toss+1"],"relics":["hubris:TerracottaHorce","hubris:Towel","StuffTheSpire:Nightcore","Ginger","aspiration:FrozenJewel"],"acts_visited":["Exordium"],"potions_floor_usage":[7,16],"damage_taken":[{"damage":0,"enemies":"Cultist","floor":1,"turns":6},{"damage":0,"enemies":"Small Slimes","floor":4,"turns":3},{"damage":0,"enemies":"Jaw Worm","floor":5,"turns":2},{"damage":1,"enemies":"Lagavulin","floor":7,"turns":6},{"damage":4,"enemies":"2 Fungi Beasts","floor":10,"turns":3},{"damage":0,"enemies":"Looter","floor":12,"turns":2},{"damage":8,"enemies":"Blue Slaver","floor":14,"turns":3},{"damage":63,"enemies":"Fading Forest","floor":16,"turns":11}],"seed_played":"8583577067025634274","potions_obtained":[{"floor":1,"key":"BlessingOfTheForge"},{"floor":5,"key":"jedi:holywater"},{"floor":7,"key":"Energy Potion"},{"floor":14,"key":"BlessingOfTheForge"}],"is_trial":false,"path_per_floor":["M","?","?","M","M","R","E","R","T","M","R","M","T","M","R","B"],"character_chosen":"THE_SILENT","items_purchased":[],"campfire_rested":0,"item_purchase_floors":[],"current_hp_per_floor":[63,63,63,63,63,63,62,62,62,58,58,58,58,50,50,0,0],"gold":512,"neow_bonus":"BOSS_RELIC","is_daily":false,"chose_seed":false,"campfire_upgraded":4,"win_rate":0.0,"timestamp":1612019454,"path_taken":["M","?","?","M","M","R","E","R","T","M","R","M","?","M","R","BOSS"],"items_purchased_type":[],"build_version":"2020-12-22","purchased_purges":0,"victory":false,"max_hp_per_floor":[70,70,70,70,70,70,70,70,70,70,70,70,70,70,70,70,70],"card_choices":[{"not_picked":["Outmaneuver","strawberrySpire:Pant"],"picked":"strawberrySpire:Swampstar","floor":1},{"not_picked":["Dodge and Roll+1","Bane+1"],"picked":"Poisoned Stab+1","floor":3},{"not_picked":["Violence+1","Panache+1"],"picked":"strawberrySpire:Fade+1","floor":3},{"not_picked":["StuffTheSpire:ClusterCrunch","Skewer"],"picked":"conspire:PoisonWeapons","floor":4},{"not_picked":["StuffTheSpire:Incantation","Underhanded Strike"],"picked":"Bullet Time","floor":5},{"not_picked":["Hidden Blade","Terror","Tactician"],"picked":"SKIP","floor":7},{"not_picked":["Bullet Time","Quick Slash","Hidden Blade"],"picked":"SKIP","floor":10},{"not_picked":["Quick Slash","jedi:acidrain"],"picked":"StuffTheSpire:Shiver","floor":12},{"not_picked":["Slice","Sucker Punch"],"picked":"ReplayTheSpireMod:Shiv Toss","floor":14}],"player_experience":552424,"relics_obtained":[{"floor":7,"key":"StuffTheSpire:Nightcore"},{"floor":9,"key":"Ginger"},{"floor":13,"key":"aspiration:FrozenJewel"}],"event_choices":[{"damage_healed":0,"gold_gain":0,"player_choice":"2","damage_taken":0,"max_hp_gain":0,"max_hp_loss":0,"event_name":"betterMatch:BetterMatch","floor":3,"gold_loss":0,"cards_obtained":["betterMatch:CommonCard","betterMatch:ColorlessRareCard"]}],"is_beta":false,"boss_relics":[],"items_purged_floors":[],"is_endless":false,"potions_floor_spawned":[1,5,7,14],"killed_by":"Fading Forest","ascension_level":6}}