{"host":"tiwza2kisyyrpq7h","time":1612021548,"event":{"mods":["BaseMod","BetterRewards","Colored Powertips","Minty Spire (QoL Compilation)","Quick Restart","Rare Cards Sparkle","StSLib","SuperFastMode","The Servant 0.9.4","óô»ðÖ¸ÄÏ"],"gold_per_floor":[116,116,116,191,202,227,35,35,35],"floor_reached":8,"language":"ZHS","playtime":180,"items_purged":[],"score":92,"play_id":"2f46fcbe-a144-4273-9832-d575d3bd0bfa","local_time":"20210130234548","is_ascension_mode":true,"campfire_choices":[],"circlet_count":0,"master_deck":["AscendersBane","Strike_B","Strike_B","Strike_B","Defend_B","Defend_B","Defend_B+1","Defend_B+1","Zap","Dualcast+1","Self Repair","PanicButton","Melter+1","Defragment","Turbo","Rip and Tear","Sunder","Panacea"],"relics":["Cracked Core","Membership Card","Meat on the Bone","War Paint","Runic Capacitor","Blood Vial"],"acts_visited":["Exordium"],"potions_floor_usage":[8],"damage_taken":[{"damage":7.0,"enemies":"Jaw Worm","floor":1.0,"turns":3.0},{"damage":0.0,"enemies":"2 Louse","floor":5.0,"turns":2.0},{"damage":35.0,"enemies":"Gremlin Nob","floor":6.0,"turns":5.0},{"damage":37,"enemies":"Lagavulin","floor":8,"turns":7}],"seed_played":"-3669488731848546072","potions_obtained":[{"floor":5.0,"key":"LiquidBronze"}],"is_trial":false,"path_per_floor":["M","?","?","?","M","E","$","E"],"character_chosen":"DEFECT","items_purchased":["Membership Card","Meat on the Bone","Self Repair","Melter","Runic Capacitor","Panacea","Blood Vial"],"campfire_rested":0,"item_purchase_floors":[0,0,0,0,7,7,7],"current_hp_per_floor":[53,39,39,28,40,24,24,0,0],"gold":35,"neow_bonus":"","is_daily":false,"chose_seed":false,"campfire_upgraded":0,"win_rate":0.0,"timestamp":1612021548,"path_taken":["M","?","?","?","M","E","?","E"],"items_purchased_type":["Relic","Relic","Card","Card","Relic","Card","Relic"],"build_version":"2020-12-22","purchased_purges":0,"victory":false,"max_hp_per_floor":[71,71,71,71,71,71,71,71,71],"card_choices":[{"not_picked":["Go for the Eyes","Scrape"],"picked":"Defragment","floor":1.0},{"not_picked":["Leap","FTL"],"picked":"Rip and Tear","floor":5.0},{"not_picked":["Gash","Defragment"],"picked":"Sunder","floor":6.0}],"player_experience":964148,"relics_obtained":[{"floor":6.0,"key":"War Paint"}],"event_choices":[{"damage_healed":0.0,"max_hp_gain":0.0,"max_hp_loss":0.0,"gold_gain":0.0,"event_name":"Shining Light","player_choice":"Entered Light","floor":2.0,"gold_loss":0.0,"damage_taken":14.0,"cards_upgraded":["Defend_B","Melter"]},{"damage_healed":0.0,"max_hp_gain":0.0,"max_hp_loss":0.0,"gold_gain":0.0,"cards_transformed":["Strike_B"],"event_name":"Living Wall","player_choice":"Change","floor":3.0,"gold_loss":0.0,"damage_taken":0.0,"cards_obtained":["Turbo"]},{"damage_healed":0.0,"max_hp_gain":0.0,"max_hp_loss":0.0,"gold_gain":75.0,"event_name":"World of Goop","player_choice":"Gather Gold","floor":4.0,"gold_loss":0.0,"damage_taken":11.0}],"is_beta":false,"boss_relics":[],"items_purged_floors":[],"is_endless":false,"potions_floor_spawned":[5],"killed_by":"Lagavulin","ascension_level":14}}