{"host":"kxya7qjdvg38mg2t","time":1612000698,"event":{"mods":["AchievementEnabler","BaseMod","Colored Powertips","Highlight Path","Minty Spire (QoL Compilation)","Rare Cards Sparkle","Replay The Spire","StSLib"],"gold_per_floor":[111,31,31,55,55,94,94,107,107,126,46,46,46,46],"floor_reached":13,"language":"ENG","playtime":965,"items_purged":[],"score":108,"play_id":"fedba0f4-43f5-4d6b-a5d7-fbf89bb9e7de","local_time":"20210130015818","is_ascension_mode":false,"campfire_choices":[{"data":"Eruption","floor":7.0,"key":"SMITH"},{"data":"WindmillStrike","floor":12.0,"key":"SMITH"}],"circlet_count":0,"master_deck":["Strike_P","Strike_P","Strike_P","Strike_P","Defend_P","Defend_P","Defend_P","Defend_P","Eruption+1","Vigilance","InnerPeace","WindmillStrike+1","Evaluate","Replay:AtTheReady","Replay:Anticipation","Halt","Collect"],"relics":["PureWater","NeowsBlessing","Golden Idol","InkBottle","Torii"],"acts_visited":[],"potions_floor_usage":[],"damage_taken":[{"damage":0.0,"enemies":"Small Slimes","floor":1.0,"turns":1.0},{"damage":0.0,"enemies":"Jaw Worm","floor":4.0,"turns":1.0},{"damage":0.0,"enemies":"Lagavulin","floor":6.0,"turns":2.0},{"damage":6.0,"enemies":"Cultist","floor":8.0,"turns":4.0},{"damage":0.0,"enemies":"Exordium Thugs","floor":10.0,"turns":5.0},{"damage":0,"enemies":"Replay:BlueRogue","floor":13,"turns":1}],"seed_played":"833885343122363386","potions_obtained":[{"floor":1.0,"key":"Milkshake"},{"floor":4.0,"key":"Dexterity Potion"},{"floor":8.0,"key":"DistilledChaos"}],"is_trial":false,"path_per_floor":["M","$","?","M","?","E","R","M","T","M","$","R","E"],"character_chosen":"WATCHER","items_purchased":["WindmillStrike","Collect"],"campfire_rested":0,"item_purchase_floors":[2,11],"current_hp_per_floor":[72,72,72,72,72,72,72,66,66,66,66,66,66,66],"gold":46,"neow_bonus":"THREE_ENEMY_KILL","is_daily":false,"chose_seed":false,"campfire_upgraded":2,"win_rate":0.0,"timestamp":1612000698,"path_taken":["M","$","?","M","?","E","R","M","T","?","$","R","E"],"items_purchased_type":["Card","Card"],"build_version":"2020-12-22","purchased_purges":0,"victory":false,"max_hp_per_floor":[72,72,72,72,72,72,72,72,72,72,72,72,72,72],"card_choices":[{"not_picked":["JustLucky","CutThroughFate"],"picked":"InnerPeace","floor":1.0},{"not_picked":["CarveReality","WreathOfFlame"],"picked":"Evaluate","floor":4.0},{"not_picked":["Protect","Replay:DivineShield"],"picked":"Replay:AtTheReady","floor":6.0},{"not_picked":["BowlingBash","Worship"],"picked":"Replay:Anticipation","floor":8.0},{"not_picked":["Perseverance","Replay:AtTheReady"],"picked":"Halt","floor":10.0}],"player_experience":226886,"relics_obtained":[{"floor":6.0,"key":"InkBottle"},{"floor":9.0,"key":"Torii"}],"event_choices":[{"damage_healed":0.0,"max_hp_gain":0.0,"max_hp_loss":0.0,"gold_gain":0.0,"event_name":"Golden Idol","player_choice":"Take Wound","floor":3.0,"gold_loss":0.0,"damage_taken":0.0,"relics_obtained":["Golden Idol"],"cards_obtained":["Injury"]},{"cards_removed":["Injury"],"damage_healed":0.0,"max_hp_gain":0.0,"max_hp_loss":0.0,"gold_gain":0.0,"event_name":"Living Wall","player_choice":"Forget","floor":5.0,"gold_loss":0.0,"damage_taken":0.0}],"is_beta":false,"boss_relics":[],"items_purged_floors":[],"is_endless":false,"potions_floor_spawned":[1,4,8],"killed_by":"Replay:BlueRogue","ascension_level":0}}