{"host":"8lno9xwgef3sjccz","time":1612047736,"event":{"mods":["AchievementEnabler","BaseMod","Minty Spire (QoL Compilation)","Relic Stats"],"gold_per_floor":[116,127,140,153,170,170,197,197,222,222,255,255,255,273,273,273,273],"floor_reached":16,"language":"ENG","playtime":770,"items_purged":[],"score":123,"play_id":"5616af08-bb33-4cf3-a068-ac0b9fd88caa","local_time":"20210130180216","is_ascension_mode":true,"campfire_choices":[{"data":"Tools of the Trade","floor":6,"key":"SMITH"},{"data":"Blade Dance","floor":8,"key":"SMITH"},{"data":"PiercingWail","floor":10,"key":"SMITH"},{"floor":12,"key":"REST"},{"data":"Bouncing Flask","floor":15,"key":"SMITH"}],"circlet_count":0,"master_deck":["Strike_G","Strike_G","Strike_G","Strike_G","Defend_G","Defend_G","Defend_G","Defend_G","Survivor","Neutralize","Injury","Acrobatics","Tactician","Blade Dance+1","Quick Slash","Dagger Spray","PiercingWail+1","Tools of the Trade+1","Backflip","Deadly Poison","Bouncing Flask+1"],"relics":["Ring of the Snake","Singing Bowl","Snake Skull","Happy Flower"],"acts_visited":["Exordium"],"potions_floor_usage":[7,7,11,16],"damage_taken":[{"damage":14,"enemies":"Cultist","floor":1,"turns":7},{"damage":8,"enemies":"Jaw Worm","floor":2,"turns":4},{"damage":1,"enemies":"Small Slimes","floor":3,"turns":3},{"damage":1,"enemies":"Looter","floor":4,"turns":3},{"damage":14,"enemies":"Blue Slaver","floor":5,"turns":5},{"damage":11,"enemies":"3 Sentries","floor":7,"turns":5},{"damage":18,"enemies":"Gremlin Nob","floor":11,"turns":4},{"damage":0,"enemies":"Gremlin Gang","floor":14,"turns":3},{"damage":24,"enemies":"Slime Boss","floor":16,"turns":6}],"seed_played":"-7537466746755235501","potions_obtained":[{"floor":1,"key":"BlessingOfTheForge"},{"floor":4,"key":"Strength Potion"},{"floor":7,"key":"Energy Potion"},{"floor":14,"key":"Poison Potion"}],"is_trial":false,"path_per_floor":["M","M","M","M","M","R","E","R","T","R","E","R","?","M","R","B"],"character_chosen":"THE_SILENT","items_purchased":[],"campfire_rested":1,"item_purchase_floors":[],"current_hp_per_floor":[56,48,47,46,32,32,21,21,21,21,3,24,24,24,24,0,0],"gold":273,"neow_bonus":"TRANSFORM_TWO_CARDS","is_daily":false,"chose_seed":false,"campfire_upgraded":4,"win_rate":0.0,"timestamp":1612047736,"path_taken":["M","M","M","M","M","R","E","R","T","R","E","R","?","M","R","BOSS"],"items_purchased_type":[],"build_version":"2020-12-22","purchased_purges":0,"victory":false,"max_hp_per_floor":[70,70,70,70,70,70,70,70,70,70,70,70,70,70,70,70,70],"relic_stats":{"Singing Bowl":0,"Happy Flower":[3],"counters":[9,40],"Snake Skull":[12],"obtain_stats":[{"Singing Bowl":7,"Happy Flower":11,"Snake Skull":9,"Ring of the Snake":0},{"Singing Bowl":6,"Happy Flower":7,"Snake Skull":6,"Ring of the Snake":0},{"Singing Bowl":27,"Happy Flower":31,"Snake Skull":27,"Ring of the Snake":0}],"Ring of the Snake":[18]},"card_choices":[{"not_picked":["Noxious Fumes","Dagger Throw"],"picked":"Blade Dance","floor":1},{"not_picked":["Bane","Dash"],"picked":"Quick Slash","floor":2},{"not_picked":["Crippling Poison","Quick Slash"],"picked":"Dagger Spray","floor":3},{"not_picked":["Poisoned Stab","Dagger Spray"],"picked":"PiercingWail","floor":4},{"not_picked":["Dagger Throw","Accuracy"],"picked":"Tools of the Trade","floor":5},{"not_picked":["Poisoned Stab","Noxious Fumes"],"picked":"Backflip","floor":7},{"not_picked":["Underhanded Strike","Flechettes"],"picked":"Deadly Poison","floor":11},{"not_picked":["Masterful Stab","Poisoned Stab"],"picked":"Bouncing Flask","floor":14}],"player_experience":65617,"relics_obtained":[{"floor":7,"key":"Singing Bowl"},{"floor":9,"key":"Snake Skull"},{"floor":11,"key":"Happy Flower"}],"event_choices":[{"damage_healed":0,"gold_gain":0,"player_choice":"Ignored","damage_taken":0,"max_hp_gain":0,"max_hp_loss":0,"event_name":"Golden Idol","floor":13,"gold_loss":0}],"is_beta":false,"boss_relics":[],"items_purged_floors":[],"is_endless":false,"potions_floor_spawned":[1,4,7,14],"killed_by":"Slime Boss","ascension_level":2}}