{"host":"opg65mucj6ra7dr1","time":1612022907,"event":{"mods":["BaseMod","DeckTracker","Keyboard Shortcuts","Minty Spire (QoL Compilation)","Permanent Neow","Quick Restart","everything is the same but u backflip on backflip"],"gold_per_floor":[115,115,126,143,159,159,159,159,184,212,223,223,301,329,329,433,433,444,471,471,488,488,508,527,541,541,554,554,110,125,1,1,1,1],"floor_reached":33,"language":"KOR","playtime":1021,"items_purged":["Strike_G+1"],"score":389,"play_id":"3bada82a-a856-456d-ab43-c964eec8f0c2","local_time":"20210131010827","is_ascension_mode":true,"campfire_choices":[{"data":"Skewer","floor":6.0,"key":"SMITH"},{"data":"Dagger Spray","floor":8.0,"key":"SMITH"},{"floor":12.0,"key":"REST"},{"floor":15.0,"key":"REST"},{"floor":28.0,"key":"REST"},{"floor":32.0,"key":"REST"}],"circlet_count":0,"master_deck":["AscendersBane","Strike_G+1","Strike_G+1","Defend_G+1","Defend_G+1","Defend_G+1","Defend_G+1","Survivor","Neutralize","Skewer+1","Dagger Spray","Backflip","Dagger Spray+1","Deadly Poison","Die Die Die","Dagger Throw","Storm of Steel","Die Die Die","Dagger Throw","Footwork","All Out Attack","Dodge and Roll","Underhanded Strike","Deflect","Quick Slash","Reflex+1","Concentrate+1","Calculated Gamble+1","Backflip+1","Well Laid Plans"],"relics":["Ring of the Snake","Bag of Preparation","Blood Vial","Gremlin Horn","HoveringKite","Red Mask","Sundial","Toxic Egg 2"],"acts_visited":["Exordium","TheCity"],"potions_floor_usage":[33],"damage_taken":[{"damage":11.0,"enemies":"2 Louse","floor":1.0,"turns":3.0},{"damage":0.0,"enemies":"Cultist","floor":3.0,"turns":4.0},{"damage":1.0,"enemies":"Small Slimes","floor":4.0,"turns":4.0},{"damage":14.0,"enemies":"Looter","floor":5.0,"turns":3.0},{"damage":24.0,"enemies":"Lagavulin","floor":10.0,"turns":6.0},{"damage":4.0,"enemies":"Blue Slaver","floor":11.0,"turns":2.0},{"damage":24.0,"enemies":"3 Sentries","floor":14.0,"turns":6.0},{"damage":19.0,"enemies":"Slime Boss","floor":16.0,"turns":9.0},{"damage":19.0,"enemies":"Chosen","floor":18.0,"turns":5.0},{"damage":0.0,"enemies":"Masked Bandits","floor":19.0,"turns":1.0},{"damage":0.0,"enemies":"3 Byrds","floor":21.0,"turns":3.0},{"damage":16.0,"enemies":"3 Cultists","floor":23.0,"turns":3.0},{"damage":20.0,"enemies":"Shelled Parasite and Fungi","floor":24.0,"turns":5.0},{"damage":6.0,"enemies":"Snake Plant","floor":25.0,"turns":3.0},{"damage":0.0,"enemies":"3 Cultists","floor":27.0,"turns":2.0},{"damage":12.0,"enemies":"Cultist and Chosen","floor":30.0,"turns":6.0},{"damage":52,"enemies":"Champ","floor":33,"turns":9}],"seed_played":"2431728133276463695","potions_obtained":[{"floor":3.0,"key":"CunningPotion"},{"floor":4.0,"key":"Dexterity Potion"},{"floor":11.0,"key":"SteroidPotion"},{"floor":18.0,"key":"Ancient Potion"},{"floor":21.0,"key":"Fruit Juice"},{"floor":23.0,"key":"FearPotion"},{"floor":24.0,"key":"Strength Potion"}],"is_trial":false,"path_per_floor":["M","?","M","M","M","R","?","R","T","E","M","R","?","E","R","B",null,"M","?","?","M","?","M","M","M","T","M","R","$","M","$","R","B"],"character_chosen":"THE_SILENT","items_purchased":["Toxic Egg 2","Reflex+1","Concentrate+1","Backflip+1","Well Laid Plans"],"campfire_rested":4,"item_purchase_floors":[29,29,29,31,31],"current_hp_per_floor":[52,52,52,51,37,37,37,37,37,13,11,32,32,10,31,14,56,39,41,41,48,48,34,16,12,12,14,36,36,26,26,48,0,0],"gold":1,"neow_bonus":"TRANSFORM_CARD","is_daily":false,"chose_seed":false,"campfire_upgraded":2,"win_rate":0.0,"timestamp":1612022907,"path_taken":["M","?","?","M","M","R","?","R","T","E","M","R","?","E","R","BOSS","M","?","?","M","?","M","M","M","T","?","R","$","M","$","R","BOSS"],"items_purchased_type":["Relic","Card","Card","Card","Card"],"build_version":"2020-12-22","purchased_purges":1,"victory":false,"max_hp_per_floor":[70,70,70,70,70,70,70,70,70,70,70,70,70,70,70,70,70,70,70,70,75,75,75,75,75,75,75,75,75,75,75,75,75,75],"card_choices":[{"not_picked":["Deflect","Crippling Poison"],"picked":"Dagger Spray","floor":1.0},{"not_picked":["Backstab","Flying Knee"],"picked":"Backflip","floor":3.0},{"not_picked":["Concentrate","Slice"],"picked":"Dagger Spray","floor":4.0},{"not_picked":["Distraction","Finisher"],"picked":"Deadly Poison","floor":5.0},{"not_picked":["Accuracy","Skewer"],"picked":"Die Die Die","floor":10.0},{"not_picked":["PiercingWail","Cloak And Dagger"],"picked":"Dagger Throw","floor":11.0},{"not_picked":["Cloak And Dagger","PiercingWail"],"picked":"Storm of Steel","floor":14.0},{"not_picked":["Storm of Steel","Wraith Form v2"],"picked":"Die Die Die","floor":16.0},{"not_picked":["Deflect","Underhanded Strike"],"picked":"Dagger Throw","floor":18.0},{"not_picked":["Dagger Throw","Flying Knee"],"picked":"Footwork","floor":19.0},{"not_picked":["Poisoned Stab","Leg Sweep"],"picked":"All Out Attack","floor":21.0},{"not_picked":["Blade Dance","Envenom"],"picked":"Dodge and Roll","floor":23.0},{"not_picked":["Deadly Poison","Caltrops"],"picked":"Underhanded Strike","floor":24.0},{"not_picked":["Cloak And Dagger","Prepared+1"],"picked":"Deflect","floor":25.0},{"not_picked":["Crippling Poison","Heel Hook"],"picked":"Quick Slash","floor":27.0},{"not_picked":["Quick Slash+1","Underhanded Strike"],"picked":"Calculated Gamble+1","floor":30.0}],"player_experience":161270,"relics_obtained":[{"floor":9.0,"key":"Bag of Preparation"},{"floor":10.0,"key":"Blood Vial"},{"floor":14.0,"key":"Gremlin Horn"},{"floor":19.0,"key":"Red Mask"},{"floor":26.0,"key":"Sundial"}],"event_choices":[{"cards_removed":["Strike_G"],"damage_healed":0.0,"max_hp_gain":0.0,"max_hp_loss":0.0,"gold_gain":0.0,"event_name":"Wheel of Change","player_choice":"Card Removal","floor":2.0,"gold_loss":0.0,"damage_taken":0.0},{"cards_removed":["Defend_G"],"damage_healed":0.0,"max_hp_gain":0.0,"max_hp_loss":0.0,"gold_gain":0.0,"event_name":"Living Wall","player_choice":"Forget","floor":7.0,"gold_loss":0.0,"damage_taken":0.0},{"damage_healed":0.0,"max_hp_gain":0.0,"max_hp_loss":0.0,"gold_gain":78.0,"event_name":"Golden Wing","player_choice":"Gained Gold","floor":13.0,"gold_loss":0.0,"damage_taken":0.0},{"damage_healed":0.0,"max_hp_gain":0.0,"max_hp_loss":0.0,"gold_gain":0.0,"event_name":"Masked Bandits","player_choice":"Fought Bandits","floor":19.0,"gold_loss":0.0,"damage_taken":0.0},{"damage_healed":0.0,"max_hp_gain":0.0,"max_hp_loss":0.0,"gold_gain":0.0,"event_name":"Cursed Tome","player_choice":"Ignored","floor":20.0,"gold_loss":0.0,"damage_taken":0.0},{"damage_healed":0.0,"max_hp_gain":0.0,"max_hp_loss":0.0,"gold_gain":0.0,"event_name":"Back to Basics","player_choice":"Simplicity","floor":22.0,"gold_loss":0.0,"damage_taken":0.0,"cards_upgraded":["Strike_G","Strike_G","Strike_G","Defend_G","Defend_G","Defend_G","Defend_G"]}],"is_beta":false,"boss_relics":[{"not_picked":["Cursed Key","SlaversCollar"],"picked":"HoveringKite"}],"items_purged_floors":[29],"is_endless":false,"potions_floor_spawned":[3,4,11,18,21,23,24],"killed_by":"Champ","ascension_level":10}}