{"host":"nsc6ozq3atyrdr3m","time":1612042232,"event":{"mods":["BaseMod","Colored Map","Minty Spire (QoL Compilation)"],"gold_per_floor":[20,35,35,55,73,73,73,73,73,89,122,122,149,166,166,166,166],"floor_reached":16,"language":"FRA","playtime":297,"items_purged":[],"score":224,"play_id":"8fea8651-533e-405c-a223-8410f8ddb7e2","local_time":"20210130223032","is_ascension_mode":true,"campfire_choices":[{"data":"Bash","floor":6,"key":"SMITH"},{"data":"Whirlwind","floor":12,"key":"SMITH"},{"floor":15,"key":"REST"}],"circlet_count":0,"master_deck":["AscendersBane","Strike_R","Strike_R","Strike_R","Strike_R","Strike_R","Defend_R","Defend_R","Defend_R","Bash+1","Pommel Strike","Thunderclap","Sword Boomerang","Whirlwind+1"],"relics":["Burning Blood","Magic Flower","Vajra","StrikeDummy","White Beast Statue"],"acts_visited":["Exordium"],"potions_floor_usage":[11,14,16],"damage_taken":[{"damage":15,"enemies":"2 Louse","floor":1,"turns":3},{"damage":1,"enemies":"Cultist","floor":2,"turns":3},{"damage":4,"enemies":"Jaw Worm","floor":4,"turns":4},{"damage":12,"enemies":"2 Fungi Beasts","floor":5,"turns":4},{"damage":23,"enemies":"Exordium Wildlife","floor":10,"turns":4},{"damage":8,"enemies":"Gremlin Nob","floor":11,"turns":3},{"damage":35,"enemies":"Lagavulin","floor":13,"turns":5},{"damage":14,"enemies":"Exordium Thugs","floor":14,"turns":2},{"damage":53,"enemies":"Hexaghost","floor":16,"turns":8}],"seed_played":"8851143332593842548","potions_obtained":[{"floor":1,"key":"Strength Potion"},{"floor":2,"key":"Explosive Potion"},{"floor":14,"key":"EssenceOfSteel"}],"is_trial":false,"path_per_floor":["M","M","$","M","M","R","$","?","T","M","E","R","E","M","R","B"],"character_chosen":"IRONCLAD","items_purchased":[],"campfire_rested":1,"item_purchase_floors":[],"current_hp_per_floor":[62,70,70,75,72,72,72,72,72,58,59,59,33,28,50,0,0],"gold":166,"neow_bonus":"ONE_RARE_RELIC","is_daily":false,"chose_seed":false,"campfire_upgraded":2,"win_rate":0.0,"timestamp":1612042232,"path_taken":["M","M","$","M","M","R","$","?","T","?","E","R","E","M","R","BOSS"],"items_purchased_type":[],"build_version":"2020-12-22","purchased_purges":0,"victory":false,"max_hp_per_floor":[75,75,75,75,75,75,75,75,75,75,75,75,75,75,75,75,75],"card_choices":[{"not_picked":["Rampage","Dark Embrace"],"picked":"Pommel Strike","floor":1},{"not_picked":["Pummel","Disarm"],"picked":"Thunderclap","floor":2},{"not_picked":["Wild Strike","Intimidate","Feel No Pain"],"picked":"SKIP","floor":4},{"not_picked":["Body Slam","Rampage","Uppercut"],"picked":"SKIP","floor":5},{"not_picked":["Clash","Headbutt"],"picked":"Sword Boomerang","floor":10},{"not_picked":["Immolate","Blood for Blood"],"picked":"Whirlwind","floor":11},{"not_picked":["Twin Strike","Iron Wave","Cleave"],"picked":"SKIP","floor":13},{"not_picked":["Clothesline","Carnage","Clash"],"picked":"SKIP","floor":14}],"player_experience":362601,"relics_obtained":[{"floor":9,"key":"Vajra"},{"floor":11,"key":"StrikeDummy"},{"floor":13,"key":"White Beast Statue"}],"event_choices":[{"cards_removed":["Defend_R"],"damage_healed":0,"gold_gain":0,"player_choice":"Card Removal","damage_taken":0,"max_hp_gain":0,"max_hp_loss":0,"event_name":"Wheel of Change","floor":8,"gold_loss":0}],"is_beta":false,"boss_relics":[],"items_purged_floors":[],"is_endless":false,"potions_floor_spawned":[1,2,4,14],"killed_by":"Hexaghost","ascension_level":20}}