{"host":"m0bekkrd201b63ug","time":1612021032,"event":{"mods":["AchievementEnabler","BaseMod","Colored Powertips","Minty Spire (QoL Compilation)","Rare Cards Sparkle","StSLib","SuperFastMode","everything is the same but u backflip on backflip","slay the spire mod where everything is the same but ironclad has a cowboy hat"],"gold_per_floor":[111,123,123,48,48,48,78,90,151,183,165,209,221,281,293,379,391,380,412,424,460,481,493,493],"floor_reached":23,"language":"ENG","playtime":800,"items_purged":[],"score":345,"play_id":"67711322-58ed-416e-bf46-86b7b04e7b16","local_time":"20210130133712","is_ascension_mode":true,"campfire_choices":[{"data":"Neutralize","floor":6.0,"key":"SMITH"},{"floor":8.0,"key":"REST"},{"data":"Quick Slash","floor":15.0,"key":"SMITH"}],"circlet_count":0,"master_deck":["AscendersBane","Strike_G","Strike_G","Strike_G","Strike_G+1","Defend_G","Defend_G","Defend_G","Defend_G","Defend_G","Survivor+1","Neutralize+1","Acrobatics","Quick Slash","Quick Slash+1","Well Laid Plans","Escape Plan","Acrobatics","Writhe"],"relics":["Philosopher\u0027s Stone","MawBank","Blood Vial","Torii","CeramicFish","Sozu","Regal Pillow"],"acts_visited":["Exordium","TheCity"],"potions_floor_usage":[23],"damage_taken":[{"damage":5.0,"enemies":"Small Slimes","floor":1.0,"turns":4.0},{"damage":4.0,"enemies":"2 Louse","floor":2.0,"turns":5.0},{"damage":13.0,"enemies":"Lagavulin","floor":7.0,"turns":11.0},{"damage":3.0,"enemies":"Jaw Worm","floor":10.0,"turns":3.0},{"damage":2.0,"enemies":"Looter","floor":11.0,"turns":4.0},{"damage":22.0,"enemies":"Gremlin Nob","floor":12.0,"turns":5.0},{"damage":21.0,"enemies":"The Guardian","floor":16.0,"turns":16.0},{"damage":7.0,"enemies":"2 Thieves","floor":18.0,"turns":5.0},{"damage":28.0,"enemies":"Spheric Guardian","floor":19.0,"turns":4.0},{"damage":40,"enemies":"Shelled Parasite and Fungi","floor":21,"turns":7},{"damage":17,"enemies":"Slavers","floor":23,"turns":1}],"seed_played":"-47697360298656524","potions_obtained":[{"floor":2.0,"key":"FairyPotion"},{"floor":7.0,"key":"CultistPotion"}],"is_trial":false,"path_per_floor":["M","M","?","?","?","R","E","R","T","M","M","E","$","T","R","B",null,"M","M","?","M","?","E"],"character_chosen":"THE_SILENT","items_purchased":[],"campfire_rested":1,"item_purchase_floors":[],"current_hp_per_floor":[54,50,30,30,52,52,39,58,58,57,57,37,37,37,37,18,54,49,23,23,9,9,0,0],"gold":493,"neow_bonus":"BOSS_RELIC","is_daily":false,"chose_seed":false,"campfire_upgraded":2,"win_rate":0.0,"timestamp":1612021032,"path_taken":["M","M","?","?","?","R","E","R","T","M","M","E","?","?","R","BOSS","M","M","?","M","?","E"],"items_purchased_type":[],"build_version":"2020-12-22","purchased_purges":0,"victory":false,"max_hp_per_floor":[66,66,66,66,66,66,66,66,66,66,66,66,66,66,66,66,66,66,66,66,66,66,66,66],"card_choices":[{"not_picked":["Underhanded Strike","Prepared","Riddle With Holes"],"picked":"SKIP","floor":1.0},{"not_picked":["Calculated Gamble","PiercingWail","Setup"],"picked":"SKIP","floor":2.0},{"not_picked":["Heel Hook","Expertise"],"picked":"Acrobatics","floor":7.0},{"not_picked":["Deadly Poison","Prepared"],"picked":"Quick Slash","floor":10.0},{"not_picked":["Skewer","Acrobatics"],"picked":"Quick Slash","floor":11.0},{"not_picked":["Expertise","Dagger Spray","Tactician"],"picked":"SKIP","floor":12.0},{"not_picked":["Prepared","Caltrops"],"picked":"Well Laid Plans","floor":18.0},{"not_picked":["Poisoned Stab","Calculated Gamble"],"picked":"Escape Plan","floor":19.0},{"not_picked":["Dagger Spray","Well Laid Plans"],"picked":"Acrobatics","floor":21}],"player_experience":221243,"relics_obtained":[{"floor":7.0,"key":"MawBank"},{"floor":9.0,"key":"Blood Vial"},{"floor":12.0,"key":"Torii"},{"floor":14.0,"key":"CeramicFish"}],"event_choices":[{"damage_healed":0.0,"max_hp_gain":0.0,"max_hp_loss":0.0,"gold_gain":0.0,"event_name":"Shining Light","player_choice":"Entered Light","floor":3.0,"gold_loss":0.0,"damage_taken":20.0,"cards_upgraded":["Strike_G","Survivor"]},{"cards_removed":["Strike_G"],"damage_healed":0.0,"max_hp_gain":0.0,"max_hp_loss":0.0,"gold_gain":0.0,"event_name":"The Cleric","player_choice":"Card Removal","floor":4.0,"gold_loss":75.0,"damage_taken":0.0},{"damage_healed":22.0,"max_hp_gain":0.0,"max_hp_loss":0.0,"gold_gain":0.0,"event_name":"Big Fish","player_choice":"Banana","floor":5.0,"gold_loss":0.0,"damage_taken":0.0},{"damage_healed":0,"gold_gain":0,"player_choice":"Ignored","damage_taken":0,"max_hp_gain":0,"max_hp_loss":0,"event_name":"Cursed Tome","floor":20,"gold_loss":0},{"damage_healed":0,"gold_gain":0,"player_choice":"Opened","damage_taken":0,"relics_obtained":["Regal Pillow"],"max_hp_gain":0,"max_hp_loss":0,"event_name":"The Mausoleum","floor":22,"gold_loss":0,"cards_obtained":["Writhe"]}],"is_beta":false,"boss_relics":[{"not_picked":["SacredBark","Snecko Eye"],"picked":"Sozu"}],"items_purged_floors":[],"is_endless":false,"potions_floor_spawned":[2,7],"killed_by":"Slavers","ascension_level":15}}