{"host":"gquo1rsrdiuo0hhv","time":1612026775,"event":{"mods":["Act Like it!","BaseMod","Colored Powertips","Minty Spire (QoL Compilation)","Quick Restart","StSLib"],"gold_per_floor":[111,61,61,71,81,81,107,127,127,7,20,90,90,117,117,216,216,231,231,63,81,92,92,92],"floor_reached":23,"language":"ENG","playtime":969,"items_purged":[],"score":237,"play_id":"6de81146-39cb-4ac8-8c56-71aa154164f9","local_time":"20210131001255","is_ascension_mode":true,"campfire_choices":[{"data":"Bash","floor":6.0,"key":"SMITH"},{"floor":15.0,"key":"RECALL"}],"circlet_count":0,"master_deck":["Strike_R","Strike_R","Strike_R","Defend_R","Defend_R+1","Defend_R+1","Defend_R","Bash+1","Pommel Strike","Carnage","Feel No Pain","Infernal Blade","Warcry","Intimidate","Demon Form","Burning Pact","True Grit","Thinking Ahead","Ghostly Armor","Shrug It Off"],"relics":["Black Blood","War Paint","The Courier","Red Skull","Anchor","Singing Bowl"],"acts_visited":["Exordium","TheCity"],"potions_floor_usage":[],"damage_taken":[{"damage":8.0,"enemies":"Jaw Worm","floor":1.0,"turns":3.0},{"damage":12.0,"enemies":"Small Slimes","floor":4.0,"turns":4.0},{"damage":3.0,"enemies":"Cultist","floor":5.0,"turns":2.0},{"damage":37.0,"enemies":"Gremlin Nob","floor":7.0,"turns":5.0},{"damage":14.0,"enemies":"Exordium Wildlife","floor":8.0,"turns":2.0},{"damage":13.0,"enemies":"Looter","floor":11.0,"turns":3.0},{"damage":0.0,"enemies":"3 Sentries","floor":14.0,"turns":4.0},{"damage":16.0,"enemies":"Slime Boss","floor":16.0,"turns":13.0},{"damage":19.0,"enemies":"Spheric Guardian","floor":18.0,"turns":5.0},{"damage":12.0,"enemies":"Shell Parasite","floor":21.0,"turns":6.0},{"damage":34.0,"enemies":"Centurion and Healer","floor":22.0,"turns":11.0},{"damage":36,"enemies":"Book of Stabbing","floor":23,"turns":5}],"seed_played":"-7012891556019680424","potions_obtained":[{"floor":1.0,"key":"HeartOfIron"},{"floor":4.0,"key":"BloodPotion"},{"floor":8.0,"key":"Explosive Potion"},{"floor":11.0,"key":"Explosive Potion"},{"floor":16.0,"key":"Strength Potion"},{"floor":18.0,"key":"CultistPotion"}],"is_trial":false,"path_per_floor":["M","?","?","M","M","R","E","M","T","$","M","?","?","E","R","B",null,"M","?","$","M","M","E"],"character_chosen":"IRONCLAD","items_purchased":["Anchor","True Grit","Thinking Ahead"],"campfire_rested":0,"item_purchase_floors":[10,20,20],"current_hp_per_floor":[78,78,78,72,75,75,44,36,36,36,45,45,45,51,51,41,80,73,58,58,58,36,0,0],"gold":92,"neow_bonus":"TRANSFORM_CARD","is_daily":false,"chose_seed":false,"campfire_upgraded":1,"win_rate":0.0,"timestamp":1612026775,"path_taken":["M","?","?","M","M","R","E","M","T","?","?","?","?","E","R","BOSS","M","?","$","M","M","E"],"items_purchased_type":["Relic","Card","Card"],"build_version":"2020-12-22","purchased_purges":0,"victory":false,"max_hp_per_floor":[80,80,80,80,80,80,80,80,80,80,80,80,80,80,80,80,80,80,85,85,85,85,85,85],"card_choices":[{"not_picked":["Hemokinesis","Clothesline","Pommel Strike"],"picked":"SKIP","floor":1.0},{"not_picked":["Sword Boomerang","Pommel Strike"],"picked":"Carnage","floor":4.0},{"not_picked":["Heavy Blade","Thunderclap"],"picked":"Feel No Pain","floor":5.0},{"not_picked":["Disarm","Searing Blow"],"picked":"Infernal Blade","floor":7.0},{"not_picked":["Wild Strike","Brutality","Combust"],"picked":"SKIP","floor":8.0},{"not_picked":["Anger","Headbutt"],"picked":"Warcry","floor":11.0},{"not_picked":["Sword Boomerang","Bloodletting"],"picked":"Intimidate","floor":14.0},{"not_picked":["Impervious","Reaper"],"picked":"Demon Form","floor":16.0},{"not_picked":["Clash+1","Whirlwind"],"picked":"Burning Pact","floor":18.0},{"not_picked":["Rampage+1","Shrug It Off"],"picked":"Ghostly Armor","floor":21.0},{"not_picked":["Headbutt","Disarm"],"picked":"Shrug It Off","floor":22.0}],"player_experience":409365,"relics_obtained":[{"floor":7.0,"key":"The Courier"},{"floor":9.0,"key":"Red Skull"},{"floor":14.0,"key":"Singing Bowl"}],"event_choices":[{"cards_removed":["Strike_R"],"damage_healed":0.0,"max_hp_gain":0.0,"max_hp_loss":0.0,"gold_gain":0.0,"event_name":"The Cleric","player_choice":"Card Removal","floor":2.0,"gold_loss":50.0,"damage_taken":0.0},{"damage_healed":0.0,"max_hp_gain":0.0,"max_hp_loss":0.0,"gold_gain":0.0,"event_name":"Big Fish","player_choice":"Box","floor":3.0,"gold_loss":0.0,"damage_taken":0.0,"relics_obtained":["War Paint"],"cards_obtained":["Regret"]},{"damage_healed":0.0,"max_hp_gain":0.0,"max_hp_loss":0.0,"gold_gain":70.0,"event_name":"Golden Wing","player_choice":"Gained Gold","floor":12.0,"gold_loss":0.0,"damage_taken":0.0},{"cards_removed":["Regret"],"damage_healed":0.0,"max_hp_gain":0.0,"max_hp_loss":0.0,"gold_gain":0.0,"event_name":"Living Wall","player_choice":"Forget","floor":13.0,"gold_loss":0.0,"damage_taken":0.0},{"damage_healed":0.0,"max_hp_gain":5.0,"max_hp_loss":0.0,"gold_gain":0.0,"event_name":"Forgotten Altar","player_choice":"Shed Blood","floor":19.0,"gold_loss":0.0,"damage_taken":20.0}],"is_beta":false,"boss_relics":[{"not_picked":["Tiny House","Runic Pyramid"],"picked":"Black Blood"}],"items_purged_floors":[],"is_endless":false,"potions_floor_spawned":[1,4,8,11,16,18],"killed_by":"Book of Stabbing","ascension_level":1}}