{"host":"9v3x998ddbx8o276","time":1612002826,"event":{"mods":["AchievementEnabler","BaseMod","Colored Map","Colored Powertips","Highlight Path","Minty Spire (QoL Compilation)","Quick Restart","Rare Cards Sparkle"],"gold_per_floor":[119,138,152,60,76,110,110,165,165,193,193,193,227,238,238,238,238],"floor_reached":16,"language":"ENG","playtime":470,"items_purged":[],"score":240,"play_id":"1868b89f-e5d4-4de4-a789-85122b726b00","local_time":"20210130210346","is_ascension_mode":true,"campfire_choices":[{"floor":7,"key":"REST"},{"floor":11,"key":"REST"},{"floor":15,"key":"REST"}],"circlet_count":0,"master_deck":["AscendersBane","Strike_B","Strike_B","Strike_B","Strike_B","Defend_B","Defend_B","Defend_B","Defend_B","Zap","Dualcast","Regret","FTL","Ball Lightning","Go for the Eyes","Doom and Gloom","Beam Cell","Core Surge","Auto Shields","Defragment","Rip and Tear"],"relics":["Cracked Core","Turnip","Anchor","Eternal Feather","Thread and Needle","Bronze Scales"],"acts_visited":["Exordium"],"potions_floor_usage":[6,6,14],"damage_taken":[{"damage":4,"enemies":"Cultist","floor":1,"turns":4},{"damage":7,"enemies":"2 Louse","floor":2,"turns":3},{"damage":2,"enemies":"Jaw Worm","floor":3,"turns":3},{"damage":20,"enemies":"Gremlin Gang","floor":5,"turns":4},{"damage":16,"enemies":"Lagavulin","floor":6,"turns":4},{"damage":27,"enemies":"3 Sentries","floor":10,"turns":7},{"damage":36,"enemies":"Gremlin Nob","floor":13,"turns":4},{"damage":2,"enemies":"Exordium Thugs","floor":14,"turns":3},{"damage":39,"enemies":"Slime Boss","floor":16,"turns":7}],"seed_played":"-1700670954351748040","potions_obtained":[{"floor":2,"key":"Ancient Potion"},{"floor":5,"key":"FocusPotion"},{"floor":13,"key":"LiquidMemories"}],"is_trial":false,"path_per_floor":["M","M","M","$","M","E","R","?","T","E","R","?","E","M","R","B"],"character_chosen":"DEFECT","items_purchased":["SpeedPotion","Doom and Gloom"],"campfire_rested":3,"item_purchase_floors":[4,4],"current_hp_per_floor":[60,53,51,51,31,15,36,36,36,9,39,39,3,1,34,0,0],"gold":238,"neow_bonus":"ONE_RARE_RELIC","is_daily":false,"chose_seed":false,"campfire_upgraded":0,"win_rate":0.0,"timestamp":1612002826,"path_taken":["M","M","M","$","M","E","R","?","T","E","R","?","E","M","R","BOSS"],"items_purchased_type":["Potion","Card"],"build_version":"2020-12-22","purchased_purges":0,"victory":false,"max_hp_per_floor":[71,71,71,71,71,71,71,71,71,71,71,71,71,71,71,71,71],"card_choices":[{"not_picked":["Beam Cell","Conserve Battery"],"picked":"FTL","floor":1},{"not_picked":["Steam Power","Steam"],"picked":"Ball Lightning","floor":2},{"not_picked":["BootSequence","Streamline"],"picked":"Go for the Eyes","floor":3},{"not_picked":["Streamline","Fusion"],"picked":"Beam Cell","floor":5},{"not_picked":["Doom and Gloom","Sweeping Beam"],"picked":"Core Surge","floor":6},{"not_picked":["Force Field","Tempest"],"picked":"Auto Shields","floor":10},{"not_picked":["Storm","Chaos"],"picked":"Defragment","floor":13},{"not_picked":["Hello World","FTL"],"picked":"Rip and Tear","floor":14}],"player_experience":1677381,"relics_obtained":[{"floor":6,"key":"Anchor"},{"floor":9,"key":"Eternal Feather"},{"floor":10,"key":"Thread and Needle"},{"floor":13,"key":"Bronze Scales"}],"event_choices":[{"damage_healed":0,"gold_gain":55,"player_choice":"Gained Gold","damage_taken":0,"max_hp_gain":0,"max_hp_loss":0,"event_name":"Golden Wing","floor":8,"gold_loss":0},{"damage_healed":0,"gold_gain":0,"player_choice":"Ignored","damage_taken":0,"max_hp_gain":0,"max_hp_loss":0,"event_name":"Shining Light","floor":12,"gold_loss":0}],"is_beta":false,"boss_relics":[],"items_purged_floors":[],"is_endless":false,"potions_floor_spawned":[2,5,13],"killed_by":"Slime Boss","ascension_level":20}}