{"host":"dhlnk6yox2l1s6up","time":1612041449,"event":{"mods":["BaseMod","Bestiary","Colored Map","Highlight Path","Minty Spire (QoL Compilation)","Relic Stats","StSLib"],"gold_per_floor":[109,109,120,138,138,164,164,190,190,190,190,190,220,234,234,363,363,383,399,56,56,72,105,105,105,105],"floor_reached":25,"language":"ENG","playtime":2565,"items_purged":[],"score":332,"play_id":"13d74325-1d82-4b17-a01a-14695ca91742","local_time":"20210130151729","is_ascension_mode":true,"campfire_choices":[{"data":"Skewer","floor":7.0,"key":"SMITH"},{"data":"Magnetism","floor":10.0,"key":"SMITH"},{"data":"Poisoned Stab","floor":12.0,"key":"SMITH"},{"floor":15,"key":"REST"},{"data":"Dagger Spray","floor":24,"key":"SMITH"}],"circlet_count":0,"master_deck":["Strike_G+1","Strike_G+1","Strike_G+1","Strike_G+1","Strike_G+1","Defend_G+1","Defend_G+1","Defend_G+1","Defend_G+1","Defend_G+1","Survivor","Neutralize","Magnetism+1","Skewer+1","Well Laid Plans","Poisoned Stab+1","Acrobatics","Poisoned Stab","Dagger Spray+1","Burst","Backflip","Blade Dance","Deadly Poison","Cloak And Dagger+1"],"relics":["Ring of the Snake","Potion Belt","Question Card","Bag of Marbles","Blood Vial","Golden Idol","SacredBark","OrangePellets","Gambling Chip"],"acts_visited":["Exordium","TheCity"],"potions_floor_usage":[19,22,23,23],"damage_taken":[{"damage":4.0,"enemies":"2 Louse","floor":1.0,"turns":3.0},{"damage":0.0,"enemies":"Small Slimes","floor":3.0,"turns":3.0},{"damage":0.0,"enemies":"Jaw Worm","floor":4.0,"turns":5.0},{"damage":6.0,"enemies":"Gremlin Nob","floor":6.0,"turns":3.0},{"damage":29.0,"enemies":"3 Sentries","floor":8.0,"turns":12.0},{"damage":8,"enemies":"Large Slime","floor":14,"turns":4},{"damage":25,"enemies":"Slime Boss","floor":16,"turns":9},{"damage":25,"enemies":"3 Byrds","floor":18,"turns":7},{"damage":6,"enemies":"Shell Parasite","floor":19,"turns":7},{"damage":2,"enemies":"Snecko","floor":22,"turns":6},{"damage":14,"enemies":"Slavers","floor":23,"turns":7},{"damage":62,"enemies":"Gremlin Leader","floor":25,"turns":8}],"seed_played":"-3800925550002414373","potions_obtained":[{"floor":1.0,"key":"AttackPotion"},{"floor":3.0,"key":"FearPotion"},{"floor":4.0,"key":"EssenceOfSteel"},{"floor":19,"key":"Dexterity Potion"}],"is_trial":false,"path_per_floor":["M","?","M","M","?","E","R","E","T","R","?","R","?","M","R","B",null,"M","M","$","?","M","E","R","E"],"character_chosen":"THE_SILENT","items_purchased":["Regen Potion","CunningPotion","Weak Potion","OrangePellets"],"campfire_rested":1,"item_purchase_floors":[20,20,20,20],"current_hp_per_floor":[41,34,34,34,57,51,51,22,22,22,22,22,22,16,35,12,52,29,25,25,25,25,58,58,0,0],"gold":105,"neow_bonus":"RANDOM_COLORLESS_2","is_daily":false,"chose_seed":false,"campfire_upgraded":4,"win_rate":0.0,"timestamp":1612041449,"path_taken":["M","?","M","M","?","E","R","E","T","R","?","R","?","?","R","BOSS","M","M","$","?","M","E","R","E"],"items_purchased_type":["Potion","Potion","Potion","Relic"],"build_version":"2020-12-22","purchased_purges":0,"victory":false,"max_hp_per_floor":[70,70,70,70,70,70,70,70,70,70,65,65,65,65,65,65,65,65,65,65,65,65,65,65,65,65],"relic_stats":{"Blood Vial":14,"OrangePellets":[1],"counters":[12,74],"Golden Idol":46,"Gambling Chip":[2],"Question Card":7,"obtain_stats":[{"Potion Belt":2,"Blood Vial":9,"OrangePellets":20,"Golden Idol":11,"SacredBark":17,"Gambling Chip":23,"Bag of Marbles":8,"Question Card":6,"Ring of the Snake":0},{"Potion Belt":1,"Blood Vial":5,"OrangePellets":9,"Golden Idol":5,"SacredBark":7,"Gambling Chip":11,"Bag of Marbles":5,"Question Card":4,"Ring of the Snake":0},{"Potion Belt":3,"Blood Vial":26,"OrangePellets":53,"Golden Idol":26,"SacredBark":39,"Gambling Chip":66,"Bag of Marbles":26,"Question Card":14,"Ring of the Snake":0}],"Ring of the Snake":[24]},"card_choices":[{"not_picked":["Violence","Secret Weapon"],"picked":"Magnetism","floor":0.0},{"not_picked":["Dodge and Roll","Backflip"],"picked":"Skewer","floor":1.0},{"not_picked":["Dagger Throw","Dodge and Roll"],"picked":"Well Laid Plans","floor":3.0},{"not_picked":["Heel Hook","Slice"],"picked":"Poisoned Stab","floor":4.0},{"not_picked":["Finisher","Caltrops"],"picked":"Acrobatics","floor":6.0},{"not_picked":["Blur","Well Laid Plans","Setup"],"picked":"Poisoned Stab","floor":8.0},{"not_picked":["Riddle With Holes","Slice","Prepared"],"picked":"Dagger Spray","floor":14},{"not_picked":["Unload","Storm of Steel","Doppelganger"],"picked":"Burst","floor":16},{"not_picked":["Escape Plan","Masterful Stab","Concentrate"],"picked":"Backflip","floor":18},{"not_picked":["Well Laid Plans","Prepared","Deadly Poison"],"picked":"Blade Dance","floor":19},{"not_picked":["Caltrops","Backflip","Quick Slash"],"picked":"Deadly Poison","floor":22},{"not_picked":["Underhanded Strike","Accuracy","Outmaneuver"],"picked":"Cloak And Dagger+1","floor":23}],"player_experience":6034529,"relics_obtained":[{"floor":6.0,"key":"Question Card"},{"floor":8.0,"key":"Bag of Marbles"},{"floor":9.0,"key":"Blood Vial"},{"floor":23,"key":"Gambling Chip"}],"event_choices":[{"damage_healed":0.0,"max_hp_gain":0.0,"max_hp_loss":0.0,"gold_gain":0.0,"event_name":"Scrap Ooze","player_choice":"Success","floor":2.0,"gold_loss":0.0,"damage_taken":7.0,"relics_obtained":["Potion Belt"]},{"damage_healed":23.0,"max_hp_gain":0.0,"max_hp_loss":0.0,"gold_gain":0.0,"event_name":"Big Fish","player_choice":"Banana","floor":5.0,"gold_loss":0.0,"damage_taken":0.0},{"damage_healed":0.0,"max_hp_gain":0.0,"max_hp_loss":5.0,"gold_gain":0.0,"event_name":"Golden Idol","player_choice":"Lose Max HP","floor":11.0,"gold_loss":0.0,"damage_taken":0.0,"relics_obtained":["Golden Idol"]},{"damage_healed":0,"gold_gain":30,"player_choice":"Searched \u00271\u0027 times","damage_taken":0,"max_hp_gain":0,"max_hp_loss":0,"event_name":"Dead Adventurer","floor":13,"gold_loss":0},{"damage_healed":0,"gold_gain":0,"player_choice":"Simplicity","damage_taken":0,"max_hp_gain":0,"max_hp_loss":0,"event_name":"Back to Basics","floor":21,"gold_loss":0,"cards_upgraded":["Strike_G","Strike_G","Strike_G","Strike_G","Strike_G","Defend_G","Defend_G","Defend_G","Defend_G","Defend_G"]}],"is_beta":false,"boss_relics":[{"not_picked":["Tiny House","Pandora\u0027s Box"],"picked":"SacredBark"}],"items_purged_floors":[],"is_endless":false,"potions_floor_spawned":[1,3,4,19],"killed_by":"Gremlin Leader","ascension_level":9}}