{"host":"az1ex86qolajid0q","time":1612040606,"event":{"mods":["2.2 Compatiblity","AchievementEnabler","Astrologer","BaseMod","Beaked The Cultist","Better Altar","Better Match","Better Note","Better Sensory Stone","Better Skull","Better Third Choice","Better Vampires","BetterRewards","Colored Map","Colored Powertips","Downfall","Energized Spire","Hermit","Jorbs\u0027s Wanderer Trilogy","Minty Spire (QoL Compilation)","Permanent Neow","Rare Cards Sparkle","Relic Sorter","Relic Stats","Shop Mod","Spicy Shops","StSLib","The Construct"],"gold_per_floor":[99,112,19,19,19,19,19,19,38,49,49,49,64,49,61,158,158,58,78,278,292,308,308,308,321,321,321,321],"floor_reached":26,"language":"ENG","playtime":1907,"items_purged":[],"score":208,"play_id":"1eaad881-bc3d-4cea-9053-17e2a4911112","local_time":"20210130150326","is_ascension_mode":true,"campfire_choices":[{"floor":1.0,"key":"RECALL"},{"floor":12.0,"key":"REST"},{"data":"bronze:BurnOut","floor":18,"key":"SMITH"}],"circlet_count":0,"master_deck":["bronze:Strike","bronze:Strike","bronze:Strike","bronze:Strike","bronze:Defend","bronze:Defend","bronze:Defend","bronze:Defend","bronze:Replicate+1","bronze:Goto+1","Impatience","bronze:Return","bronze:Optimize+1","bronze:Spike+1","bronze:DazingPulse","bronze:Explode+1","bronze:CleanCode","bronze:Shell","bronze:ChildClass","bronze:Mutator","Clumsy","bronze:ChosenStrike","bronze:Format","bronze:Return","bronze:BurnOut+1","bronze:Shield","bronze:Turbo","bronze:Shield","expansioncontent:QuickStudy+1","bronze:WildBeam"],"relics":["bronze:BronzeCore","TheAbacus","Mercury Hourglass","SlaversCollar","downfall:HeartBlessingRed","Matryoshka"],"acts_visited":["Exordium","TheCity"],"potions_floor_usage":[16,16,25,26],"damage_taken":[{"damage":7.0,"enemies":"Small Slimes","floor":2.0,"turns":3.0},{"damage":0.0,"enemies":"downfall:FleeingMerchant","floor":3.0,"turns":4.0},{"damage":46.0,"enemies":"downfall:FleeingMerchant","floor":4.0,"turns":7.0},{"damage":0.0,"enemies":"Cultist","floor":6.0,"turns":1.0},{"damage":3.0,"enemies":"Jaw Worm","floor":9.0,"turns":4.0},{"damage":8.0,"enemies":"Red Slaver","floor":10.0,"turns":3.0},{"damage":13.0,"enemies":"2 Fungi Beasts","floor":13.0,"turns":3.0},{"damage":0.0,"enemies":"downfall:FleeingMerchant","floor":14.0,"turns":4.0},{"damage":0,"enemies":"Exordium Thugs","floor":15,"turns":2},{"damage":10,"enemies":"WA_ARCHETYPE_RETAIN","floor":16,"turns":7},{"damage":17,"enemies":"Spheric Guardian","floor":19,"turns":4},{"damage":12,"enemies":"Chosen","floor":21,"turns":4},{"damage":3,"enemies":"Sentry and Sphere","floor":22,"turns":4},{"damage":9,"enemies":"Snecko","floor":25,"turns":5},{"damage":32,"enemies":"Slavers","floor":26,"turns":1}],"seed_played":"-3058156407316926632","potions_obtained":[{"floor":4.0,"key":"bronze:FreeFunctionsPotion"},{"floor":10.0,"key":"Fire Potion"},{"floor":13.0,"key":"SkillPotion"},{"floor":21,"key":"PowerPotion"},{"floor":22,"key":"Dexterity Potion"}],"is_trial":false,"path_per_floor":["R","M","$","?","?","M","T","?","M","M","?","R","M","$","M","B",null,"R","M","?","M","M","?","T","M","E"],"character_chosen":"THE_AUTOMATON","items_purchased":["TheAbacus"],"campfire_rested":1,"item_purchase_floors":[3],"current_hp_per_floor":[70,63,63,17,17,17,17,17,14,6,6,27,14,14,14,4,70,70,53,53,41,38,38,38,29,0,0,0],"gold":321,"neow_bonus":"RANDOM_COLORLESS","is_daily":false,"chose_seed":false,"campfire_upgraded":1,"win_rate":0.0,"timestamp":1612040606,"path_taken":["R","M","$","?","?","M","T","?","M","?","?","R","M","$","M","BOSS","R","M","?","M","?","?","T","M","E"],"items_purchased_type":["Relic"],"build_version":"2020-12-22","purchased_purges":0,"victory":false,"max_hp_per_floor":[70,70,70,70,70,70,70,70,70,70,70,70,70,70,70,70,70,70,70,70,70,70,70,70,70,70,70,70],"relic_stats":{"TheAbacus":[48],"counters":[15,56],"obtain_stats":[{"SlaversCollar":17,"bronze:BronzeCore":0,"TheAbacus":3,"downfall:BrokenWingStatue":5,"Matryoshka":24,"downfall:HeartBlessingRed":18,"Mercury Hourglass":7},{"SlaversCollar":10,"bronze:BronzeCore":0,"TheAbacus":2,"downfall:BrokenWingStatue":3,"Matryoshka":13,"downfall:HeartBlessingRed":10,"Mercury Hourglass":4},{"SlaversCollar":38,"bronze:BronzeCore":0,"TheAbacus":7,"downfall:BrokenWingStatue":14,"Matryoshka":50,"downfall:HeartBlessingRed":38,"Mercury Hourglass":15}],"Mercury Hourglass":[95]},"card_choices":[{"not_picked":["Deep Breath","Finesse"],"picked":"Impatience","floor":0.0},{"not_picked":["bronze:Repulsor","bronze:ClassDefault"],"picked":"bronze:Return","floor":2.0},{"not_picked":["bronze:CutThrough","bronze:Branch"],"picked":"bronze:Optimize","floor":3.0},{"not_picked":[],"picked":"bronze:Spike","floor":4.0},{"not_picked":[],"picked":"bronze:DazingPulse","floor":4.0},{"not_picked":[],"picked":"bronze:Explode","floor":4.0},{"not_picked":["bronze:Repulsor","bronze:Constructor"],"picked":"bronze:CleanCode","floor":4.0},{"not_picked":["bronze:DelayedSlice","bronze:CloningBeam"],"picked":"bronze:Shell","floor":6.0},{"not_picked":["bronze:Deprecate","bronze:WildBeam"],"picked":"bronze:ChildClass","floor":9.0},{"not_picked":["bronze:Deprecate","bronze:Shell"],"picked":"bronze:Mutator","floor":10.0},{"not_picked":["bronze:Invalidate","bronze:BugBarrage"],"picked":"bronze:ChosenStrike","floor":13.0},{"not_picked":["bronze:Constructor","bronze:Shield"],"picked":"bronze:Format","floor":14.0},{"not_picked":["bronze:Iterate","bronze:Deprecate"],"picked":"bronze:Return","floor":15},{"not_picked":["bronze:HyperBeam","bronze:Mutator"],"picked":"bronze:BurnOut","floor":16},{"not_picked":["bronze:Boost+1","bronze:Invalidate"],"picked":"bronze:Shield","floor":19},{"not_picked":["bronze:WhirlingStrike","bronze:Flail+1"],"picked":"bronze:Turbo","floor":21},{"not_picked":["bronze:CloningBeam","bronze:Safeguard"],"picked":"bronze:Shield","floor":22},{"not_picked":["bronze:FollowUp","bronze:CutThrough"],"picked":"bronze:WildBeam","floor":25}],"player_experience":686500,"relics_obtained":[{"floor":7.0,"key":"Mercury Hourglass"},{"floor":24,"key":"Matryoshka"}],"event_choices":[{"cards_removed":["bronze:Mutator"],"damage_healed":0,"gold_gain":0,"player_choice":"Take \u0026 Give","damage_taken":0,"max_hp_gain":0,"max_hp_loss":0,"event_name":"betterNote:BetterNote","floor":23,"gold_loss":0,"cards_obtained":["expansioncontent:QuickStudy"]}],"is_beta":false,"boss_relics":[{"not_picked":["Astrolabe","Velvet Choker"],"picked":"SlaversCollar"}],"items_purged_floors":[],"is_endless":false,"potions_floor_spawned":[4,10,13,21,22],"killed_by":"Slavers","ascension_level":1}}