{"host":"awsx6hu75lh7tsqd","time":1612048743,"event":{"mods":["AchievementEnabler","BaseMod","BetterRewards","Colored Map","Evolution","Minty Spire (QoL Compilation)","Shop Mod","StSLib"],"gold_per_floor":[118,136,150,150,225,225,243,258,281,2,2,34,34,65,65,168,168,182,202,216,216,216,216],"floor_reached":22,"language":"ENG","playtime":1228,"items_purged":["Defend_B","Defend_B"],"score":326,"play_id":"a54cd5bf-4804-4d8f-8f2a-1796e3ab41a9","local_time":"20210130161903","is_ascension_mode":true,"campfire_choices":[{"data":"Zap","floor":6,"key":"SMITH"},{"floor":11,"key":"REST"},{"floor":15,"key":"REST"}],"circlet_count":0,"master_deck":["Compile Driver","Compile Driver","Strike_B","Strike_B","Defend_B","Zap+1","Dualcast+1","Defragment","Gash","Steam","Beam Cell","Gash","Go for the Eyes","Secret Weapon","Fission","All For One","Self Repair+1","Melter"],"relics":["Cracked Core","EVO:Axolotl","Bronze Scales","Blood Vial","Potion Belt","PreservedInsect","SacredBark"],"acts_visited":["Exordium","TheCity"],"potions_floor_usage":[12,14,14],"damage_taken":[{"damage":9,"enemies":"Jaw Worm","floor":1,"turns":3},{"damage":0,"enemies":"Small Slimes","floor":2,"turns":3},{"damage":0,"enemies":"Cultist","floor":3,"turns":3},{"damage":5,"enemies":"Gremlin Gang","floor":7,"turns":3},{"damage":7,"enemies":"Large Slime","floor":8,"turns":4},{"damage":16,"enemies":"Lagavulin","floor":12,"turns":3},{"damage":12,"enemies":"3 Sentries","floor":14,"turns":3},{"damage":33,"enemies":"Hexaghost","floor":16,"turns":9},{"damage":16,"enemies":"Chosen","floor":18,"turns":4},{"damage":12,"enemies":"3 Byrds","floor":19,"turns":3},{"damage":40,"enemies":"Centurion and Healer","floor":20,"turns":7},{"damage":26,"enemies":"Snecko","floor":22,"turns":3}],"seed_played":"8313742868441498738","potions_obtained":[{"floor":2,"key":"SkillPotion"},{"floor":3,"key":"FocusPotion"},{"floor":12,"key":"Strength Potion"},{"floor":20,"key":"DuplicationPotion"}],"is_trial":false,"path_per_floor":["M","M","M","?","?","R","M","M","T","$","R","E","?","E","R","B",null,"M","M","M","?","M"],"character_chosen":"DEFECT","items_purchased":["Bronze Scales","Defragment","Secret Weapon"],"campfire_rested":2,"item_purchase_floors":[0,0,10],"current_hp_per_floor":[56,56,56,49,38,38,33,26,26,26,48,34,27,17,39,8,75,59,49,21,21,0,0],"gold":216,"neow_bonus":"","is_daily":false,"chose_seed":false,"campfire_upgraded":1,"win_rate":0.0,"timestamp":1612048743,"path_taken":["M","M","M","?","?","R","M","M","T","$","R","E","?","E","R","BOSS","M","M","M","?","M"],"items_purchased_type":["Relic","Card","Card"],"build_version":"2020-12-22","purchased_purges":2,"victory":false,"max_hp_per_floor":[75,75,75,75,75,75,75,75,75,75,75,75,75,75,75,75,75,75,75,75,75,75,75],"card_choices":[{"not_picked":["Steam","Rebound"],"picked":"Gash","floor":1},{"not_picked":["Conserve Battery","Coolheaded"],"picked":"Steam","floor":2},{"not_picked":["Reinforced Body","Steam"],"picked":"Beam Cell","floor":3},{"not_picked":["Undo","Streamline"],"picked":"Gash","floor":7},{"not_picked":["Blizzard","Skim"],"picked":"Go for the Eyes","floor":8},{"not_picked":["Compile Driver","Leap","Sunder"],"picked":"SKIP","floor":12},{"not_picked":["Capacitor","Chaos"],"picked":"Fission","floor":14},{"not_picked":["Thunder Strike","Machine Learning"],"picked":"All For One","floor":16},{"not_picked":["Barrage","Go for the Eyes","Sweeping Beam"],"picked":"SKIP","floor":18},{"not_picked":["Steam","Darkness+1"],"picked":"Self Repair+1","floor":19},{"not_picked":["Storm","FTL+1"],"picked":"Melter","floor":20}],"player_experience":115704,"relics_obtained":[{"floor":9,"key":"Blood Vial"},{"floor":12,"key":"Potion Belt"},{"floor":14,"key":"PreservedInsect"}],"event_choices":[{"cards_removed":["Defend_B"],"damage_healed":0,"gold_gain":0,"player_choice":"Card Removal","damage_taken":7,"max_hp_gain":0,"max_hp_loss":0,"event_name":"Golden Wing","floor":4,"gold_loss":0},{"damage_healed":0,"gold_gain":75,"player_choice":"Gather Gold","damage_taken":11,"max_hp_gain":0,"max_hp_loss":0,"event_name":"World of Goop","floor":5,"gold_loss":0},{"damage_healed":0,"gold_gain":0,"player_choice":"Damaged","damage_taken":7,"max_hp_gain":0,"max_hp_loss":0,"event_name":"Wheel of Change","floor":13,"gold_loss":0},{"damage_healed":0,"gold_gain":0,"player_choice":"Forge","damage_taken":0,"max_hp_gain":0,"max_hp_loss":0,"event_name":"Accursed Blacksmith","floor":21,"gold_loss":0,"cards_upgraded":["Dualcast"]}],"is_beta":false,"boss_relics":[{"not_picked":["Calling Bell","Ectoplasm"],"picked":"SacredBark"}],"items_purged_floors":[0,10],"is_endless":false,"potions_floor_spawned":[2,3,12,20],"killed_by":"Snecko","ascension_level":2}}