{"host":"o6j8h35axmoodbwy","time":1612017370,"event":{"mods":["2.2 Compatiblity","Act Like it!","BaseMod","Colored Map","Colored Powertips","Faster Ascension Climbing","MarisaÅiñ∂âJÅ@ñÇóùçπÅj","Minty Spire (QoL Compilation)","Prisma Mod","Quick Restart","Shop Mod","StSLib","SuperFastMode","Td1madao Mod"],"gold_per_floor":[117,117,22,41,41,41,60,110,188,203,213,224,224,254,254,328,328,348,348,361,51,51,65,65,65,90,90,108,119,119,132,132,209,209,223,248,20,32,43,69,69,89,112,112,127,139,152,167,167,167],"floor_reached":51,"language":"JPN","playtime":3915,"items_purged":["Strike_R"],"score":1360,"play_id":"e1fec6b9-6d77-4cbc-a038-96e17c9d3a57","local_time":"20210130233610","is_ascension_mode":true,"campfire_choices":[{"data":"Searing Blow","floor":6,"key":"SMITH"},{"data":"Searing Blow+1","floor":13,"key":"SMITH"},{"data":"Searing Blow+2","floor":15,"key":"SMITH"},{"floor":25,"key":"REST"},{"data":"Armaments","floor":27,"key":"SMITH"},{"floor":30,"key":"REST"},{"data":"Searing Blow+3","floor":32,"key":"SMITH"},{"data":"Searing Blow+4","floor":41,"key":"SMITH"},{"data":"Searing Blow+5","floor":44,"key":"SMITH"},{"data":"Searing Blow+6","floor":49,"key":"SMITH"}],"circlet_count":0,"master_deck":["AscendersBane","Defend_R+1","Defend_R+1","Defend_R+1","Defend_R+1","Bash","Seeing Red","Exhume","Hemokinesis","Searing Blow+7","Power Through","Seeing Red","Battle Trance","Double Tap","Shrug It Off+1","Feel No Pain+1","Juggernaut+1","Armaments+1","Dark Shackles","RitualDagger","Entrench","Second Wind","Barricade","Shrug It Off","Flame Barrier","Pommel Strike+1","Feel No Pain","Reaper","True Grit+1","Metallicize+1","Parasite","Juggernaut","Entrench+1"],"relics":["Burning Blood","Smiling Mask","Paper Frog","Vajra","Astrolabe","Juzu Bracelet","Nilry\u0027s Codex","Art of War","Velvet Choker","Thread and Needle","Anchor","Lizard Tail","MealTicket"],"acts_visited":["Exordium","TheCity","TheBeyond"],"potions_floor_usage":[14,14,16,33,33,42,50],"damage_taken":[{"damage":8,"enemies":"Small Slimes","floor":1,"turns":4},{"damage":3,"enemies":"Cultist","floor":4,"turns":3},{"damage":4,"enemies":"2 Louse","floor":7,"turns":3},{"damage":2,"enemies":"Large Slime","floor":10,"turns":4},{"damage":13,"enemies":"2 Fungi Beasts","floor":11,"turns":3},{"damage":16,"enemies":"Blue Slaver","floor":12,"turns":5},{"damage":28,"enemies":"Lagavulin","floor":14,"turns":6},{"damage":26,"enemies":"Hexaghost","floor":16,"turns":12},{"damage":9,"enemies":"Chosen","floor":18,"turns":5},{"damage":16,"enemies":"Shell Parasite","floor":20,"turns":4},{"damage":19,"enemies":"Centurion and Healer","floor":23,"turns":12},{"damage":6,"enemies":"Cultist and Chosen","floor":28,"turns":9},{"damage":3,"enemies":"Chosen and Byrds","floor":29,"turns":8},{"damage":18,"enemies":"Shelled Parasite and Fungi","floor":31,"turns":10},{"damage":30,"enemies":"Automaton","floor":33,"turns":12},{"damage":29,"enemies":"Orb Walker","floor":35,"turns":6},{"damage":22,"enemies":"Mind Bloom Boss Battle","floor":36,"turns":10},{"damage":2,"enemies":"3 Shapes","floor":38,"turns":6},{"damage":0,"enemies":"Sphere and 2 Shapes","floor":39,"turns":6},{"damage":0,"enemies":"Giant Head","floor":40,"turns":13},{"damage":16,"enemies":"3 Darklings","floor":42,"turns":5},{"damage":0,"enemies":"Maw","floor":45,"turns":7},{"damage":0,"enemies":"4 Shapes","floor":46,"turns":7},{"damage":15,"enemies":"Writhing Mass","floor":47,"turns":6},{"damage":7,"enemies":"Jaw Worm Horde","floor":48,"turns":5},{"damage":8,"enemies":"Time Eater","floor":50,"turns":10}],"seed_played":"7587598961771054334","potions_obtained":[{"floor":7,"key":"ElixirPotion"},{"floor":10,"key":"AttackPotion"},{"floor":12,"key":"PowerPotion"},{"floor":14,"key":"SkillPotion"},{"floor":29,"key":"LiquidBronze"},{"floor":33,"key":"Strength Potion"},{"floor":46,"key":"Weak Potion"}],"is_trial":false,"path_per_floor":["M","?","$","M","?","R","M","?","T","M","M","M","R","E","R","B",null,"M","?","M","$","?","M","?","R","T","R","M","M","R","M","R","B",null,"M","?","$","M","M","E","R","M","T","R","M","M","M","M","R","B",null],"character_chosen":"IRONCLAD","items_purchased":["Hemokinesis","BloodPotion","Dark Shackles","Juzu Bracelet","Anchor","BloodPotion"],"campfire_rested":2,"item_purchase_floors":[3,21,21,21,37,37],"current_hp_per_floor":[66,66,66,69,74,74,76,76,76,80,73,63,63,41,41,21,65,62,62,52,52,46,33,12,36,36,36,36,39,63,51,51,43,71,48,32,32,36,42,48,48,53,53,53,71,80,71,70,70,73],"gold":167,"neow_bonus":"RANDOM_COMMON_RELIC","is_daily":false,"chose_seed":false,"campfire_upgraded":8,"win_rate":0.0,"timestamp":1612017370,"path_taken":["M","?","$","M","?","R","M","?","T","?","M","M","R","E","R","BOSS","M","?","M","$","?","M","?","R","T","R","M","M","R","M","R","BOSS","M","?","$","M","M","E","R","M","T","R","M","M","M","M","R","BOSS"],"items_purchased_type":["Card","Potion","Card","Relic","Relic","Potion"],"build_version":"2020-12-22","purchased_purges":1,"victory":true,"max_hp_per_floor":[75,75,75,75,80,80,80,80,80,80,80,80,80,80,80,80,80,80,80,80,80,80,80,80,80,80,80,80,80,80,80,80,80,80,80,80,80,80,80,80,80,80,80,80,80,80,80,80,80,80],"card_choices":[{"not_picked":["Armaments","Wild Strike"],"picked":"Seeing Red","floor":1},{"not_picked":["Cleave","Anger"],"picked":"Searing Blow","floor":4},{"not_picked":["Anger","Rampage"],"picked":"Power Through","floor":7},{"not_picked":["Warcry","Pummel","Flex"],"picked":"SKIP","floor":10},{"not_picked":["Infernal Blade","Wild Strike"],"picked":"Seeing Red","floor":11},{"not_picked":["Flex","Metallicize","Clothesline"],"picked":"SKIP","floor":12},{"not_picked":["Wild Strike","Bludgeon"],"picked":"Battle Trance","floor":14},{"not_picked":["Bludgeon","Offering"],"picked":"Double Tap","floor":16},{"not_picked":["Body Slam","Headbutt"],"picked":"Armaments","floor":18},{"not_picked":["Twin Strike","Warcry","Thunderclap"],"picked":"SKIP","floor":20},{"not_picked":["Reckless Charge","Heavy Blade","Demon Form"],"picked":"SKIP","floor":23},{"not_picked":["Body Slam","Wild Strike"],"picked":"Entrench","floor":28},{"not_picked":["Clothesline","Cleave","Infernal Blade"],"picked":"SKIP","floor":29},{"not_picked":["Headbutt","Rage"],"picked":"Second Wind","floor":31},{"not_picked":["Exhume","Feed"],"picked":"Barricade","floor":33},{"not_picked":["Iron Wave","Carnage"],"picked":"Shrug It Off","floor":35},{"not_picked":["Ghostly Armor+1","Bloodletting"],"picked":"Flame Barrier","floor":36},{"not_picked":["Armaments+1","Hemokinesis"],"picked":"Pommel Strike+1","floor":38},{"not_picked":["Shrug It Off","Combust+1"],"picked":"Feel No Pain","floor":39},{"not_picked":["Twin Strike","Clothesline"],"picked":"Reaper","floor":40},{"not_picked":["Blood for Blood","Heavy Blade+1","Cleave"],"picked":"SKIP","floor":42},{"not_picked":["Havoc+1","Cleave"],"picked":"True Grit+1","floor":45},{"not_picked":["Clash","Havoc"],"picked":"Metallicize+1","floor":46},{"not_picked":["Sword Boomerang+1","Armaments"],"picked":"Juggernaut","floor":47},{"not_picked":["Sever Soul+1","Heavy Blade"],"picked":"Entrench+1","floor":48}],"player_experience":423018,"relics_obtained":[{"floor":9,"key":"Paper Frog"},{"floor":14,"key":"Vajra"},{"floor":24,"key":"Nilry\u0027s Codex"},{"floor":26,"key":"Art of War"},{"floor":36,"key":"Thread and Needle"},{"floor":40,"key":"Lizard Tail"},{"floor":43,"key":"MealTicket"}],"event_choices":[{"damage_healed":0,"gold_gain":0,"cards_transformed":["Strike_R"],"player_choice":"Change","damage_taken":0,"max_hp_gain":0,"max_hp_loss":0,"event_name":"Living Wall","floor":2,"gold_loss":0,"cards_obtained":["Exhume"]},{"damage_healed":0,"gold_gain":0,"player_choice":"Donut","damage_taken":0,"max_hp_gain":5,"max_hp_loss":0,"event_name":"Big Fish","floor":5,"gold_loss":0},{"damage_healed":0,"gold_gain":50,"player_choice":"Pray","damage_taken":0,"max_hp_gain":0,"max_hp_loss":0,"event_name":"Golden Shrine","floor":8,"gold_loss":0},{"damage_healed":0,"gold_gain":0,"player_choice":"Simplicity","damage_taken":0,"max_hp_gain":0,"max_hp_loss":0,"event_name":"Back to Basics","floor":19,"gold_loss":0,"cards_upgraded":["Defend_R","Defend_R","Defend_R","Defend_R"]},{"damage_healed":0,"gold_gain":0,"player_choice":"Joined the Cult","damage_taken":6,"max_hp_gain":0,"max_hp_loss":0,"event_name":"Nest","floor":22,"gold_loss":0,"cards_obtained":["RitualDagger"]},{"damage_healed":0,"gold_gain":0,"player_choice":"Obtained Book","damage_taken":21,"max_hp_gain":0,"max_hp_loss":0,"event_name":"Cursed Tome","floor":24,"gold_loss":0},{"damage_healed":0,"gold_gain":0,"player_choice":"Fight","damage_taken":0,"max_hp_gain":0,"max_hp_loss":0,"event_name":"MindBloom","floor":36,"gold_loss":0}],"is_beta":false,"boss_relics":[{"not_picked":["Runic Dome","Black Blood"],"picked":"Astrolabe"},{"not_picked":["Tiny House","Fusion Hammer"],"picked":"Velvet Choker"}],"items_purged_floors":[3],"is_endless":false,"potions_floor_spawned":[7,10,12,14,29,31,33,38,40,46,47,48],"ascension_level":17}}