{"host":"4w9vompg42n13q24","time":1612016373,"event":{"mods":["Aspiration","BaseMod","Better Third Choice","Colored Map","Colored Powertips","DeckTracker","Downfall","GifTheSpireLib","Glutton Mod","Hermit","Highlight Path","Hubris","Minty Spire (QoL Compilation)","Relic Stats","StSLib","Stuff the Spire","The Druid","The Necromancer","Trackpad"],"gold_per_floor":[99,118,118,143,163,180,180,180,208,220,220,238,138,123,139,242,242,242,242,227,239,239,239,239,281,308,208,193,208,208,243,291,394,394,394,412,412,322,322,322,346,346,360,400,366,394,407,407,470,470],"floor_reached":51,"language":"ENG","playtime":6979,"items_purged":["champ:Strike","champ:Strike"],"score":704,"play_id":"fe420359-558f-43a3-9493-fd423a982ff3","local_time":"20210130151933","is_ascension_mode":false,"campfire_choices":[{"data":"champ:Taunt","floor":1.0,"key":"SMITH"},{"data":"champ:Execute","floor":8.0,"key":"SMITH"},{"data":"champ:Lariat","floor":13,"key":"SMITH"},{"floor":18,"key":"RECALL"},{"data":"champ:IronFortress","floor":27,"key":"SMITH"},{"data":"champ:MurderStrike","floor":35,"key":"SMITH"},{"data":"champ:DefensiveShout","floor":40,"key":"SMITH"}],"circlet_count":0,"master_deck":["champ:Defend","champ:Defend","champ:Defend","champ:Defend","champ:Execute+1","champ:Taunt+1","champ:IronFortress+1","champ:Endure","champ:Lariat+1","champ:ShieldWall+1","champ:SteelEdge","champ:StrikeOfGenius","hubris:DuctTapeCard","champ:FocusedDefense","champ:SetATrap+1","champ:RisingSlash","StuffTheSpire:DeathNote","champ:FocusedDefense+1","champ:FocusedDefense+1","champ:DefensiveShout+1","champ:DefensiveShout+1","champ:PreemptiveStrike+1","champ:RisingSlash","champ:MurderStrike+1","champ:ShieldWall+1"],"relics":["StuffTheSpire:OccultApparatus","Centennial Puzzle","TungstenRod","hubris:ToyBattleship","downfall:HeartBlessingGreen","Calling Bell","Prayer Wheel","trackpad:AdjectivePendant","hubris:DuctTape","trackpad:HandOfMidas","downfall:HeartBlessingRed","Busted Crown","hubris:Towel","hubris:Icosahedron","Art of War","Ancient Tea Set","Pantograph"],"acts_visited":["Exordium","TheCity","TheBeyond"],"potions_floor_usage":[16,16,45],"damage_taken":[{"damage":15.0,"enemies":"2 Louse","floor":2.0,"turns":3.0},{"damage":21.0,"enemies":"Jaw Worm","floor":5.0,"turns":4.0},{"damage":30.0,"enemies":"Cultist","floor":6.0,"turns":5.0},{"damage":95.0,"enemies":"Lagavulin","floor":9.0,"turns":10.0},{"damage":18,"enemies":"Large Slime","floor":10,"turns":7},{"damage":47,"enemies":"Exordium Thugs","floor":12,"turns":6},{"damage":26,"enemies":"downfall:FleeingMerchant","floor":14,"turns":4},{"damage":0,"enemies":"Blue Slaver","floor":15,"turns":4},{"damage":30,"enemies":"DF_ARCHETYPE_STREAMLINE","floor":16,"turns":14},{"damage":0,"enemies":"Chosen","floor":19,"turns":1},{"damage":11,"enemies":"downfall:FleeingMerchant","floor":20,"turns":4},{"damage":1,"enemies":"Shell Parasite","floor":21,"turns":4},{"damage":4,"enemies":"Centurion and Healer","floor":25,"turns":5},{"damage":26,"enemies":"Cultist and Chosen","floor":26,"turns":8},{"damage":9,"enemies":"downfall:FleeingMerchant","floor":28,"turns":4},{"damage":9,"enemies":"Snecko","floor":29,"turns":4},{"damage":5,"enemies":"Chosen and Byrds","floor":31,"turns":4},{"damage":0,"enemies":"Centurion and Healer","floor":32,"turns":3},{"damage":44,"enemies":"IC_MUSHROOM_ARCHETYPE","floor":33,"turns":11},{"damage":0,"enemies":"3 Shapes","floor":36,"turns":3},{"damage":37,"enemies":"downfall:FleeingMerchant","floor":38,"turns":4},{"damage":5,"enemies":"3 Darklings","floor":43,"turns":3},{"damage":20,"enemies":"Sphere and 2 Shapes","floor":44,"turns":4},{"damage":0,"enemies":"downfall:FleeingMerchant","floor":45,"turns":2},{"damage":0,"enemies":"Nemesis","floor":46,"turns":5},{"damage":8,"enemies":"Spire Growth","floor":47,"turns":5},{"damage":6,"enemies":"3 Darklings","floor":49,"turns":4},{"damage":4,"enemies":"SI_POISON_ARCHETYPE","floor":50,"turns":8}],"seed_played":"-2083561222778159911","potions_obtained":[{"floor":2.0,"key":"Block Potion"},{"floor":9,"key":"CultistPotion"},{"floor":16,"key":"EssenceOfSteel"},{"floor":21,"key":"BlessingOfTheForge"},{"floor":26,"key":"Energy Potion"},{"floor":43,"key":"PowerPotion"},{"floor":44,"key":"FairyPotion"}],"is_trial":false,"path_per_floor":["R","M","?","T","M","M","T","R","E","M","?","M","R","$","M","B",null,"R","M","$","M","?","?","T","M","M","R","$","M","?","M","M","B",null,"R","M","?","$","?","R","T","?","M","M","$","E","M","?","M","B",null],"character_chosen":"THE_CHAMP","items_purchased":["Art of War","Ancient Tea Set"],"campfire_rested":0,"item_purchase_floors":[45,45],"current_hp_per_floor":[99,94,94,94,93,88,88,88,48,50,50,28,28,32,32,22,99,99,99,98,97,80,80,80,76,60,60,61,62,62,57,57,23,99,99,99,99,99,99,99,99,99,94,84,84,84,76,76,70,91],"gold":470,"neow_bonus":"TEN_PERCENT_HP_BONUS","is_daily":false,"chose_seed":false,"campfire_upgraded":6,"win_rate":0.0,"timestamp":1612016373,"path_taken":["R","M","?","?","?","M","T","R","E","M","?","M","R","$","M","BOSS","R","M","$","M","?","?","T","M","M","R","$","?","?","M","M","BOSS","R","M","?","$","?","R","T","?","M","?","$","E","M","?","M","BOSS"],"items_purchased_type":["Relic","Relic"],"build_version":"2020-12-22","purchased_purges":2,"victory":true,"max_hp_per_floor":[99,99,99,99,99,99,99,99,99,99,99,99,99,99,99,99,99,99,99,99,99,99,99,99,99,99,99,99,99,99,99,99,99,99,99,99,99,99,99,99,99,99,99,99,99,99,99,99,99,99],"relic_stats":{"Centennial Puzzle":[63],"Busted Crown":54,"counters":[28,143],"Pantograph":25,"Prayer Wheel":16,"Art of War":[6],"obtain_stats":[{"hubris:DuctTape":17,"trackpad:HandOfMidas":24,"downfall:HeartBlessingRed":27,"champ:ChampionCrown":0,"downfall:HeartBlessingGreen":13,"hubris:Towel":37,"Ancient Tea Set":45,"StuffTheSpire:OccultApparatus":3,"Calling Bell":17,"Centennial Puzzle":4,"downfall:BrokenWingStatue":11,"Busted Crown":34,"hubris:Icosahedron":39,"Pantograph":46,"Prayer Wheel":17,"hubris:ToyBattleship":9,"Art of War":45,"trackpad:AdjectivePendant":17,"TungstenRod":7},{"hubris:DuctTape":9,"trackpad:HandOfMidas":12,"downfall:HeartBlessingRed":14,"champ:ChampionCrown":0,"downfall:HeartBlessingGreen":6,"hubris:Towel":20,"Ancient Tea Set":24,"StuffTheSpire:OccultApparatus":1,"Calling Bell":9,"Centennial Puzzle":1,"downfall:BrokenWingStatue":5,"Busted Crown":19,"hubris:Icosahedron":21,"Pantograph":25,"Prayer Wheel":9,"hubris:ToyBattleship":4,"Art of War":24,"trackpad:AdjectivePendant":9,"TungstenRod":3},{"hubris:DuctTape":57,"trackpad:HandOfMidas":66,"downfall:HeartBlessingRed":79,"champ:ChampionCrown":0,"downfall:HeartBlessingGreen":35,"hubris:Towel":108,"Ancient Tea Set":121,"StuffTheSpire:OccultApparatus":3,"Calling Bell":57,"Centennial Puzzle":3,"downfall:BrokenWingStatue":29,"Busted Crown":105,"hubris:Icosahedron":112,"Pantograph":126,"Prayer Wheel":57,"hubris:ToyBattleship":22,"Art of War":121,"trackpad:AdjectivePendant":57,"TungstenRod":12}],"TungstenRod":70},"card_choices":[{"not_picked":["champ:StanceDance","champ:CalledShot"],"picked":"champ:IronFortress","floor":2.0},{"not_picked":["champ:RapidStrikes","champ:FlashCut","champ:GutPunch"],"picked":"SKIP","floor":5.0},{"not_picked":["champ:PreemptiveStrike","champ:CalledShot"],"picked":"champ:Endure","floor":6.0},{"not_picked":["champ:Devastate","champ:PreemptiveStrike","champ:Shatter"],"picked":"SKIP","floor":9},{"not_picked":["champ:EnGarde","champ:CrownThrow"],"picked":"champ:Lariat","floor":10},{"not_picked":["champ:EnragedBash","champ:AdrenalArmor"],"picked":"champ:ShieldWall","floor":12},{"not_picked":["champ:StanceDance","champ:PreciseThrust"],"picked":"champ:SteelEdge","floor":14},{"not_picked":["champ:PerfectedStrike","champ:DeathBlow","champ:FalseCounter"],"picked":"SKIP","floor":15},{"not_picked":["champ:DancingMaster","champ:Improvising"],"picked":"champ:StrikeOfGenius","floor":16},{"not_picked":["champ:BladeFlurry","champ:Endure+1"],"picked":"champ:FocusedDefense","floor":19},{"not_picked":["champ:EnragedBash","champ:BringItOn"],"picked":"champ:SetATrap+1","floor":19},{"not_picked":["champ:EnragedBash","champ:CalledShot+1"],"picked":"champ:RisingSlash","floor":20},{"not_picked":["champ:StanceDance","champ:Backstep","champ:EnGarde"],"picked":"SKIP","floor":21},{"not_picked":["champ:PreciseThrust+1","champ:GladiatorStyle","champ:FocusedBerserking"],"picked":"SKIP","floor":21},{"not_picked":["champ:FaceSlap","champ:Improvising"],"picked":"champ:FocusedDefense+1","floor":25},{"not_picked":["champ:DefensiveShout","champ:Shatter"],"picked":"champ:FocusedDefense+1","floor":25},{"not_picked":["champ:Backstep","champ:ArenaPreparation","champ:EnGarde+1"],"picked":"SKIP","floor":26},{"not_picked":["champ:RapidStrikes","champ:GutPunch","champ:FanOfKnives"],"picked":"SKIP","floor":26},{"not_picked":["champ:FaceSlap","champ:AdrenalArmor","champ:FancyFootwork+1"],"picked":"SKIP","floor":28},{"not_picked":["champ:GladiatorStyle","champ:Devastate","champ:Backstep"],"picked":"SKIP","floor":29},{"not_picked":["champ:RecklessLeap","champ:PerfectedStrike+1","champ:ShieldSlam+1"],"picked":"SKIP","floor":29},{"not_picked":["champ:FanOfKnives","champ:Circumvent"],"picked":"champ:DefensiveShout","floor":31},{"not_picked":["champ:FlashCut","champ:Circumvent"],"picked":"champ:DefensiveShout","floor":31},{"not_picked":["champ:GutPunch","champ:EnGarde+1"],"picked":"champ:PreemptiveStrike+1","floor":32},{"not_picked":["champ:EnGarde","champ:BringItOn"],"picked":"champ:RisingSlash","floor":32},{"not_picked":["champ:UltimateStance","champ:TripleStrike"],"picked":"champ:MurderStrike","floor":33},{"not_picked":["champ:BladeFlurry+1"],"picked":"SKIP","floor":36},{"not_picked":["champ:CalledShot"],"picked":"SKIP","floor":36},{"not_picked":["champ:StanceDance"],"picked":"SKIP","floor":38},{"not_picked":["champ:BladeFlurry"],"picked":"SKIP","floor":43},{"not_picked":["champ:EnragedBash"],"picked":"SKIP","floor":43},{"not_picked":["champ:Haymaker"],"picked":"SKIP","floor":44},{"not_picked":["champ:Shatter+1"],"picked":"SKIP","floor":44},{"not_picked":["champ:BladeFlurry"],"picked":"SKIP","floor":45},{"not_picked":["champ:RisingSlash"],"picked":"SKIP","floor":46},{"not_picked":["champ:BerserkersShout+1"],"picked":"SKIP","floor":47},{"not_picked":["champ:HeartStrike"],"picked":"SKIP","floor":47},{"not_picked":[],"picked":"champ:ShieldWall+1","floor":49},{"not_picked":["champ:RisingSlash"],"picked":"SKIP","floor":49}],"player_experience":655198,"relics_obtained":[{"floor":4.0,"key":"Centennial Puzzle"},{"floor":7.0,"key":"TungstenRod"},{"floor":9,"key":"hubris:ToyBattleship"},{"floor":17,"key":"Prayer Wheel"},{"floor":17,"key":"trackpad:AdjectivePendant"},{"floor":17,"key":"hubris:DuctTape"},{"floor":24,"key":"trackpad:HandOfMidas"},{"floor":46,"key":"Pantograph"}],"event_choices":[],"is_beta":false,"boss_relics":[{"not_picked":["Runic Dome","hubris:GrandSneckoEye"],"picked":"Calling Bell"},{"not_picked":["Snecko Eye","trackpad:StolenKidneys"],"picked":"Busted Crown"}],"items_purged_floors":[38,45],"is_endless":false,"potions_floor_spawned":[2,9,16,21,26,32,33,43,44,49],"ascension_level":0}}