{"host":"d744ndivyohnro60","time":1612024989,"event":{"mods":["BaseMod","Bestiary","Colored Powertips","Minty Spire (QoL Compilation)","Relic Stats"],"gold_per_floor":[113,113,131,149,74,102,122,122,122],"floor_reached":8,"language":"ENG","playtime":283,"items_purged":["Defend_B"],"score":67,"play_id":"da9617e8-1956-42db-8ecc-4aa8116b38ed","local_time":"20210130114309","is_ascension_mode":true,"campfire_choices":[],"circlet_count":0,"master_deck":["Strike_B","Strike_B","Strike_B","Strike_B","Defend_B","Defend_B+1","Defend_B","Zap+1","Dualcast","Genetic Algorithm","Defragment","Conserve Battery","Ball Lightning+1","Force Field"],"relics":["Black Star","GremlinMask","Molten Egg 2","War Paint"],"acts_visited":["Exordium"],"potions_floor_usage":[6],"damage_taken":[{"damage":0,"enemies":"Small Slimes","floor":1,"turns":3},{"damage":14,"enemies":"Cultist","floor":3,"turns":5},{"damage":9,"enemies":"Jaw Worm","floor":4,"turns":5},{"damage":36,"enemies":"3 Sentries","floor":6,"turns":8},{"damage":12,"enemies":"3 Louse","floor":7,"turns":3},{"damage":17,"enemies":"Gremlin Nob","floor":8,"turns":3}],"seed_played":"-8145974428083205820","potions_obtained":[{"floor":4,"key":"LiquidBronze"}],"is_trial":false,"path_per_floor":["M","?","M","M","$","E","M","E"],"character_chosen":"DEFECT","items_purchased":[],"campfire_rested":0,"item_purchase_floors":[],"current_hp_per_floor":[75,75,61,52,52,16,4,0,0],"gold":122,"neow_bonus":"BOSS_RELIC","is_daily":false,"chose_seed":false,"campfire_upgraded":0,"win_rate":0.0,"timestamp":1612024989,"path_taken":["M","?","?","M","$","E","M","E"],"items_purchased_type":[],"build_version":"2020-12-22","purchased_purges":1,"victory":false,"max_hp_per_floor":[75,75,75,75,75,75,75,75,75],"relic_stats":{"counters":[6,27],"Black Star":1,"War Paint":["Zap","Defend_B"],"obtain_stats":[{"GremlinMask":2,"Molten Egg 2":6,"Black Star":0,"War Paint":6,"Cracked Core":0},{"GremlinMask":1,"Molten Egg 2":4,"Black Star":0,"War Paint":4,"Cracked Core":0},{"GremlinMask":3,"Molten Egg 2":21,"Black Star":0,"War Paint":21,"Cracked Core":0}]},"card_choices":[{"not_picked":["Steam","Redo"],"picked":"Genetic Algorithm","floor":1},{"not_picked":["Streamline","Cold Snap"],"picked":"Defragment","floor":3},{"not_picked":["Go for the Eyes","Turbo"],"picked":"Conserve Battery","floor":4},{"not_picked":["Tempest","Fusion"],"picked":"Ball Lightning+1","floor":6},{"not_picked":["Scrape+1","Barrage+1"],"picked":"Force Field","floor":7}],"player_experience":166338,"relics_obtained":[{"floor":6,"key":"Molten Egg 2"},{"floor":6,"key":"War Paint"}],"event_choices":[{"damage_healed":0,"gold_gain":0,"player_choice":"Trade","damage_taken":0,"relics_obtained":["GremlinMask"],"max_hp_gain":0,"max_hp_loss":0,"event_name":"FaceTrader","floor":2,"gold_loss":0}],"is_beta":false,"boss_relics":[],"items_purged_floors":[5],"is_endless":false,"potions_floor_spawned":[4],"killed_by":"Gremlin Nob","ascension_level":3}}