{"host":"kkntor5wdjky96yl","time":1612024495,"event":{"mods":["AchievementEnabler","BaseMod","Colored Map","KOR Keyword Fix","Minty Spire (QoL Compilation)","Shop Mod","StSLib","SuperFastMode","Swap Starting Deck Mod"],"gold_per_floor":[119,137,137,137,153,187,205,237,237,266,48,48,79,79,79,183,233,247,260,260,89,106,138,157,82,106,141,241,254,273,273,273],"floor_reached":31,"language":"KOR","playtime":1485,"items_purged":["Headbutt","Anger+1"],"score":422,"play_id":"0deabf28-9489-43fa-bfa2-5a6e686e0066","local_time":"20210131013455","is_ascension_mode":true,"campfire_choices":[{"floor":15.0,"key":"REST"}],"circlet_count":0,"master_deck":["Rampage+1","Headbutt","Headbutt+1","Headbutt","Shrug It Off","Shrug It Off","Shrug It Off","Shrug It Off","Battle Trance","Pommel Strike","Armaments","Warcry","Double Tap","Trip+1","Inflame","Bloodletting","Warcry+1","Fiend Fire"],"relics":["Burning Blood","Calipers","PreservedInsect","Centennial Puzzle","Sundial","MerchantsRug","Champion Belt","Tiny House","TheAbacus","Omamori","Vajra","Happy Flower","Shovel","Blue Candle"],"acts_visited":["Exordium","TheCity"],"potions_floor_usage":[18],"damage_taken":[{"damage":0.0,"enemies":"Small Slimes","floor":1.0,"turns":2.0},{"damage":0.0,"enemies":"Cultist","floor":2.0,"turns":3.0},{"damage":0.0,"enemies":"2 Louse","floor":5.0,"turns":2.0},{"damage":19.0,"enemies":"3 Sentries","floor":6.0,"turns":6.0},{"damage":6.0,"enemies":"Looter","floor":7.0,"turns":3.0},{"damage":24.0,"enemies":"Lagavulin","floor":8.0,"turns":4.0},{"damage":18.0,"enemies":"Gremlin Nob","floor":10.0,"turns":3.0},{"damage":22.0,"enemies":"3 Sentries","floor":13.0,"turns":5.0},{"damage":17.0,"enemies":"The Guardian","floor":16.0,"turns":5.0},{"damage":9,"enemies":"3 Byrds","floor":18,"turns":4},{"damage":8,"enemies":"2 Thieves","floor":19,"turns":3},{"damage":26,"enemies":"Centurion and Healer","floor":22,"turns":3},{"damage":9,"enemies":"Gremlin Leader","floor":23,"turns":3},{"damage":6,"enemies":"3 Cultists","floor":24,"turns":4},{"damage":21,"enemies":"Slavers","floor":27,"turns":6},{"damage":4,"enemies":"Colosseum Slavers","floor":28,"turns":2},{"damage":8,"enemies":"Colosseum Nobs","floor":28,"turns":4},{"damage":13,"enemies":"Shelled Parasite and Fungi","floor":29,"turns":2},{"damage":18,"enemies":"Snake Plant","floor":30,"turns":3},{"damage":21,"enemies":"Sentry and Sphere","floor":31,"turns":2}],"seed_played":"1879274153398451141","potions_obtained":[{"floor":1.0,"key":"Explosive Potion"},{"floor":7.0,"key":"LiquidMemories"},{"floor":8.0,"key":"BlessingOfTheForge"},{"floor":10.0,"key":"Strength Potion"},{"floor":16.0,"key":"FearPotion"},{"floor":17.0,"key":"AttackPotion"},{"floor":19,"key":"Fire Potion"},{"floor":22,"key":"DistilledChaos"},{"floor":24,"key":"FearPotion"},{"floor":29,"key":"Dexterity Potion"},{"floor":30,"key":"SneckoOil"}],"is_trial":false,"path_per_floor":["M","M","?","?","M","E","M","E","T","E","$","?","E","?","R","B",null,"M","M","?","$","M","E","M","$","T","E","?","M","M","M"],"character_chosen":"IRONCLAD","items_purchased":["Trip","MerchantsRug","TheAbacus"],"campfire_rested":1,"item_purchase_floors":[11,11,21],"current_hp_per_floor":[42,48,53,85,85,72,72,54,54,42,42,25,9,9,34,23,75,72,70,70,70,50,47,47,47,47,32,32,25,13,0,0],"gold":273,"neow_bonus":"","is_daily":false,"chose_seed":false,"campfire_upgraded":0,"win_rate":0.0,"timestamp":1612024495,"path_taken":["M","M","?","?","M","E","?","E","T","E","?","?","E","?","R","BOSS","M","?","?","?","M","E","?","$","T","E","?","M","M","M"],"items_purchased_type":["Card","Relic","Relic"],"build_version":"2020-12-22","purchased_purges":2,"victory":false,"max_hp_per_floor":[80,80,85,85,85,85,85,85,85,85,85,85,85,85,85,85,90,90,90,90,90,90,90,90,90,90,90,90,90,90,90,90],"card_choices":[{"not_picked":["Battle Trance","Cleave"],"picked":"Pommel Strike","floor":1.0},{"not_picked":["Entrench","Clothesline"],"picked":"Armaments","floor":2.0},{"not_picked":["Infernal Blade","Warcry"],"picked":"Anger","floor":5.0},{"not_picked":["Sentinel","Clash"],"picked":"Warcry","floor":6.0},{"not_picked":["Wild Strike","Armaments","Rampage"],"picked":"SKIP","floor":7.0},{"not_picked":["Pummel","Headbutt"],"picked":"Double Tap","floor":8.0},{"not_picked":["Twin Strike","Wild Strike","Reckless Charge"],"picked":"SKIP","floor":10.0},{"not_picked":["Headbutt","Sword Boomerang"],"picked":"Inflame","floor":13.0},{"not_picked":["Twin Strike","Shrug It Off"],"picked":"Bloodletting","floor":17.0},{"not_picked":["Inflame+1","Armaments"],"picked":"Warcry+1","floor":18},{"not_picked":["Body Slam","Heavy Blade","Warcry"],"picked":"SKIP","floor":19},{"not_picked":["Reckless Charge","Sword Boomerang","Cleave"],"picked":"SKIP","floor":22},{"not_picked":["Body Slam","Power Through+1"],"picked":"Fiend Fire","floor":23},{"not_picked":["Cleave","Power Through","Flex"],"picked":"SKIP","floor":24},{"not_picked":["Twin Strike","Battle Trance","Exhume"],"picked":"SKIP","floor":27},{"not_picked":["Heavy Blade","Ghostly Armor","Cleave"],"picked":"SKIP","floor":29},{"not_picked":["Metallicize","Anger+1","Twin Strike"],"picked":"SKIP","floor":30}],"player_experience":123658,"relics_obtained":[{"floor":6.0,"key":"Calipers"},{"floor":8.0,"key":"PreservedInsect"},{"floor":9.0,"key":"Centennial Puzzle"},{"floor":10.0,"key":"Sundial"},{"floor":13.0,"key":"Champion Belt"},{"floor":23,"key":"Omamori"},{"floor":26,"key":"Vajra"},{"floor":27,"key":"Happy Flower"},{"floor":28,"key":"Shovel"},{"floor":28,"key":"Blue Candle"}],"event_choices":[{"damage_healed":0.0,"max_hp_gain":5.0,"max_hp_loss":0.0,"gold_gain":0.0,"event_name":"Big Fish","player_choice":"Donut","floor":3.0,"gold_loss":0.0,"damage_taken":0.0},{"damage_healed":32.0,"max_hp_gain":0.0,"max_hp_loss":0.0,"gold_gain":0.0,"event_name":"Wheel of Change","player_choice":"Full Heal","floor":4.0,"gold_loss":0.0,"damage_taken":0.0},{"damage_healed":0.0,"max_hp_gain":0.0,"max_hp_loss":0.0,"gold_gain":0.0,"event_name":"Shining Light","player_choice":"Entered Light","floor":12.0,"gold_loss":0.0,"damage_taken":17.0,"cards_upgraded":["Anger","Trip"]},{"damage_healed":0.0,"max_hp_gain":0.0,"max_hp_loss":0.0,"gold_gain":0.0,"event_name":"Accursed Blacksmith","player_choice":"Forge","floor":14.0,"gold_loss":0.0,"damage_taken":0.0,"cards_upgraded":["Rampage"]},{"damage_healed":0,"gold_gain":0,"player_choice":"0 cards matched","damage_taken":0,"max_hp_gain":0,"max_hp_loss":0,"event_name":"Match and Keep!","floor":20,"gold_loss":0,"cards_obtained":[]},{"damage_healed":0,"gold_gain":0,"player_choice":"Fight","damage_taken":0,"max_hp_gain":0,"max_hp_loss":0,"event_name":"Colosseum","floor":28,"gold_loss":0},{"damage_healed":0,"gold_gain":0,"player_choice":"Fought Nobs","damage_taken":0,"max_hp_gain":0,"max_hp_loss":0,"event_name":"Colosseum","floor":28,"gold_loss":0}],"is_beta":false,"boss_relics":[{"not_picked":["Pandora\u0027s Box","Philosopher\u0027s Stone"],"picked":"Tiny House"}],"items_purged_floors":[21,25],"is_endless":false,"potions_floor_spawned":[1,7,8,10,16,19,22,24,29,30],"killed_by":"Sentry and Sphere","ascension_level":6}}