{"host":"lktusdb9orijgc6z","time":1612041501,"event":{"mods":["BaseMod","Bestiary","Colored Map","Colored Powertips","Minty Spire (QoL Compilation)","Permanent Neow","Quick Restart","Relic Stats","StSLib","everything is the same but u backflip on backflip","slay the spire mod where everything is the same but ironclad has a cowboy hat"],"gold_per_floor":[115,115,115,134,147,147,160,191,191,266,266,33,50,66,66,141,141,161,172,172,172],"floor_reached":20,"language":"ENG","playtime":851,"items_purged":["Strike_B"],"score":352,"play_id":"cd6911cf-7130-4bcc-98c0-1509418e33da","local_time":"20210130221821","is_ascension_mode":true,"campfire_choices":[{"data":"Sweeping Beam","floor":6,"key":"SMITH"},{"floor":11,"key":"REST"},{"data":"Loop","floor":15,"key":"SMITH"}],"circlet_count":0,"master_deck":["AscendersBane","Strike_B","Strike_B","Strike_B","Defend_B","Defend_B","Defend_B","Defend_B","Zap","Dualcast","Sweeping Beam+1","Loop+1","Glacier","Streamline","Echo Form","Electrodynamics","Leap","Auto Shields","Multi-Cast","Heatsinks+1","Hologram"],"relics":["Cracked Core","Torii","FossilizedHelix","Ice Cream","Black Star"],"acts_visited":["Exordium","TheCity"],"potions_floor_usage":[8,19,19,19,20,20],"damage_taken":[{"damage":7,"enemies":"Cultist","floor":1,"turns":4},{"damage":8,"enemies":"Small Slimes","floor":4,"turns":3},{"damage":1,"enemies":"Jaw Worm","floor":5,"turns":3},{"damage":2,"enemies":"Red Slaver","floor":7,"turns":4},{"damage":12,"enemies":"Lagavulin","floor":8,"turns":9},{"damage":0,"enemies":"Blue Slaver","floor":13,"turns":3},{"damage":6,"enemies":"Large Slime","floor":14,"turns":4},{"damage":4,"enemies":"The Guardian","floor":16,"turns":13},{"damage":13,"enemies":"Spheric Guardian","floor":18,"turns":6},{"damage":28,"enemies":"3 Byrds","floor":19,"turns":5},{"damage":18,"enemies":"Snake Plant","floor":20,"turns":2}],"seed_played":"2976434599051385735","potions_obtained":[{"floor":7,"key":"GamblersBrew"},{"floor":13,"key":"SpeedPotion"},{"floor":14,"key":"EntropicBrew"},{"floor":19,"key":"Ancient Potion"}],"is_trial":false,"path_per_floor":["M","$","?","M","M","R","M","E","T","?","R","$","M","M","R","B",null,"M","M","M"],"character_chosen":"DEFECT","items_purchased":["Electrodynamics"],"campfire_rested":1,"item_purchase_floors":[12],"current_hp_per_floor":[39,39,39,31,30,30,28,16,16,5,26,26,26,20,20,16,57,44,16,0,0],"gold":172,"neow_bonus":"ONE_RARE_RELIC","is_daily":false,"chose_seed":false,"campfire_upgraded":2,"win_rate":0.0,"timestamp":1612041501,"path_taken":["M","?","?","M","M","R","M","E","T","?","R","?","M","?","R","BOSS","M","M","M"],"items_purchased_type":["Card"],"build_version":"2020-12-22","purchased_purges":1,"victory":false,"max_hp_per_floor":[71,71,71,71,71,71,71,71,71,71,71,71,71,71,71,71,71,71,71,71,71],"relic_stats":{"Torii":21,"counters":[11,55],"Black Star":0,"obtain_stats":[{"Ice Cream":9,"Torii":0,"Black Star":17,"Cracked Core":0,"FossilizedHelix":8},{"Ice Cream":5,"Torii":0,"Black Star":8,"Cracked Core":0,"FossilizedHelix":5},{"Ice Cream":23,"Torii":0,"Black Star":42,"Cracked Core":0,"FossilizedHelix":23}]},"card_choices":[{"not_picked":["Barrage","Stack"],"picked":"Sweeping Beam","floor":1},{"not_picked":["Gash","Capacitor"],"picked":"Loop","floor":4},{"not_picked":["Barrage","Conserve Battery"],"picked":"Glacier","floor":5},{"not_picked":["Hello World","Chaos"],"picked":"Streamline","floor":7},{"not_picked":["Cold Snap","Beam Cell"],"picked":"Echo Form","floor":8},{"not_picked":["Compile Driver","Streamline"],"picked":"Leap","floor":13},{"not_picked":["Conserve Battery","Hologram"],"picked":"Auto Shields","floor":14},{"not_picked":["Core Surge","Thunder Strike"],"picked":"Multi-Cast","floor":16},{"not_picked":["Steam","Scrape"],"picked":"Heatsinks+1","floor":18},{"not_picked":["Steam Power+1","Sweeping Beam"],"picked":"Hologram","floor":19}],"player_experience":722881,"relics_obtained":[{"floor":8,"key":"FossilizedHelix"},{"floor":9,"key":"Ice Cream"}],"event_choices":[{"damage_healed":0,"gold_gain":0,"player_choice":"Ignored","damage_taken":0,"max_hp_gain":0,"max_hp_loss":0,"event_name":"Liars Game","floor":3,"gold_loss":0},{"damage_healed":0,"gold_gain":75,"player_choice":"Gather Gold","damage_taken":11,"max_hp_gain":0,"max_hp_loss":0,"event_name":"World of Goop","floor":10,"gold_loss":0}],"is_beta":false,"boss_relics":[{"not_picked":["Sozu","FrozenCore"],"picked":"Black Star"}],"items_purged_floors":[12],"is_endless":false,"potions_floor_spawned":[7,13,14,19],"killed_by":"Snake Plant","ascension_level":20}}