{"host":"nw4g04f085wnqcgt","time":1612034064,"event":{"mods":["AchievementEnabler","BaseMod","Colored Map","Colored Powertips","DeckTracker","Minty Spire (QoL Compilation)","Relic Sorter","SuperFastMode"],"gold_per_floor":[113,113,288,63,80,80,180,208,255,280,51,65,92,92,92,199,199,225,125,154,154,176,220,220,254,307,335,361,361,361,380,380,475,475,498,526,538,560,580,580,1,29,29,29,0,27,37,72,72,72,72,72,43,70,70,70],"floor_reached":55,"language":"ENG","playtime":4154,"items_purged":["Doubt","Strike_G","Strike_G"],"score":939,"play_id":"4d0c7b96-4c6c-475a-b95a-2a872102bb8f","local_time":"20210130141424","is_ascension_mode":true,"campfire_choices":[{"floor":6,"key":"REST"},{"data":"Footwork","floor":15,"key":"SMITH"},{"floor":24,"key":"REST"},{"floor":30,"key":"REST"},{"floor":32,"key":"REST"},{"floor":40,"key":"REST"},{"floor":44,"key":"REST"},{"floor":49,"key":"RECALL"},{"floor":52,"key":"REST"}],"circlet_count":0,"master_deck":["Strike_G","Strike_G+1","Defend_G","Defend_G","Defend_G","Defend_G+1","Defend_G","Survivor","Neutralize","Blade Dance","Footwork+1","Blur","Dagger Throw","Escape Plan","Well Laid Plans","Infinite Blades","Blade Dance","Backflip","Envenom","PiercingWail+1","Catalyst","Cloak And Dagger+1","Choke+1","Footwork","Acrobatics","Dodge and Roll+1","Caltrops+1","Escape Plan+1","Deadly Poison+1","Footwork+1","Deadly Poison+1","Noxious Fumes"],"relics":["SacredBark","Lizard Tail","Bronze Scales","StoneCalendar","PreservedInsect","Darkstone Periapt","CeramicFish","Black Star","Ninja Scroll","Nunchaku","Shuriken","Ice Cream","Fusion Hammer","Ginger","Sling","Bag of Preparation","Regal Pillow","Mercury Hourglass","Red Mask","Whetstone","War Paint","HornCleat","Strawberry"],"acts_visited":["Exordium","TheCity","TheBeyond","TheEnding"],"potions_floor_usage":[8,22,23,25,27,27,28,33,33,33,38,39,42,42],"damage_taken":[{"damage":16,"enemies":"Jaw Worm","floor":1,"turns":9},{"damage":0,"enemies":"Cultist","floor":5,"turns":5},{"damage":12,"enemies":"Lagavulin","floor":8,"turns":11},{"damage":9,"enemies":"3 Sentries","floor":10,"turns":11},{"damage":0,"enemies":"Small Slimes","floor":12,"turns":4},{"damage":0,"enemies":"Lagavulin","floor":13,"turns":7},{"damage":6,"enemies":"The Guardian","floor":16,"turns":11},{"damage":2,"enemies":"Chosen","floor":18,"turns":7},{"damage":22,"enemies":"Shell Parasite","floor":20,"turns":7},{"damage":6,"enemies":"Snake Plant","floor":22,"turns":5},{"damage":18,"enemies":"Slavers","floor":23,"turns":7},{"damage":8,"enemies":"Book of Stabbing","floor":25,"turns":5},{"damage":8,"enemies":"Snecko","floor":27,"turns":6},{"damage":1,"enemies":"Shelled Parasite and Fungi","floor":28,"turns":6},{"damage":18,"enemies":"3 Cultists","floor":31,"turns":6},{"damage":48,"enemies":"Automaton","floor":33,"turns":10},{"damage":0,"enemies":"Orb Walker","floor":35,"turns":4},{"damage":13,"enemies":"3 Darklings","floor":36,"turns":6},{"damage":5,"enemies":"Jaw Worm Horde","floor":37,"turns":6},{"damage":15,"enemies":"Maw","floor":38,"turns":7},{"damage":12,"enemies":"Spire Growth","floor":39,"turns":7},{"damage":15,"enemies":"Reptomancer","floor":42,"turns":5},{"damage":11,"enemies":"Sphere and 2 Shapes","floor":46,"turns":5},{"damage":0,"enemies":"Transient","floor":47,"turns":5},{"damage":19,"enemies":"Giant Head","floor":48,"turns":7},{"damage":69,"enemies":"Awakened One","floor":50,"turns":14},{"damage":56,"enemies":"Shield and Spear","floor":54,"turns":6},{"damage":58,"enemies":"The Heart","floor":55,"turns":3}],"seed_played":"4088697048939851472","potions_obtained":[{"floor":5,"key":"CunningPotion"},{"floor":10,"key":"LiquidBronze"},{"floor":16,"key":"LiquidMemories"},{"floor":23,"key":"DistilledChaos"},{"floor":25,"key":"EntropicBrew"},{"floor":27,"key":"Swift Potion"},{"floor":31,"key":"Explosive Potion"},{"floor":33,"key":"Weak Potion"},{"floor":36,"key":"Dexterity Potion"},{"floor":38,"key":"Dexterity Potion"},{"floor":39,"key":"SteroidPotion"}],"is_trial":false,"path_per_floor":["M","?","?","$","M","R","?","E","T","E","$","M","E","T","R","B",null,"M","$","M","?","M","E","R","E","T","M","M","?","R","M","R","B",null,"M","M","M","M","M","R","$","E","T","R","?","M","M","E","R","B",null,"R","$","E","B"],"character_chosen":"THE_SILENT","items_purchased":["Footwork","Blur","PreservedInsect","Infinite Blades","Ginger","Sling","Noxious Fumes"],"campfire_rested":7,"item_purchase_floors":[4,4,11,11,41,41,53],"current_hp_per_floor":[54,47,47,47,47,68,68,56,56,47,47,47,47,47,47,41,70,68,68,46,46,40,22,43,35,35,27,26,26,47,29,50,2,70,70,57,52,37,25,46,46,31,31,67,67,56,56,37,37,9,70,70,70,21,0,0],"gold":70,"neow_bonus":"BOSS_RELIC","is_daily":false,"chose_seed":false,"campfire_upgraded":1,"win_rate":0.0,"timestamp":1612034064,"path_taken":["M","?","?","?","?","R","?","E","T","E","?","?","E","?","R","BOSS","M","$","M","?","M","E","R","E","T","M","M","?","R","M","R","BOSS","M","M","M","M","M","R","$","E","T","R","?","M","M","E","R","BOSS","R","$","E","BOSS"],"items_purchased_type":["Card","Card","Relic","Card","Relic","Relic","Card"],"build_version":"2020-12-22","purchased_purges":3,"victory":false,"max_hp_per_floor":[70,70,70,70,70,70,70,70,70,70,70,70,70,70,70,70,70,70,70,70,70,70,70,70,70,70,70,70,70,70,70,70,70,70,70,70,70,70,70,70,70,70,70,70,70,70,70,70,70,70,70,70,70,77,77,77],"card_choices":[{"not_picked":["Dodge and Roll","Terror"],"picked":"Blade Dance","floor":1},{"not_picked":["Flechettes","Backstab"],"picked":"Dagger Throw","floor":5},{"not_picked":["Skewer","Masterful Stab"],"picked":"Escape Plan","floor":8},{"not_picked":["Predator","Calculated Gamble"],"picked":"Well Laid Plans","floor":10},{"not_picked":["Sucker Punch","Bullet Time"],"picked":"Blade Dance","floor":12},{"not_picked":["Flying Knee","Deadly Poison"],"picked":"Backflip","floor":13},{"not_picked":["Wraith Form v2","Doppelganger"],"picked":"Envenom","floor":16},{"not_picked":["Slice","Dagger Throw"],"picked":"PiercingWail+1","floor":18},{"not_picked":["Deadly Poison","Dagger Throw"],"picked":"Catalyst","floor":20},{"not_picked":["Underhanded Strike+1","Caltrops+1"],"picked":"Cloak And Dagger+1","floor":22},{"not_picked":["Predator","Dodge and Roll"],"picked":"Choke","floor":23},{"not_picked":["Glass Knife","Poisoned Stab","Tactician"],"picked":"SKIP","floor":25},{"not_picked":["Dagger Spray","Poisoned Stab"],"picked":"Footwork","floor":27},{"not_picked":["Cloak And Dagger","Dagger Spray+1"],"picked":"Acrobatics","floor":28},{"not_picked":["Skewer","Setup"],"picked":"Dodge and Roll+1","floor":31},{"not_picked":["Reflex+1","Dagger Spray+1"],"picked":"Caltrops+1","floor":35},{"not_picked":["Bane+1","Backflip"],"picked":"Escape Plan+1","floor":36},{"not_picked":["Heel Hook","Flying Knee+1","Backflip"],"picked":"SKIP","floor":37},{"not_picked":["Tactician","Backflip"],"picked":"Deadly Poison","floor":38},{"not_picked":["Flying Knee+1","Sucker Punch+1"],"picked":"Footwork+1","floor":39},{"not_picked":["Concentrate+1","Quick Slash+1","Predator+1"],"picked":"SKIP","floor":42},{"not_picked":["Acrobatics","Sucker Punch"],"picked":"Deadly Poison+1","floor":46},{"not_picked":["Sucker Punch","Dagger Spray+1","Deflect+1"],"picked":"SKIP","floor":47},{"not_picked":["Leg Sweep+1","Masterful Stab+1","Expertise"],"picked":"SKIP","floor":48},{"not_picked":["Riddle With Holes+1","Dash+1","Slice+1"],"picked":"SKIP","floor":54}],"player_experience":369025,"relics_obtained":[{"floor":8,"key":"Lizard Tail"},{"floor":9,"key":"Bronze Scales"},{"floor":10,"key":"StoneCalendar"},{"floor":13,"key":"Darkstone Periapt"},{"floor":14,"key":"CeramicFish"},{"floor":23,"key":"Ninja Scroll"},{"floor":23,"key":"Nunchaku"},{"floor":25,"key":"Shuriken"},{"floor":25,"key":"Ice Cream"},{"floor":42,"key":"Bag of Preparation"},{"floor":42,"key":"Regal Pillow"},{"floor":43,"key":"Mercury Hourglass"},{"floor":48,"key":"Whetstone"},{"floor":48,"key":"War Paint"},{"floor":54,"key":"HornCleat"},{"floor":54,"key":"Strawberry"}],"event_choices":[{"cards_removed":["Strike_G"],"damage_healed":0,"gold_gain":0,"player_choice":"Card Removal","damage_taken":7,"max_hp_gain":0,"max_hp_loss":0,"event_name":"Golden Wing","floor":2,"gold_loss":0},{"damage_healed":0,"gold_gain":175,"player_choice":"AGREE","damage_taken":0,"max_hp_gain":0,"max_hp_loss":0,"event_name":"Liars Game","floor":3,"gold_loss":0,"cards_obtained":["Doubt"]},{"damage_healed":0,"gold_gain":100,"player_choice":"Gold","damage_taken":0,"max_hp_gain":0,"max_hp_loss":0,"event_name":"Wheel of Change","floor":7,"gold_loss":0},{"damage_healed":0,"gold_gain":0,"player_choice":"Ignored","damage_taken":0,"max_hp_gain":0,"max_hp_loss":0,"event_name":"The Mausoleum","floor":21,"gold_loss":0},{"damage_healed":0,"gold_gain":0,"player_choice":"Ignored","damage_taken":0,"max_hp_gain":0,"max_hp_loss":0,"event_name":"Ghosts","floor":29,"gold_loss":0},{"damage_healed":0,"gold_gain":0,"player_choice":"Paid","damage_taken":0,"relics_obtained":["Red Mask"],"max_hp_gain":0,"max_hp_loss":0,"event_name":"Tomb of Lord Red Mask","floor":45,"gold_loss":29}],"is_beta":false,"boss_relics":[{"not_picked":["Cursed Key","Runic Dome"],"picked":"Black Star"},{"not_picked":["Runic Pyramid","Empty Cage"],"picked":"Fusion Hammer"}],"items_purged_floors":[4,19,41],"is_endless":false,"potions_floor_spawned":[5,10,16,23,25,27,31,33,36,38,39],"killed_by":"The Heart","ascension_level":4}}