{"host":"takgv9cv6xf64vhq","time":1612002167,"event":{"mods":["BaseMod","Colored Powertips","Downfall","Hubris","LagranYue(拉格朗・月)","Marisa（F雨　魔理沙）","Minty Spire (QoL Compilation)","Replay The Spire","StSLib","The Animator","The Cursed","The Jungle","TheHeartMod"],"gold_per_floor":[110,110,285,305,305,305,335,355,355,43,77,97,109,129,129,228,228,239,239,239,262,147,147,147,180,206,206,206,206],"floor_reached":28,"language":"ZHS","playtime":2976,"items_purged":["Shame"],"score":267,"play_id":"9ae7d5d2-72c7-4ade-b5e9-9e50084e0b7e","local_time":"20210130182247","is_ascension_mode":true,"campfire_choices":[{"data":"Blur","floor":6.0,"key":"SMITH"},{"data":"Draining Mist","floor":15.0,"key":"SMITH"},{"data":"After Image","floor":23.0,"key":"SMITH"},{"data":"Fluid Movement","floor":27.0,"key":"SMITH"}],"circlet_count":0,"master_deck":["Strike_G","Strike_G","Strike_G","Strike_G","Strike_G","Defend_G","Defend_G","Defend_G","Defend_G","Defend_G","Survivor","Neutralize","Blur+1","Draining Mist+1","Blade Dance","PiercingWail","Endless Agony","Endless Agony","Die Die Die","PiercingWail","After Image+1","Sucker Punch+1","Fluid Movement+1","Blade Dance","ReplayTheSpireMod:IOU"],"relics":["NeowsBlessing","Sizzling Blood","Blue Candle","Garlic","Unceasing Top","Tiny Chest","Cursed Key","theJungle:BirthdayCakeSlice","theJungle:PaperFaux","Happy Flower","Spirit Poop","LagranYue:GuideDeadRelic","ReplayFunnel"],"acts_visited":["Exordium","Exordium"],"potions_floor_usage":[],"damage_taken":[{"damage":0.0,"enemies":"Small Slimes","floor":1.0,"turns":1.0},{"damage":0.0,"enemies":"Jaw Worm","floor":4.0,"turns":1.0},{"damage":9.0,"enemies":"3 Sentries","floor":7.0,"turns":2.0},{"damage":0.0,"enemies":"Cultist","floor":8.0,"turns":3.0},{"damage":26.0,"enemies":"Gremlin Nob","floor":11.0,"turns":6.0},{"damage":0.0,"enemies":"2 Fungi Beasts","floor":12.0,"turns":3.0},{"damage":0.0,"enemies":"3 Louse","floor":13.0,"turns":3.0},{"damage":6.0,"enemies":"Blue Slaver","floor":14.0,"turns":3.0},{"damage":54.0,"enemies":"The Guardian","floor":16.0,"turns":20.0},{"damage":8.0,"enemies":"theJungle:Flameango_and_Byrd","floor":18.0,"turns":7.0},{"damage":69.0,"enemies":"theJungle:MamaSnecko","floor":25.0,"turns":20.0},{"damage":0,"enemies":"theJungle:2_Phrogs","floor":28,"turns":1}],"seed_played":"6285173321299079087","potions_obtained":[{"floor":1.0,"key":"Energy Potion"},{"floor":12.0,"key":"champ:CounterPotion"},{"floor":18.0,"key":"Fire Potion"}],"is_trial":false,"path_per_floor":["M","?","?","M","?","R","E","M","T","$","E","M","M","M","R","B",null,"M","?","?","T","$","R","?","E","T","R","E"],"character_chosen":"THE_SILENT","items_purchased":["Unceasing Top","Fluid Movement"],"campfire_rested":0,"item_purchase_floors":[10,22],"current_hp_per_floor":[70,74,74,74,74,74,69,73,73,73,51,55,59,57,57,7,74,70,75,75,75,75,75,75,10,10,10,10,10],"gold":206,"neow_bonus":"THREE_ENEMY_KILL","is_daily":false,"chose_seed":false,"campfire_upgraded":4,"win_rate":0.0,"timestamp":1612002167,"path_taken":["M","?","?","M","?","R","E","M","T","$","E","?","M","M","R","BOSS","M","?","?","?","$","R","?","E","T","R","E"],"items_purchased_type":["Relic","Card"],"build_version":"2020-12-22","purchased_purges":1,"victory":false,"max_hp_per_floor":[70,74,74,74,74,74,74,74,74,74,74,74,74,74,74,74,74,74,79,79,79,79,79,79,79,79,79,79,79],"card_choices":[{"not_picked":["Prepared","hubris:SlightOfHand"],"picked":"Blur","floor":1.0},{"not_picked":["Blade Dance","Dagger Throw"],"picked":"Draining Mist","floor":4.0},{"not_picked":["Dagger Spray","Prepared"],"picked":"Blade Dance","floor":7.0},{"not_picked":["Slice","Flying Knee"],"picked":"PiercingWail","floor":8.0},{"not_picked":["hubris:Counter","Underhanded Strike"],"picked":"Endless Agony","floor":11.0},{"not_picked":["ReplayTheSpireMod:The Works","Sucker Punch"],"picked":"Endless Agony","floor":12.0},{"not_picked":["hubris:Counter","Poisoned Stab"],"picked":"Die Die Die","floor":13.0},{"not_picked":["Tactician","Backstab"],"picked":"PiercingWail","floor":14.0},{"not_picked":["Malaise","Adrenaline"],"picked":"After Image","floor":16.0},{"not_picked":["Deadly Poison","Slice"],"picked":"Sucker Punch+1","floor":18.0},{"not_picked":["PiercingWail","Sucker Punch"],"picked":"Blade Dance","floor":25.0}],"player_experience":228725,"relics_obtained":[{"floor":7.0,"key":"Blue Candle"},{"floor":9.0,"key":"Garlic"},{"floor":11.0,"key":"Tiny Chest"},{"floor":21.0,"key":"Happy Flower"},{"floor":25.0,"key":"LagranYue:GuideDeadRelic"},{"floor":26.0,"key":"ReplayFunnel"}],"event_choices":[{"damage_healed":0.0,"max_hp_gain":0.0,"max_hp_loss":0.0,"gold_gain":175.0,"event_name":"Liars Game","player_choice":"AGREE","floor":3.0,"gold_loss":0.0,"damage_taken":0.0,"cards_obtained":["Doubt"]},{"cards_removed":["Doubt"],"damage_healed":0.0,"max_hp_gain":0.0,"max_hp_loss":0.0,"gold_gain":0.0,"event_name":"Purifier","player_choice":"Purged","floor":5.0,"gold_loss":0.0,"damage_taken":0.0},{"cards_removed":["Shame"],"damage_healed":0.0,"max_hp_gain":0.0,"max_hp_loss":0.0,"gold_gain":0.0,"event_name":"Bonfire Elementals","player_choice":"Offered Curse","floor":24.0,"gold_loss":0.0,"damage_taken":0.0,"relics_obtained":["Spirit Poop"]}],"is_beta":false,"boss_relics":[{"not_picked":["Tiny House","Replay:Bronze Core"],"picked":"Cursed Key"}],"items_purged_floors":[22],"is_endless":false,"potions_floor_spawned":[1,12,18],"killed_by":"theJungle:2_Phrogs","ascension_level":2}}