{"host":"nxnzcl474ro3ewbj","time":1612045424,"event":{"mods":["2.2 Compatiblity","Act Like it!","BaseMod","Better Third Choice","Better-Laid Plans","Colored Map","Custom Start","Highlight Path","Keyboard Shortcuts","Minty Spire (QoL Compilation)","Quick Restart","Rare Cards Sparkle","Relic Stats","Shop Mod","Slay the Relics Exporter","StSLib","SuperFastMode"],"gold_per_floor":[218,368,293,308,308,308,339,339,339,393,405,405,405,60,60,60,60],"floor_reached":16,"language":"KOR","playtime":255,"items_purged":[],"score":178,"play_id":"c4285927-152b-43a3-beeb-7d4208bfbc97","local_time":"20210131072344","is_ascension_mode":true,"campfire_choices":[{"data":"Bash","floor":6.0,"key":"SMITH"},{"data":"True Grit","floor":8.0,"key":"SMITH"},{"data":"Battle Trance","floor":12.0,"key":"SMITH"},{"data":"Offering","floor":15,"key":"SMITH"}],"circlet_count":0,"master_deck":["AscendersBane","Strike_R","Strike_R","Strike_R","Strike_R","Strike_R","Defend_R","Defend_R","Defend_R","Defend_R","Bash+1","Sword Boomerang+1","Battle Trance+1","True Grit+1","Offering+1"],"relics":["Burning Blood","MealTicket","Singing Bowl","PreservedInsect","Frozen Egg 2"],"acts_visited":["Exordium"],"potions_floor_usage":[16],"damage_taken":[{"damage":7.0,"enemies":"Jaw Worm","floor":1.0,"turns":3.0},{"damage":7.0,"enemies":"Small Slimes","floor":4.0,"turns":3.0},{"damage":50.0,"enemies":"3 Sentries","floor":7.0,"turns":10.0},{"damage":14.0,"enemies":"2 Louse","floor":11.0,"turns":3.0},{"damage":66,"enemies":"The Guardian","floor":16,"turns":17}],"seed_played":"-5634567707669893202","potions_obtained":[{"floor":4.0,"key":"BloodPotion"},{"floor":7.0,"key":"FearPotion"}],"is_trial":false,"path_per_floor":["M","?","?","M","?","R","E","R","T","?","M","R","?","$","R","B"],"character_chosen":"IRONCLAD","items_purchased":["Frozen Egg 2","Offering"],"campfire_rested":0,"item_purchase_floors":[14,14],"current_hp_per_floor":[67,67,67,66,66,66,22,22,22,22,16,16,16,31,31,0,0],"gold":60,"neow_bonus":"HUNDRED_GOLD","is_daily":false,"chose_seed":false,"campfire_upgraded":4,"win_rate":0.0,"timestamp":1612045424,"path_taken":["M","?","?","M","?","R","E","R","T","?","M","R","?","$","R","BOSS"],"items_purchased_type":["Relic","Card"],"build_version":"2020-12-22","purchased_purges":0,"victory":false,"max_hp_per_floor":[75,75,75,75,75,75,75,75,75,75,77,77,77,77,77,77,77],"relic_stats":{"Singing Bowl":2,"counters":[5,36],"MealTicket":15,"PreservedInsect":0,"obtain_stats":[{"Singing Bowl":9,"MealTicket":7,"PreservedInsect":13,"Frozen Egg 2":14,"Burning Blood":0},{"Singing Bowl":3,"MealTicket":3,"PreservedInsect":4,"Frozen Egg 2":4,"Burning Blood":0},{"Singing Bowl":16,"MealTicket":16,"PreservedInsect":19,"Frozen Egg 2":19,"Burning Blood":0}],"Burning Blood":24},"card_choices":[{"not_picked":["Iron Wave","Shockwave"],"picked":"Sword Boomerang","floor":1.0},{"not_picked":["Flame Barrier","Sword Boomerang"],"picked":"Battle Trance","floor":4.0},{"not_picked":["Clash","Iron Wave"],"picked":"True Grit","floor":7.0},{"not_picked":["Headbutt","Clash","Rupture"],"picked":"Singing Bowl","floor":11.0}],"player_experience":83732,"relics_obtained":[{"floor":7.0,"key":"MealTicket"},{"floor":9.0,"key":"Singing Bowl"}],"event_choices":[{"damage_healed":0.0,"max_hp_gain":0.0,"max_hp_loss":0.0,"gold_gain":150.0,"event_name":"betterThird:BetterSerpent","player_choice":"AGREE","floor":2.0,"gold_loss":0.0,"damage_taken":218.0},{"cards_removed":["Doubt"],"damage_healed":0.0,"max_hp_gain":0.0,"max_hp_loss":0.0,"gold_gain":0.0,"event_name":"The Cleric","player_choice":"Card Removal","floor":3.0,"gold_loss":75.0,"damage_taken":0.0},{"damage_healed":0.0,"max_hp_gain":0.0,"max_hp_loss":0.0,"gold_gain":0.0,"event_name":"Living Wall","player_choice":"Grow","floor":5.0,"gold_loss":0.0,"damage_taken":0.0,"cards_upgraded":["Sword Boomerang"]},{"damage_healed":0.0,"max_hp_gain":0.0,"max_hp_loss":0.0,"gold_gain":54.0,"event_name":"Golden Wing","player_choice":"Gained Gold","floor":10.0,"gold_loss":0.0,"damage_taken":0.0},{"damage_healed":0.0,"max_hp_gain":0.0,"max_hp_loss":0.0,"gold_gain":0.0,"event_name":"WeMeetAgain","player_choice":"Gave Potion","floor":13.0,"gold_loss":0.0,"damage_taken":0.0,"relics_obtained":["PreservedInsect"]}],"is_beta":false,"boss_relics":[],"items_purged_floors":[],"is_endless":false,"potions_floor_spawned":[4,7],"killed_by":"The Guardian","ascension_level":17}}