{"host":"7iv10lxbxedtd0qh","time":1612024785,"event":{"mods":["BaseMod","Colored Map","Colored Powertips","Downfall","Minty Spire (QoL Compilation)","StSLib"],"gold_per_floor":[99,111,122,138,138,166,191,223,323,223,243,255,255,265,279,279,279,279],"floor_reached":16,"language":"ENG","playtime":714,"items_purged":[],"score":125,"play_id":"60547797-78f9-439c-9910-26f5a85d04ca","local_time":"20210130173945","is_ascension_mode":true,"campfire_choices":[{"data":"bronze:RecursiveStrike","floor":1,"key":"SMITH"},{"floor":10,"key":"REST"},{"data":"bronze:Flail","floor":13,"key":"SMITH"}],"circlet_count":0,"master_deck":["bronze:Strike","bronze:Strike","bronze:Strike","bronze:Strike","bronze:Defend","bronze:Defend","bronze:Defend","bronze:Defend","bronze:Replicate","bronze:Goto+1","bronze:RecursiveStrike+1","bronze:BuggyMess+1","bronze:Overheat","bronze:TinkerersToolbox","bronze:Assembly","bronze:Flail+1","bronze:Repair"],"relics":["bronze:BronzeCore","Lantern","War Paint","Nunchaku","downfall:HeartBlessingGreen"],"acts_visited":["Exordium"],"potions_floor_usage":[6,16,16],"damage_taken":[{"damage":2,"enemies":"2 Louse","floor":2,"turns":2},{"damage":4,"enemies":"Jaw Worm","floor":3,"turns":3},{"damage":1,"enemies":"Cultist","floor":4,"turns":3},{"damage":16,"enemies":"Gremlin Nob","floor":6,"turns":2},{"damage":31,"enemies":"Lagavulin","floor":8,"turns":4},{"damage":0,"enemies":"2 Fungi Beasts","floor":11,"turns":2},{"damage":0,"enemies":"Exordium Thugs","floor":12,"turns":1},{"damage":0,"enemies":"Large Slime","floor":14,"turns":2},{"damage":0,"enemies":"3 Louse","floor":15,"turns":1},{"damage":43,"enemies":"SI_SHIV_ARCHETYPE","floor":16,"turns":8}],"seed_played":"7980177376888114052","potions_obtained":[{"floor":2,"key":"champ:CounterPotion"},{"floor":6,"key":"Dexterity Potion"},{"floor":11,"key":"Slimebound:ThreeZeroPotion"},{"floor":12,"key":"Guardian:BlockOnCardUsePotion"},{"floor":14,"key":"BlessingOfTheForge"}],"is_trial":false,"path_per_floor":["R","M","M","M","?","E","T","E","?","R","M","M","R","M","M","B"],"character_chosen":"THE_AUTOMATON","items_purchased":[],"campfire_rested":1,"item_purchase_floors":[],"current_hp_per_floor":[63,61,57,56,61,45,45,14,14,34,34,34,34,34,34,0,0,0],"gold":279,"neow_bonus":"THREE_RARE_CARDS","is_daily":false,"chose_seed":false,"campfire_upgraded":2,"win_rate":0.0,"timestamp":1612024785,"path_taken":["R","M","M","M","?","E","T","E","?","R","M","M","R","M","M","BOSS"],"items_purchased_type":[],"build_version":"2020-12-22","purchased_purges":0,"victory":false,"max_hp_per_floor":[63,63,63,63,68,68,68,68,68,68,68,68,68,68,68,68,68,68],"card_choices":[{"not_picked":["bronze:CleanCode","bronze:Assembly"],"picked":"bronze:RecursiveStrike","floor":0},{"not_picked":["bronze:Safeguard","bronze:Deprecate"],"picked":"bronze:BuggyMess","floor":2},{"not_picked":["bronze:Turbo","bronze:DelayedSlice"],"picked":"bronze:Overheat","floor":3},{"not_picked":["bronze:Refactor","bronze:Separator"],"picked":"bronze:TinkerersToolbox","floor":4},{"not_picked":["bronze:Return","bronze:Constructor"],"picked":"bronze:Assembly","floor":6},{"not_picked":["bronze:Separator","bronze:FineTuning"],"picked":"bronze:Flail","floor":8},{"not_picked":["bronze:Refactor","bronze:OilSpill","bronze:DelayedSlice"],"picked":"SKIP","floor":11},{"not_picked":["bronze:DelayedSlice","bronze:ChildClass","bronze:Fortify"],"picked":"SKIP","floor":12},{"not_picked":["bronze:CutThrough","bronze:GetLatest","bronze:ThunderWave"],"picked":"SKIP","floor":14},{"not_picked":["bronze:Refactor","bronze:BuggyMess"],"picked":"bronze:Repair","floor":15}],"player_experience":743891,"relics_obtained":[{"floor":6,"key":"Lantern"},{"floor":7,"key":"War Paint"},{"floor":8,"key":"Nunchaku"}],"event_choices":[{"damage_healed":0,"gold_gain":0,"player_choice":"Donut","damage_taken":0,"max_hp_gain":5,"max_hp_loss":0,"event_name":"Big Fish","floor":5,"gold_loss":0}],"is_beta":false,"boss_relics":[],"items_purged_floors":[],"is_endless":false,"potions_floor_spawned":[2,6,11,12,14],"killed_by":"SI_SHIV_ARCHETYPE","ascension_level":2}}