{"host":"z8galgznf6llawpn","time":1612020059,"event":{"mods":["AchievementEnabler","Act Like it!","Aspiration","BaseMod","Better Match","Better Note","Better Third Choice","Clawfect","Colored Map","Defuse TimeMaze Blight","Energized Spire","Friendly Minions","Hubris","Minty Spire (QoL Compilation)","Permanent Neow","Replay The Spire","StSLib","Unceasing Turn Reminder"],"gold_per_floor":[118,118,133,179,198,228,228,258,258,286,351,450,526,582,582,770,770,849,849,911,971,971,1054,1120,1208,1233,1233,1233,1233,1343,1393,1393,1602,1552,1639,794,878,878,878,878,975,1121,1121,1271,1330,1330,1458,117,117,282,282,282,5,122,307],"floor_reached":56,"language":"ENG","playtime":3697,"items_purged":[],"score":1734,"play_id":"7b454a14-7eb2-4d8c-9e12-853309c8d479","local_time":"20210130102059","is_ascension_mode":true,"campfire_choices":[{"data":"Hologram","floor":7.0,"key":"SMITH"},{"data":"Capacitor","floor":15.0,"key":"SMITH"},{"data":"Clawfect:Clawrage","floor":28.0,"key":"SMITH"},{"data":"Aggregate","floor":32.0,"key":"SMITH"},{"floor":40.0,"key":"RECALL"},{"data":"Defragment","floor":46,"key":"SMITH"},{"data":"Creative AI","floor":52,"key":"SMITH"}],"circlet_count":0,"master_deck":["Gash","Gash","Gash","Gash+1","Gash","Defend_B","Defend_B","Defend_B","Defend_B","Defend_B","Clawfect:ClawSnap","Hologram+1","Clawfect:ClawingBeam","Clawfect:ClawLightning","Clawfect:ClawCell","Storm+1","Heatsinks","Clawfect:ClawSnap","Static Discharge+1","Chill","White Noise+1","Clawfect:Clawrage+1","Clawfect:Clawrage+1","ReplayTheSpireMod:Calculation Training","Leap","Aggregate+1","Capacitor","Clawfect:ClawAndGloom","Reboot","Strike_B","Defragment+1","CurseOfTheBell","Defragment+1","Clawfect:ClawForTheEyes+1","Clawfect:Clawrage+1","Capacitor","Core Surge","Clawfect:ClawAndTear","Storm","Clawfect:ClawSnap+1","Clawfect:Clawrage+1","Clawfect:ClawSnap","Leap+1","Gash+1","Skim+1","Creative AI+1","Clawfect:Clawrage+1","Clawfect:ClawCell"],"relics":["hubris:ScarierMask","hubris:Towel","DataDisk","Strawberry","Kunai","hubris:GlazedTorus","Replay:Bandana","Boot","Black Star","Prayer Wheel","hubris:RGBLights","Juzu Bracelet","Vajra","Prayer Wheel","Replay:Ringing Soul","Oddly Smooth Stone","Replay:Wax Seal","Chameleon Ring","Replay:Kaleidoscope","Replay:Grab Bag","energizedSpire:HugeHouse","energizedSpire:MagnifyingGlass","aspiration:PoetsPen_weak","Calling Bell","Smiling Mask","hubris:SphereOfDissonance","hubris:Zylophone","Toolbox","Omamori","StoneCalendar","aspiration:EnhancedActuators","aspiration:Lifesprig","hubris:SlimyHat","The Courier","Prayer Wheel","Regal Pillow","MealTicket","Runic Capacitor","Replay:Rubber Ducky","hubris:PeanutButter","Potion Belt","Bag of Preparation","Ginger","Whetstone","Singing Bowl","DollysMirror","Blue Doll","aspiration:FetidBarrel","ReplayFunnel"],"acts_visited":["Exordium","TheCity","TheBeyond","TheEnding"],"potions_floor_usage":[50,54],"damage_taken":[{"damage":0.0,"enemies":"2 Louse","floor":1.0,"turns":3.0},{"damage":4.0,"enemies":"Jaw Worm","floor":3.0,"turns":4.0},{"damage":4.0,"enemies":"Small Slimes","floor":5.0,"turns":3.0},{"damage":25.0,"enemies":"Gremlin Nob","floor":6.0,"turns":4.0},{"damage":0.0,"enemies":"Lagavulin","floor":8.0,"turns":5.0},{"damage":6.0,"enemies":"Replay:BlueRogue","floor":10.0,"turns":5.0},{"damage":0.0,"enemies":"Exordium Wildlife","floor":11.0,"turns":3.0},{"damage":0.0,"enemies":"3 Sentries","floor":12.0,"turns":5.0},{"damage":0.0,"enemies":"Large Slime","floor":13.0,"turns":4.0},{"damage":0.0,"enemies":"3 Louse","floor":14.0,"turns":3.0},{"damage":4.0,"enemies":"The Guardian","floor":16.0,"turns":6.0},{"damage":12.0,"enemies":"Chosen","floor":18.0,"turns":6.0},{"damage":4.0,"enemies":"2 Thieves","floor":20.0,"turns":3.0},{"damage":11.0,"enemies":"Centurion and Healer","floor":21.0,"turns":4.0},{"damage":9.0,"enemies":"Gremlin Leader","floor":23.0,"turns":4.0},{"damage":0.0,"enemies":"3 Cultists","floor":24.0,"turns":3.0},{"damage":15.0,"enemies":"Book of Stabbing","floor":25.0,"turns":4.0},{"damage":14.0,"enemies":"Gremlin Leader","floor":30.0,"turns":4.0},{"damage":0.0,"enemies":"Sentry and Sphere","floor":31.0,"turns":2.0},{"damage":22.0,"enemies":"Collector","floor":33.0,"turns":5.0},{"damage":4.0,"enemies":"3 Darklings","floor":35.0,"turns":4.0},{"damage":25.0,"enemies":"3 Shapes","floor":37.0,"turns":2.0},{"damage":1.0,"enemies":"3 Darklings","floor":41.0,"turns":2.0},{"damage":0.0,"enemies":"R_Hoarder","floor":42.0,"turns":4.0},{"damage":0,"enemies":"Giant Head","floor":44,"turns":4},{"damage":19,"enemies":"Sphere and 2 Shapes","floor":45,"turns":3},{"damage":15,"enemies":"R_Hoarder","floor":47,"turns":5},{"damage":0,"enemies":"Awakened One","floor":50,"turns":4},{"damage":0,"enemies":"Shield and Spear","floor":54,"turns":2},{"damage":7,"enemies":"The Heart","floor":55,"turns":6}],"seed_played":"-4739266419273782730","potions_obtained":[{"floor":1.0,"key":"SkillPotion"},{"floor":8.0,"key":"DuplicationPotion"},{"floor":10.0,"key":"Venom Potion"},{"floor":12.0,"key":"Swift Potion"},{"floor":13.0,"key":"Fruit Juice"},{"floor":16.0,"key":"Energy Potion"},{"floor":24.0,"key":"DuplicationPotion"},{"floor":35.0,"key":"DistilledChaos"},{"floor":49,"key":"LiquidMemories"},{"floor":49,"key":"Venom Potion"}],"is_trial":false,"path_per_floor":["M","?","M","T","M","E","R","E","T","E","M","E","M","M","R","B",null,"M","?","M","M","?","E","M","E","T","?","R","?","E","M","R","B",null,"M","$","M","?","?","R","M","E","T","E","M","R","E","$","R","B",null,"R","$","E","B",null],"character_chosen":"DEFECT","items_purchased":["Toolbox","Omamori","StoneCalendar","Capacitor","Core Surge","Clawfect:ClawAndTear","Runic Capacitor","Replay:Rubber Ducky","hubris:PeanutButter","Creative AI","Potion Belt","Bag of Preparation","Ginger","Whetstone","Singing Bowl","DollysMirror","Blue Doll","Clawfect:ClawCell"],"campfire_rested":0,"item_purchase_floors":[36,36,36,36,36,36,48,48,48,48,48,48,48,48,48,53,53,53],"current_hp_per_floor":[75,75,71,71,67,49,49,49,49,43,43,43,48,48,48,44,87,75,75,71,60,60,51,51,39,39,33,33,36,25,28,28,9,100,99,102,80,86,89,89,91,91,91,91,75,75,63,81,81,81,124,124,127,129,122],"gold":307,"neow_bonus":"BOSS_RELIC","is_daily":false,"chose_seed":false,"campfire_upgraded":6,"win_rate":0.0,"timestamp":1612020059,"path_taken":["M","?","M","?","M","E","R","E","T","E","M","E","M","M","R","BOSS","M","?","?","M","?","E","M","E","T","?","R","?","E","M","R","BOSS","M","$","M","?","?","R","M","E","T","E","M","R","E","$","R","BOSS","R","$","E","BOSS"],"items_purchased_type":["Relic","Relic","Relic","Card","Card","Card","Relic","Relic","Relic","Card","Relic","Relic","Relic","Relic","Relic","Relic","Relic","Card"],"build_version":"2020-12-22","purchased_purges":0,"victory":true,"max_hp_per_floor":[75,75,75,75,75,82,82,82,82,82,82,82,87,87,87,87,87,87,87,87,87,87,87,87,90,90,90,90,93,96,99,99,102,100,103,106,109,112,112,112,115,115,115,115,118,118,121,124,124,124,124,124,127,129,129],"card_choices":[{"not_picked":["Rebound","Clawfect:Clawter"],"picked":"Clawfect:ClawSnap","floor":1.0},{"not_picked":["Steam","Skim"],"picked":"Hologram","floor":3.0},{"not_picked":["ReplayGash","Turbo"],"picked":"Clawfect:ClawingBeam","floor":5.0},{"not_picked":["ReplayTheSpireMod:System Scan","Reprogram","Stack"],"picked":"SKIP","floor":6.0},{"not_picked":["Meteor Strike","Steam","Electrodynamics"],"picked":"SKIP","floor":8.0},{"not_picked":["Steam Power","Steam","Redo"],"picked":"SKIP","floor":10.0},{"not_picked":["ReplayTheSpireMod:GoodbyeWorld","FTL"],"picked":"Capacitor","floor":11.0},{"not_picked":["Redo","hubris:PowerSurge"],"picked":"Clawfect:ClawLightning","floor":12.0},{"not_picked":["Clawfect:ClawpileDriver","Auto Shields","ReplayTheSpireMod:Reroute Power"],"picked":"SKIP","floor":13.0},{"not_picked":["Clawfect:ClawForTheEyes","Hologram"],"picked":"Clawfect:ClawCell","floor":14.0},{"not_picked":["hubris:SpecializedCircuitry","Amplify"],"picked":"ReplayTheSpireMod:Fabricate Wheel","floor":16.0},{"not_picked":["Clawfect:Clawline+1","Coolheaded"],"picked":"Storm","floor":18.0},{"not_picked":["Panic Button+1","Auto Shields+1"],"picked":"Heatsinks","floor":18.0},{"not_picked":["BasicCrystalCard","Gash"],"picked":"Clawfect:ClawSnap","floor":20.0},{"not_picked":["Skim","Crystallizer"],"picked":"Static Discharge+1","floor":20.0},{"not_picked":["Skim","Clawfect:ScrapingClaw"],"picked":"Chill","floor":21.0},{"not_picked":["Auto Shields","ReplayTheSpireMod:Calculation Training+1"],"picked":"White Noise+1","floor":21.0},{"not_picked":["Undo","Sunder+1"],"picked":"Clawfect:Clawrage","floor":23.0},{"not_picked":["Gash+1","Tempest"],"picked":"ReplayTheSpireMod:Fabricate Wheel","floor":24.0},{"not_picked":["FIFO Queue+1","BootSequence"],"picked":"Clawfect:Clawrage","floor":24.0},{"not_picked":["Stack","ReplayTheSpireMod:Reroute Power"],"picked":"Coolheaded","floor":25.0},{"not_picked":["Buffer","FTL"],"picked":"Leap","floor":30.0},{"not_picked":["Panic Button+1","Clawfect:ClawingBeam+1"],"picked":"Aggregate","floor":31.0},{"not_picked":["Consume","Clawfect:ScrapingClaw"],"picked":"Capacitor","floor":31.0},{"not_picked":["Reinforced Body+1","Turbo+1"],"picked":"Clawfect:ClawAndGloom","floor":31.0},{"not_picked":["Meteor Strike","Biased Cognition"],"picked":"Reboot","floor":33.0},{"not_picked":["ReplaySolidLightProjector+1","Clawfect:Clawter"],"picked":"Defragment+1","floor":35.0},{"not_picked":["Steam","hubris:PowerSurge"],"picked":"Clawfect:ClawForTheEyes+1","floor":35.0},{"not_picked":["Clawfect:ClawForTheEyes","Clawfect:Clawter+1"],"picked":"Clawfect:Clawrage+1","floor":35.0},{"not_picked":["Rebound+1","Clawfect:ClawCell"],"picked":"Storm","floor":37.0},{"not_picked":["Steam+1","Stack+1"],"picked":"Clawfect:ClawSnap+1","floor":37.0},{"not_picked":["hubris:Ukulele+1","Steam","Undo"],"picked":"SKIP","floor":37.0},{"not_picked":["hubris:PowerSurge+1","Hologram+1"],"picked":"Clawfect:ClawSnap","floor":41.0},{"not_picked":["ReplayGash","ReplayTheSpireMod:Reroute Power+1","ReplayTheSpireMod:Repulse+1"],"picked":"SKIP","floor":41.0},{"not_picked":["Time Bomb","Hello World+1","Coolheaded"],"picked":"SKIP","floor":41.0},{"not_picked":["Leap+1","Blizzard","Panic Button"],"picked":"SKIP","floor":42.0},{"not_picked":["Panic Button","hubris:Ukulele","ReplayTheSpireMod:GoodbyeWorld"],"picked":"SKIP","floor":44},{"not_picked":["Clawfect:Clawter+1","Clawfect:ClawSnap+1"],"picked":"Leap+1","floor":45},{"not_picked":["Turbo+1","FIFO Queue+1"],"picked":"Gash+1","floor":45},{"not_picked":["Clawfect:ScrapingClaw","Clawfect:Clawline","Clawfect:Clawter"],"picked":"SKIP","floor":45},{"not_picked":["Clawfect:ScrapingClaw","Gash+1"],"picked":"Skim+1","floor":47},{"not_picked":["Clawfect:Clawrage","Capacitor","Clawfect:ClawpileDriver+1"],"picked":"Singing Bowl","floor":54}],"player_experience":386905,"relics_obtained":[{"floor":4.0,"key":"DataDisk"},{"floor":6.0,"key":"Strawberry"},{"floor":8.0,"key":"Kunai"},{"floor":9.0,"key":"hubris:GlazedTorus"},{"floor":10.0,"key":"Replay:Bandana"},{"floor":12.0,"key":"Boot"},{"floor":23.0,"key":"Juzu Bracelet"},{"floor":23.0,"key":"Vajra"},{"floor":25.0,"key":"Replay:Ringing Soul"},{"floor":25.0,"key":"Oddly Smooth Stone"},{"floor":26.0,"key":"Replay:Wax Seal"},{"floor":30.0,"key":"Chameleon Ring"},{"floor":30.0,"key":"Replay:Kaleidoscope"},{"floor":34.0,"key":"Smiling Mask"},{"floor":34.0,"key":"hubris:SphereOfDissonance"},{"floor":34.0,"key":"hubris:Zylophone"},{"floor":42.0,"key":"aspiration:EnhancedActuators"},{"floor":42.0,"key":"aspiration:Lifesprig"},{"floor":44,"key":"hubris:SlimyHat"},{"floor":44,"key":"The Courier"},{"floor":47,"key":"Regal Pillow"},{"floor":47,"key":"MealTicket"},{"floor":54,"key":"aspiration:FetidBarrel"},{"floor":54,"key":"ReplayFunnel"}],"event_choices":[{"damage_healed":0.0,"max_hp_gain":0.0,"max_hp_loss":0.0,"gold_gain":0.0,"event_name":"Accursed Blacksmith","player_choice":"Forge","floor":19.0,"gold_loss":0.0,"damage_taken":0.0,"cards_upgraded":["Storm"]},{"damage_healed":0.0,"max_hp_gain":0.0,"max_hp_loss":0.0,"gold_gain":0.0,"event_name":"WeMeetAgain","player_choice":"Gave Potion","floor":22.0,"gold_loss":0.0,"damage_taken":0.0,"relics_obtained":["hubris:RGBLights"]},{"damage_healed":0.0,"max_hp_gain":0.0,"max_hp_loss":0.0,"gold_gain":0.0,"event_name":"Knowing Skull","player_choice":"","floor":27.0,"potions_obtained":[],"gold_loss":0.0,"damage_taken":6.0,"cards_obtained":[]},{"damage_healed":0.0,"max_hp_gain":0.0,"max_hp_loss":0.0,"gold_gain":0.0,"cards_transformed":["Coolheaded"],"event_name":"Transmorgrifier","player_choice":"Transformed","floor":29.0,"gold_loss":0.0,"damage_taken":0.0,"cards_obtained":["ReplayTheSpireMod:Calculation Training"]},{"damage_healed":0.0,"max_hp_gain":0.0,"max_hp_loss":0.0,"gold_gain":0.0,"event_name":"Duplicator","player_choice":"Copied","floor":38.0,"gold_loss":0.0,"damage_taken":0.0,"cards_obtained":["Clawfect:Clawrage"]},{"cards_removed":["Clawfect:ClawAndTear"],"damage_healed":0.0,"max_hp_gain":0.0,"max_hp_loss":0.0,"gold_gain":0.0,"event_name":"Purifier","player_choice":"Purged","floor":39.0,"gold_loss":0.0,"damage_taken":0.0}],"is_beta":false,"boss_relics":[{"not_picked":["Philosopher\u0027s Stone","Painkiller Herb"],"picked":"Black Star"},{"not_picked":["hubris:Stopwatch","Sozu"],"picked":"Replay:Grab Bag"},{"not_picked":["energizedSpire:StickyHand","ReplayTheSpireMod:Onyx Gauntlets"],"picked":"energizedSpire:HugeHouse"},{"not_picked":["energizedSpire:OldTV","energizedSpire:DeadBattery"],"picked":"energizedSpire:MagnifyingGlass"},{"not_picked":["Astrolabe","aspiration:RitualDagger"],"picked":"aspiration:PoetsPen_weak"},{"not_picked":["Ring of Chaos","Pandora\u0027s Box"],"picked":"Calling Bell"}],"items_purged_floors":[],"is_endless":false,"potions_floor_spawned":[1,8,10,12,13,16,18,20,24,31,35,44,45],"ascension_level":1}}