{"host":"684z1xpuwaoqmmh1","time":1612022290,"event":{"mods":["BaseMod","Downfall","Hermit","Jorbs\u0027s Wanderer Trilogy","Marisa????????","Minty Spire (QoL Compilation)","Robot Space Explorer","Shade Mod","StSLib","The Bug Knight","The Cursed","The Dragon Tamer","The Hayseed","The Hierophant","The Marked","The Mystic","The Runesmith","The Senshi"],"gold_per_floor":[110,120,120,120,139,139,167,167,167,193,193,221,221,256,256,353,353,341,341,75,75,89,89,123,123,178,204,220,236,266,279,279,383,383,394,410,11,22,72,106,106,131,131,131,148,179,190,204,204,204,204,204,56,88,88],"floor_reached":56,"language":"ENG","playtime":3672,"items_purged":["Pain","Runesmith:Defend_RS"],"score":1975,"play_id":"ee669fb5-82c5-4091-87c7-1bc7e2c811cc","local_time":"20210130175810","is_ascension_mode":true,"campfire_choices":[{"data":"Runesmith:PoweredAnvil","floor":6,"key":"SMITH"},{"data":"Runesmith:CraftFirestone","floor":8,"key":"SMITH"},{"data":"Runesmith:CraftObretio","floor":13,"key":"SMITH"},{"data":"Runesmith:BackupBattery","floor":15,"key":"SMITH"},{"floor":23,"key":"RECALL"},{"floor":25,"key":"REST"},{"floor":32,"key":"REST"},{"floor":41,"key":"REST"},{"floor":44,"key":"REST"},{"floor":49,"key":"REST"},{"floor":52,"key":"REST"}],"circlet_count":0,"master_deck":["Runesmith:Strike_RS","Runesmith:Strike_RS+1","Runesmith:Strike_RS","Runesmith:Defend_RS+1","Runesmith:Defend_RS","Runesmith:Defend_RS","Runesmith:CraftFirestone+1","Runesmith:Fortify","Runesmith:LightningRod","Runesmith:Firewall","Runesmith:PoweredAnvil+1","Runesmith:CraftObretio+1","Runesmith:FissionHammer","Runesmith:ChiselStab","Runesmith:BackupBattery+1","Runesmith:CreatorForm","Runesmith:RuneHurl+1","Runesmith:Permafrost","Runesmith:Firewall","Runesmith:CraftObretio","Runesmith:Firestorm","Runesmith:CraftIndustria","Runesmith:NanitesCloud","Runesmith:CraftPrismatica","Runesmith:LithiumIon+1","Runesmith:CraftMedicinae","Runesmith:Accelerate","Runesmith:Accelerate+1"],"relics":["Runesmith:BrokenRuby","Thread and Needle","Pocketwatch","Runesmith:EmergencyProvisions","Ice Cream","HollowMod:PaleOreRelic","Letter Opener","Fusion Hammer","WarpedTongs","Vajra","Oddly Smooth Stone","Incense Burner","Red Mask","sneckomod:SneckoTalon","Medical Kit","Bag of Preparation","Lizard Tail","StrikeDummy","Toy Ornithopter","theSenshi:SuperSailorFukuRelic","Ancient Tea Set","Strawberry","bronze:BronzeIdol"],"acts_visited":["Exordium","TheCity","TheBeyond","TheEnding"],"potions_floor_usage":[7,18,30,42,55,55,55],"damage_taken":[{"damage":1,"enemies":"2 Louse","floor":1,"turns":4},{"damage":0,"enemies":"Small Slimes","floor":2,"turns":6},{"damage":0,"enemies":"Cultist","floor":5,"turns":5},{"damage":0,"enemies":"Lagavulin","floor":7,"turns":8},{"damage":30,"enemies":"Gremlin Nob","floor":10,"turns":6},{"damage":0,"enemies":"HollowMod:MossKnight","floor":12,"turns":8},{"damage":4,"enemies":"Gremlin Nob","floor":14,"turns":3},{"damage":0,"enemies":"Slime Boss","floor":16,"turns":8},{"damage":4,"enemies":"2 Thieves","floor":18,"turns":4},{"damage":0,"enemies":"Chosen","floor":22,"turns":4},{"damage":0,"enemies":"Book of Stabbing","floor":24,"turns":6},{"damage":2,"enemies":"Slavers","floor":27,"turns":7},{"damage":0,"enemies":"Shelled Parasite and Fungi","floor":28,"turns":9},{"damage":0,"enemies":"Cultist and Chosen","floor":29,"turns":5},{"damage":0,"enemies":"Masked Bandits","floor":30,"turns":5},{"damage":0,"enemies":"Chosen and Byrds","floor":31,"turns":7},{"damage":0,"enemies":"Champ","floor":33,"turns":10},{"damage":0,"enemies":"3 Darklings","floor":35,"turns":5},{"damage":9,"enemies":"3 Shapes","floor":36,"turns":3},{"damage":11,"enemies":"Jaw Worm Horde","floor":38,"turns":5},{"damage":0,"enemies":"Mind Bloom Boss Battle","floor":39,"turns":5},{"damage":39,"enemies":"Nemesis","floor":40,"turns":6},{"damage":7,"enemies":"Reptomancer","floor":42,"turns":7},{"damage":0,"enemies":"3 Darklings","floor":45,"turns":6},{"damage":4,"enemies":"Nemesis","floor":46,"turns":6},{"damage":0,"enemies":"Writhing Mass","floor":47,"turns":6},{"damage":0,"enemies":"Transient","floor":48,"turns":5},{"damage":0,"enemies":"Awakened One","floor":50,"turns":17},{"damage":0,"enemies":"Shield and Spear","floor":54,"turns":6},{"damage":49,"enemies":"The Heart","floor":55,"turns":11}],"seed_played":"-3012374626363586672","potions_obtained":[{"floor":1,"key":"SkillPotion"},{"floor":2,"key":"Regen Potion"},{"floor":16,"key":"FairyPotion"},{"floor":22,"key":"FearPotion"},{"floor":24,"key":"bronze:BurnAndBuffPotion"},{"floor":27,"key":"Fire Potion"},{"floor":36,"key":"Strength Potion"},{"floor":38,"key":"Explosive Potion"},{"floor":42,"key":"SpeedPotion"},{"floor":46,"key":"Ancient Potion"}],"is_trial":false,"path_per_floor":["M","M","?","?","M","R","E","R","T","E","?","E","R","E","R","B",null,"M","?","$","?","M","R","E","R","T","E","M","M","?","M","R","B",null,"M","M","$","M","?","E","R","E","T","R","M","E","M","M","R","B",null,"R","$","E","B",null],"character_chosen":"RUNESMITH_CLASS","items_purchased":["Runesmith:Permafrost","Vajra","Medical Kit","Bag of Preparation","Strawberry"],"campfire_rested":6,"item_purchase_floors":[20,20,37,37,53],"current_hp_per_floor":[62,62,48,41,41,41,56,56,56,26,23,23,23,19,19,19,57,53,53,53,53,53,53,53,70,70,68,68,68,68,68,70,70,70,70,61,61,50,64,28,49,45,45,66,70,66,69,69,70,70,70,70,77,77,40],"gold":88,"neow_bonus":"ONE_RANDOM_RARE_CARD","is_daily":false,"chose_seed":false,"campfire_upgraded":4,"win_rate":0.0,"timestamp":1612022290,"path_taken":["M","M","?","?","M","R","E","R","T","E","?","E","R","E","R","BOSS","M","?","?","?","M","R","E","R","T","E","M","M","?","M","R","BOSS","M","M","$","M","?","E","R","E","T","R","M","E","M","M","R","BOSS","R","$","E","BOSS"],"items_purchased_type":["Card","Relic","Relic","Relic","Relic"],"build_version":"2020-12-22","purchased_purges":2,"victory":true,"max_hp_per_floor":[70,70,70,70,70,70,70,70,70,70,70,70,70,70,70,70,70,70,70,70,70,70,70,70,70,70,70,70,70,70,70,70,70,70,70,70,70,70,70,70,70,70,70,70,70,70,70,70,70,70,70,70,77,77,77],"card_choices":[{"not_picked":["Runesmith:EnergizedChisel","Runesmith:ChiselStab"],"picked":"Runesmith:Firewall","floor":1},{"not_picked":["Runesmith:ShiftingStrike","Runesmith:EarthShield"],"picked":"Runesmith:PoweredAnvil","floor":2},{"not_picked":["Runesmith:Repurpose","Runesmith:MakeshiftArmor","Runesmith:WhiteBalance"],"picked":"SKIP","floor":5},{"not_picked":["Runesmith:HammerTime","Runesmith:ChaoticBlast"],"picked":"Runesmith:CraftObretio","floor":7},{"not_picked":["Runesmith:BackupBattery","Runesmith:CraftProtectio"],"picked":"Runesmith:FissionHammer","floor":10},{"not_picked":["Runesmith:StaticCage","Runesmith:PoweredAnvil"],"picked":"Runesmith:ChiselStab","floor":12},{"not_picked":["Runesmith:Grindstone","Runesmith:CraftVitae"],"picked":"Runesmith:BackupBattery","floor":14},{"not_picked":["Runesmith:GrandSlam","Runesmith:GenerateForcefield"],"picked":"Runesmith:CreatorForm","floor":16},{"not_picked":["Runesmith:Grindstone","Runesmith:Repurpose+1"],"picked":"Runesmith:RuneHurl+1","floor":18},{"not_picked":["Runesmith:UnstableHammer","Runesmith:Grindstone"],"picked":"Runesmith:Firewall","floor":22},{"not_picked":["Runesmith:EarthShield","Runesmith:WhiteBalance+1","Runesmith:HeatExchange"],"picked":"SKIP","floor":24},{"not_picked":["Runesmith:WhiteBalance","Runesmith:Overpower"],"picked":"Runesmith:CraftObretio","floor":27},{"not_picked":["Runesmith:ChaoticBlast","Runesmith:CraftReservo","Runesmith:StaticCage"],"picked":"SKIP","floor":28},{"not_picked":["Runesmith:CraftMagma+1","Runesmith:FrozenChisel"],"picked":"Runesmith:Firestorm","floor":29},{"not_picked":["Runesmith:HammerTime+1","Runesmith:HeatedChisel"],"picked":"Runesmith:CraftIndustria","floor":30},{"not_picked":["Runesmith:FrozenChisel+1","Runesmith:HeatedChisel"],"picked":"Runesmith:NanitesCloud","floor":31},{"not_picked":["Runesmith:ArcReactor","Runesmith:Duplicate"],"picked":"Runesmith:CraftPrismatica","floor":33},{"not_picked":["Runesmith:ShiftingStrike","Runesmith:StaticCage"],"picked":"Runesmith:LithiumIon+1","floor":35},{"not_picked":["Runesmith:CraftMagma+1","Runesmith:Grindstone","Runesmith:ShiftingStrike"],"picked":"SKIP","floor":36},{"not_picked":["Runesmith:CraftMagma","Runesmith:StaticCage+1"],"picked":"Runesmith:CraftMedicinae","floor":38},{"not_picked":["Runesmith:CraftMagma+1","Runesmith:Repurpose+1","Runesmith:HeatExchange"],"picked":"SKIP","floor":40},{"not_picked":["Runesmith:CraftProtectio","Runesmith:EarthShield+1","Runesmith:EnergizedChisel+1"],"picked":"SKIP","floor":42},{"not_picked":["Runesmith:EnergizedChisel+1","Runesmith:Refine","Runesmith:Firestorm"],"picked":"SKIP","floor":45},{"not_picked":["Runesmith:Overpower+1","Runesmith:EnergizedChisel","Runesmith:ChiselStab+1"],"picked":"SKIP","floor":46},{"not_picked":["Runesmith:Permafrost","Runesmith:EnergizedChisel","Runesmith:Overpower"],"picked":"SKIP","floor":47},{"not_picked":["Runesmith:WhiteBalance","Runesmith:StaticCage+1"],"picked":"Runesmith:Accelerate","floor":48},{"not_picked":["Runesmith:ArcReactor","Runesmith:HeatExchange"],"picked":"Runesmith:Accelerate+1","floor":54}],"player_experience":3009000,"relics_obtained":[{"floor":7,"key":"Thread and Needle"},{"floor":9,"key":"Pocketwatch"},{"floor":10,"key":"Runesmith:EmergencyProvisions"},{"floor":12,"key":"HollowMod:PaleOreRelic"},{"floor":14,"key":"Letter Opener"},{"floor":24,"key":"Oddly Smooth Stone"},{"floor":27,"key":"Incense Burner"},{"floor":30,"key":"Red Mask"},{"floor":39,"key":"Lizard Tail"},{"floor":40,"key":"StrikeDummy"},{"floor":42,"key":"Toy Ornithopter"},{"floor":43,"key":"theSenshi:SuperSailorFukuRelic"},{"floor":46,"key":"Ancient Tea Set"},{"floor":54,"key":"bronze:BronzeIdol"}],"event_choices":[{"damage_healed":0,"gold_gain":0,"player_choice":"Entered Light","damage_taken":14,"max_hp_gain":0,"max_hp_loss":0,"event_name":"Shining Light","floor":3,"gold_loss":0,"cards_upgraded":["Runesmith:Defend_RS","Runesmith:Strike_RS"]},{"cards_removed":["Runesmith:Strike_RS"],"damage_healed":0,"gold_gain":0,"player_choice":"Card Removal","damage_taken":7,"max_hp_gain":0,"max_hp_loss":0,"event_name":"Golden Wing","floor":4,"gold_loss":0},{"damage_healed":0,"gold_gain":0,"player_choice":"Success","damage_taken":3,"relics_obtained":["Ice Cream"],"max_hp_gain":0,"max_hp_loss":0,"event_name":"Scrap Ooze","floor":11,"gold_loss":0},{"damage_healed":0,"gold_gain":0,"player_choice":"Rummage","damage_taken":0,"relics_obtained":["WarpedTongs"],"max_hp_gain":0,"max_hp_loss":0,"event_name":"Accursed Blacksmith","floor":19,"gold_loss":0,"cards_obtained":["Pain"]},{"damage_healed":0,"gold_gain":0,"player_choice":"Fought Bandits","damage_taken":0,"max_hp_gain":0,"max_hp_loss":0,"event_name":"Masked Bandits","floor":30,"gold_loss":0},{"damage_healed":0,"gold_gain":0,"player_choice":"Fight","damage_taken":0,"max_hp_gain":0,"max_hp_loss":0,"event_name":"MindBloom","floor":39,"gold_loss":0}],"is_beta":false,"boss_relics":[{"not_picked":["Runesmith:UraniumAnvil","Runesmith:PocketReactor"],"picked":"Fusion Hammer"},{"not_picked":["Cursed Key","Snecko Eye"],"picked":"sneckomod:SneckoTalon"}],"items_purged_floors":[20,37],"is_endless":false,"potions_floor_spawned":[1,2,16,22,24,27,36,38,42,46,47,48,54],"ascension_level":7}}