{"host":"gfxjwtol062e9znw","time":1612006524,"event":{"mods":["BaseMod","Colored Map","Minty Spire (QoL Compilation)"],"gold_per_floor":[119,119,137,148,148,148,189,189,214,237,59,59,80,111,111,236,299,318,342,342,342,360,360,395,395,395,415,415,415,440,156,156,156,156],"floor_reached":33,"language":"ENG","playtime":2027,"items_purged":["Defend_G"],"score":399,"play_id":"07440ad1-a030-4b32-8678-33abfdf0ff03","local_time":"20210130223524","is_ascension_mode":true,"campfire_choices":[{"data":"Cloak And Dagger","floor":6.0,"key":"SMITH"},{"floor":8.0,"key":"REST"},{"floor":15.0,"key":"REST"},{"floor":23.0,"key":"REST"},{"floor":29.0,"key":"REST"},{"data":"Malaise","floor":32.0,"key":"SMITH"}],"circlet_count":0,"master_deck":["Strike_G","Strike_G","Strike_G","Strike_G","Strike_G","Defend_G","Defend_G","Defend_G","Defend_G","Survivor","Neutralize","Blade Dance","Cloak And Dagger+1","Backstab","Finisher+1","Backstab","Tactician","Malaise+1","Terror","Phantasmal Killer","Slice","Dodge and Roll+1","Backstab","Prepared","Deflect+1","Accuracy","All Out Attack"],"relics":["SacredBark","Golden Idol","MealTicket","Potion Belt","Odd Mushroom","Nilry\u0027s Codex","Pantograph","Nloth\u0027s Gift","Lizard Tail"],"acts_visited":["Exordium","TheCity"],"potions_floor_usage":[33,33,33],"damage_taken":[{"damage":1.0,"enemies":"2 Louse","floor":1.0,"turns":3.0},{"damage":9.0,"enemies":"Jaw Worm","floor":3.0,"turns":4.0},{"damage":3.0,"enemies":"Small Slimes","floor":4.0,"turns":4.0},{"damage":10.0,"enemies":"Gremlin Nob","floor":7.0,"turns":3.0},{"damage":6.0,"enemies":"2 Fungi Beasts","floor":10.0,"turns":3.0},{"damage":7.0,"enemies":"3 Louse","floor":13.0,"turns":2.0},{"damage":13.0,"enemies":"The Mushroom Lair","floor":14.0,"turns":3.0},{"damage":18.0,"enemies":"Hexaghost","floor":16.0,"turns":7.0},{"damage":11.0,"enemies":"Shell Parasite","floor":18.0,"turns":4.0},{"damage":12.0,"enemies":"Spheric Guardian","floor":19.0,"turns":4.0},{"damage":12.0,"enemies":"Cultist and Chosen","floor":22.0,"turns":3.0},{"damage":44.0,"enemies":"Book of Stabbing","floor":24.0,"turns":5.0},{"damage":30.0,"enemies":"Centurion and Healer","floor":27.0,"turns":6.0},{"damage":8.0,"enemies":"Gremlin Leader","floor":28.0,"turns":4.0},{"damage":27.0,"enemies":"Shelled Parasite and Fungi","floor":30.0,"turns":7.0},{"damage":120,"enemies":"Collector","floor":33,"turns":9}],"seed_played":"964906744301215064","potions_obtained":[{"floor":3.0,"key":"Fire Potion"},{"floor":10.0,"key":"LiquidMemories"},{"floor":14.0,"key":"FearPotion"},{"floor":17.0,"key":"FairyPotion"},{"floor":22.0,"key":"Fire Potion"},{"floor":27.0,"key":"LiquidMemories"},{"floor":30.0,"key":"FearPotion"}],"is_trial":false,"path_per_floor":["M","?","M","M","?","R","E","R","T","M","$","?","M","?","R","B",null,"M","M","?","?","M","R","E","?","T","M","E","R","M","$","R","B"],"character_chosen":"THE_SILENT","items_purchased":["Tactician","EntropicBrew","Accuracy","Block Potion","AttackPotion","All Out Attack"],"campfire_rested":4,"item_purchase_floors":[11,11,31,31,31,31],"current_hp_per_floor":[62,67,58,55,55,55,45,65,65,59,69,69,62,49,69,51,70,59,47,31,55,43,65,21,21,21,41,33,55,28,43,43,0,0],"gold":156,"neow_bonus":"BOSS_RELIC","is_daily":false,"chose_seed":false,"campfire_upgraded":2,"win_rate":0.0,"timestamp":1612006524,"path_taken":["M","?","M","M","?","R","E","R","T","M","$","?","M","?","R","BOSS","M","M","?","?","M","R","E","?","T","?","E","R","M","$","R","BOSS"],"items_purchased_type":["Card","Potion","Card","Potion","Potion","Card"],"build_version":"2020-12-22","purchased_purges":1,"victory":false,"max_hp_per_floor":[70,75,75,75,69,69,69,69,69,69,69,69,69,69,69,69,74,74,74,74,74,74,74,74,74,74,74,74,74,74,74,74,74,74],"card_choices":[{"not_picked":["Underhanded Strike","Blur"],"picked":"Blade Dance","floor":1.0},{"not_picked":["Dodge and Roll","Dagger Throw"],"picked":"Cloak And Dagger","floor":3.0},{"not_picked":["Dagger Spray","Bouncing Flask"],"picked":"Backstab","floor":4.0},{"not_picked":["Well Laid Plans","Heel Hook"],"picked":"Finisher","floor":7.0},{"not_picked":["Bane","Skewer"],"picked":"Backstab","floor":10.0},{"not_picked":["Quick Slash","Deadly Poison"],"picked":"Malaise","floor":13.0},{"not_picked":["Well Laid Plans","Footwork"],"picked":"Terror","floor":14.0},{"not_picked":["Doppelganger","Die Die Die"],"picked":"Phantasmal Killer","floor":16.0},{"not_picked":["Underhanded Strike","Bane"],"picked":"Slice","floor":17.0},{"not_picked":["Deadly Poison","Outmaneuver"],"picked":"Dodge and Roll+1","floor":18.0},{"not_picked":["Outmaneuver","Choke+1"],"picked":"Backstab","floor":19.0},{"not_picked":["Calculated Gamble","Terror"],"picked":"Prepared","floor":22.0},{"not_picked":["Skewer+1","Riddle With Holes","Dodge and Roll"],"picked":"SKIP","floor":24.0},{"not_picked":["Flying Knee+1","Dagger Throw"],"picked":"Deflect+1","floor":27.0},{"not_picked":["Doppelganger","Bane","Leg Sweep"],"picked":"SKIP","floor":30.0}],"player_experience":50808,"relics_obtained":[{"floor":7.0,"key":"MealTicket"},{"floor":9.0,"key":"Potion Belt"},{"floor":14.0,"key":"Odd Mushroom"},{"floor":20.0,"key":"Nilry\u0027s Codex"},{"floor":24.0,"key":"Pantograph"},{"floor":26.0,"key":"Lizard Tail"}],"event_choices":[{"damage_healed":0.0,"max_hp_gain":5.0,"max_hp_loss":0.0,"gold_gain":0.0,"event_name":"Big Fish","player_choice":"Donut","floor":2.0,"gold_loss":0.0,"damage_taken":0.0},{"damage_healed":0.0,"max_hp_gain":0.0,"max_hp_loss":6.0,"gold_gain":0.0,"event_name":"Golden Idol","player_choice":"Lose Max HP","floor":5.0,"gold_loss":0.0,"damage_taken":0.0,"relics_obtained":["Golden Idol"]},{"damage_healed":0.0,"max_hp_gain":0.0,"max_hp_loss":0.0,"gold_gain":0.0,"event_name":"Liars Game","player_choice":"Ignored","floor":12.0,"gold_loss":0.0,"damage_taken":0.0},{"damage_healed":0.0,"max_hp_gain":0.0,"max_hp_loss":0.0,"gold_gain":0.0,"event_name":"Mushrooms","player_choice":"Fought Mushrooms","floor":14.0,"gold_loss":0.0,"damage_taken":0.0},{"damage_healed":0.0,"max_hp_gain":0.0,"max_hp_loss":0.0,"gold_gain":0.0,"event_name":"Cursed Tome","player_choice":"Obtained Book","floor":20.0,"gold_loss":0.0,"damage_taken":16.0},{"damage_healed":24.0,"max_hp_gain":0.0,"max_hp_loss":0.0,"gold_gain":0.0,"event_name":"The Library","player_choice":"Heal","floor":21.0,"gold_loss":0.0,"damage_taken":0.0},{"damage_healed":0.0,"max_hp_gain":0.0,"max_hp_loss":0.0,"gold_gain":0.0,"event_name":"N\u0027loth","player_choice":"Traded Relic","floor":25.0,"relics_lost":["Tiny House"],"gold_loss":0.0,"damage_taken":0.0,"relics_obtained":["Nloth\u0027s Gift"]}],"is_beta":false,"boss_relics":[{"not_picked":["Coffee Dripper","Busted Crown"],"picked":"Tiny House"}],"items_purged_floors":[31],"is_endless":false,"potions_floor_spawned":[3,10,13,14,22,27,30],"killed_by":"Collector","ascension_level":8}}