{"host":"s5d39dhq0ddhxhke","time":1612038825,"event":{"mods":["AchievementEnabler","BaseMod","Colored Map","Minty Spire (QoL Compilation)","SuperFastMode"],"gold_per_floor":[119,135,135,148,168,168,203,221,221,240,255,275,286,286,286,364,364,377,68,68,68,87,87,122,122,122,150,161,174,174,186,186,186,186],"floor_reached":33,"language":"ENG","playtime":1866,"items_purged":[],"score":513,"play_id":"b0c7971c-ee73-4fa5-8363-0fe44dd5c2a4","local_time":"20210130223345","is_ascension_mode":true,"campfire_choices":[{"data":"Carnage","floor":6,"key":"SMITH"},{"data":"Infernal Blade","floor":15,"key":"SMITH"},{"data":"Inflame","floor":23,"key":"SMITH"},{"data":"Flame Barrier","floor":25,"key":"SMITH"},{"floor":32,"key":"REST"}],"circlet_count":0,"master_deck":["AscendersBane","Strike_R","Defend_R","Defend_R","Defend_R","Defend_R","Bash","Carnage+1","Cleave","Flame Barrier+1","Fiend Fire","Infernal Blade+1","Shrug It Off","Ghostly Armor","Berserk","Inflame+1","Shrug It Off","Iron Wave+1"],"relics":["Burning Blood","FossilizedHelix","Paper Frog","Empty Cage","OrangePellets","Bag of Marbles","Blue Candle","Meat on the Bone","Nunchaku"],"acts_visited":["Exordium","TheCity"],"potions_floor_usage":[10,16,24,33,33],"damage_taken":[{"damage":10,"enemies":"Small Slimes","floor":1,"turns":5},{"damage":0,"enemies":"Cultist","floor":2,"turns":2},{"damage":4,"enemies":"Jaw Worm","floor":4,"turns":4},{"damage":11,"enemies":"Looter","floor":5,"turns":4},{"damage":25,"enemies":"3 Sentries","floor":7,"turns":6},{"damage":5,"enemies":"Exordium Thugs","floor":8,"turns":4},{"damage":8,"enemies":"Large Slime","floor":10,"turns":5},{"damage":0,"enemies":"Blue Slaver","floor":11,"turns":2},{"damage":6,"enemies":"2 Fungi Beasts","floor":12,"turns":2},{"damage":12,"enemies":"Lots of Slimes","floor":13,"turns":5},{"damage":40,"enemies":"Slime Boss","floor":16,"turns":11},{"damage":20,"enemies":"Shell Parasite","floor":18,"turns":3},{"damage":0,"enemies":"Chosen","floor":22,"turns":3},{"damage":23,"enemies":"Slavers","floor":24,"turns":9},{"damage":21,"enemies":"Book of Stabbing","floor":27,"turns":4},{"damage":0,"enemies":"Snecko","floor":28,"turns":5},{"damage":0,"enemies":"Cultist and Chosen","floor":29,"turns":4},{"damage":21,"enemies":"Centurion and Healer","floor":31,"turns":6},{"damage":83,"enemies":"Automaton","floor":33,"turns":10}],"seed_played":"735939435569148154","potions_obtained":[{"floor":5,"key":"SkillPotion"},{"floor":7,"key":"ElixirPotion"},{"floor":8,"key":"HeartOfIron"},{"floor":13,"key":"Explosive Potion"},{"floor":16,"key":"BloodPotion"},{"floor":24,"key":"HeartOfIron"}],"is_trial":false,"path_per_floor":["M","M","?","M","M","R","E","M","T","M","M","M","M","?","R","B",null,"M","$","?","$","M","R","E","R","T","E","M","M","?","M","R","B"],"character_chosen":"IRONCLAD","items_purchased":["OrangePellets","Bag of Marbles"],"campfire_rested":1,"item_purchase_floors":[19,19],"current_hp_per_floor":[71,77,77,79,74,74,55,56,56,54,60,60,54,54,54,20,67,53,53,53,53,59,59,42,42,42,39,57,63,39,36,62,0,0],"gold":186,"neow_bonus":"TEN_PERCENT_HP_BONUS","is_daily":false,"chose_seed":false,"campfire_upgraded":4,"win_rate":0.0,"timestamp":1612038825,"path_taken":["M","M","?","M","M","R","E","M","T","M","M","M","M","?","R","BOSS","M","$","?","$","M","R","E","R","T","E","M","M","?","M","R","BOSS"],"items_purchased_type":["Relic","Relic"],"build_version":"2020-12-22","purchased_purges":0,"victory":false,"max_hp_per_floor":[82,82,82,82,82,82,82,82,82,82,82,82,82,82,82,82,82,82,82,82,82,82,82,82,82,82,82,82,82,87,87,87,87,87],"card_choices":[{"not_picked":["Twin Strike","Shrug It Off"],"picked":"Carnage","floor":1},{"not_picked":["Perfected Strike","Warcry"],"picked":"Cleave","floor":2},{"not_picked":["Pummel","Wild Strike","Havoc"],"picked":"SKIP","floor":4},{"not_picked":["Reaper","Combust","Cleave"],"picked":"SKIP","floor":5},{"not_picked":["Thunderclap","Body Slam"],"picked":"Flame Barrier","floor":7},{"not_picked":["Fire Breathing","Feel No Pain","Flex"],"picked":"SKIP","floor":8},{"not_picked":["Clash","Cleave"],"picked":"Fiend Fire","floor":10},{"not_picked":["Blood for Blood","True Grit"],"picked":"Infernal Blade","floor":11},{"not_picked":["Armaments","Reckless Charge"],"picked":"Shrug It Off","floor":12},{"not_picked":["Perfected Strike","Pommel Strike"],"picked":"Ghostly Armor","floor":13},{"not_picked":["Impervious","Immolate"],"picked":"Berserk","floor":16},{"not_picked":["Heavy Blade","Sword Boomerang","Cleave"],"picked":"SKIP","floor":18},{"not_picked":["Cleave","Heavy Blade"],"picked":"Inflame","floor":22},{"not_picked":["Havoc","Double Tap","Armaments"],"picked":"SKIP","floor":24},{"not_picked":["Searing Blow","Rage"],"picked":"Shrug It Off","floor":27},{"not_picked":["Armaments","Wild Strike"],"picked":"Iron Wave+1","floor":28},{"not_picked":["Rage","Thunderclap","Searing Blow"],"picked":"SKIP","floor":29},{"not_picked":["Wild Strike","Warcry","Flex"],"picked":"SKIP","floor":31},{"not_picked":["Wild Strike","Warcry","Flex"],"picked":"SKIP","floor":31}],"player_experience":466050,"relics_obtained":[{"floor":7,"key":"FossilizedHelix"},{"floor":9,"key":"Paper Frog"},{"floor":24,"key":"Blue Candle"},{"floor":26,"key":"Meat on the Bone"},{"floor":27,"key":"Nunchaku"}],"event_choices":[{"cards_removed":["Strike_R"],"damage_healed":0,"gold_gain":0,"player_choice":"Forget","damage_taken":0,"max_hp_gain":0,"max_hp_loss":0,"event_name":"Living Wall","floor":3,"gold_loss":0},{"cards_removed":["Strike_R"],"damage_healed":0,"gold_gain":0,"player_choice":"Offered Basic","damage_taken":0,"max_hp_gain":0,"max_hp_loss":0,"event_name":"Bonfire Elementals","floor":14,"gold_loss":0},{"damage_healed":0,"gold_gain":0,"player_choice":"Ignored","damage_taken":0,"max_hp_gain":0,"max_hp_loss":0,"event_name":"Vampires","floor":20,"gold_loss":0},{"damage_healed":0,"gold_gain":0,"player_choice":"Shed Blood","damage_taken":29,"max_hp_gain":5,"max_hp_loss":0,"event_name":"Forgotten Altar","floor":30,"gold_loss":0}],"is_beta":false,"boss_relics":[{"not_picked":["Snecko Eye","Runic Cube"],"picked":"Empty Cage"}],"items_purged_floors":[],"is_endless":false,"potions_floor_spawned":[5,7,8,13,16,24,29,31],"killed_by":"Automaton","ascension_level":15}}