{"host":"zx10cf1fsoa3eqiy","time":1612029945,"event":{"mods":["BaseMod","Colored Powertips","Downfall","Highlight Path","Minty Spire (QoL Compilation)","Quick Restart","Replay The Spire","Shop Mod","StSLib","Td1madao Mod","The Servant 0.9.4","Yuri Mod"],"gold_per_floor":[99,99,99,99,117,133,133,133,133,133,118,118,118,118,118],"floor_reached":13,"language":"ZHS","playtime":1318,"items_purged":[],"score":69,"play_id":"c4705dc2-5eb2-4662-bdeb-fe5ce6ea132a","local_time":"20210131020545","is_ascension_mode":false,"campfire_choices":[{"floor":1,"key":"RECALL"},{"floor":12,"key":"REST"}],"circlet_count":0,"master_deck":["bronze:Strike","bronze:Strike","bronze:Strike","bronze:Strike","bronze:Defend","bronze:Defend","bronze:Defend","bronze:Defend","bronze:Replicate","bronze:Goto","bronze:WhirlingStrike","bronze:GetLatest","bronze:CloningBeam","bronze:FineTuning","bronze:Spike","bronze:Frontload","bronze:ChosenStrike"],"relics":["bronze:BronzeCore","downfall:HeartsMalice","Quantum Egg","PreservedInsect","downfall:BrokenWingStatue"],"acts_visited":["Exordium"],"potions_floor_usage":[],"damage_taken":[{"damage":0,"enemies":"downfall:FleeingMerchant","floor":2,"turns":1},{"damage":0,"enemies":"Cultist","floor":3,"turns":1},{"damage":0,"enemies":"Small Slimes","floor":4,"turns":1},{"damage":0,"enemies":"2 Louse","floor":5,"turns":1},{"damage":19,"enemies":"Blue Slaver","floor":6,"turns":4},{"damage":23,"enemies":"Blue Slaver","floor":8,"turns":4},{"damage":5,"enemies":"downfall:FleeingMerchant","floor":11,"turns":4},{"damage":36,"enemies":"Lagavulin","floor":13,"turns":3}],"seed_played":"-6224146094039072765","potions_obtained":[{"floor":5,"key":"Dexterity Potion"},{"floor":8,"key":"EssenceOfSteel"}],"is_trial":false,"path_per_floor":["R","$","M","M","M","M","T","?","?","?","$","R","E"],"character_chosen":"THE_AUTOMATON","items_purchased":[],"campfire_rested":1,"item_purchase_floors":[],"current_hp_per_floor":[70,70,70,70,70,51,51,28,16,16,11,32,0,0,0],"gold":118,"neow_bonus":"THREE_ENEMY_KILL","is_daily":false,"chose_seed":false,"campfire_upgraded":0,"win_rate":0.0,"timestamp":1612029945,"path_taken":["R","$","M","?","M","M","T","?","?","?","?","R","E"],"items_purchased_type":[],"build_version":"2020-12-22","purchased_purges":0,"victory":false,"max_hp_per_floor":[70,70,70,70,70,70,70,70,70,70,70,70,70,70,70],"card_choices":[{"not_picked":["bronze:Shield","bronze:ChildClass"],"picked":"bronze:WhirlingStrike","floor":2},{"not_picked":["bronze:Flail","bronze:CutThrough"],"picked":"bronze:GetLatest","floor":3},{"not_picked":["bronze:BronzeArmor","bronze:BitShift","bronze:Overheat"],"picked":"SKIP","floor":4},{"not_picked":["bronze:BronzeArmor","bronze:Invalidate"],"picked":"bronze:CloningBeam","floor":5},{"not_picked":["bronze:Frontload","bronze:DarkDash"],"picked":"bronze:FineTuning","floor":6},{"not_picked":[],"picked":"bronze:Spike","floor":8},{"not_picked":["bronze:Turbo","bronze:Shield"],"picked":"bronze:Frontload","floor":8},{"not_picked":["bronze:DelayedGuard","bronze:ChildClass"],"picked":"bronze:ChosenStrike","floor":11}],"player_experience":284149,"relics_obtained":[{"floor":7,"key":"Quantum Egg"}],"event_choices":[{"damage_healed":0,"gold_gain":0,"player_choice":"Success","damage_taken":12,"relics_obtained":["PreservedInsect"],"max_hp_gain":0,"max_hp_loss":0,"event_name":"Scrap Ooze","floor":9,"gold_loss":0}],"is_beta":false,"boss_relics":[],"items_purged_floors":[],"is_endless":false,"potions_floor_spawned":[5,8],"killed_by":"Lagavulin","ascension_level":0}}