{"host":"8ki4rp59nppvqwda","time":1612037334,"event":{"mods":["AlwaysNeverKeys","BaseMod","Hermit","Minty Spire (QoL Compilation)","Robot Space Explorer","SacredBarkPlus","StSLib","The Cursed","The Necromancer","The Trickster"],"gold_per_floor":[110,120,131,141,156,156,169,169,169,204,279,298,298,312,312,411,411,428,428,428,441,454,12,27,37,64,96,96,129,129,149,149,254,254,270,284,300,148,148,182,232,252,252,277,293,323,19,34,34,34],"floor_reached":51,"language":"ENG","playtime":3105,"items_purged":["RobotSpaceExplorer:Defend+1"],"score":985,"play_id":"03fcde2b-70ac-403e-90ab-3998181498c0","local_time":"20210130150854","is_ascension_mode":true,"campfire_choices":[{"data":"RobotSpaceExplorer:DualCore","floor":6.0,"key":"SMITH"},{"data":"RobotSpaceExplorer:MiniLasers","floor":8.0,"key":"SMITH"},{"floor":15.0,"key":"REST"},{"data":"RobotSpaceExplorer:StarLightning","floor":28,"key":"SMITH"},{"data":"RobotSpaceExplorer:Comet","floor":30,"key":"SMITH"},{"floor":32,"key":"REST"},{"data":"RobotSpaceExplorer:ChargingLaser","floor":49,"key":"SMITH"}],"circlet_count":0,"master_deck":["RobotSpaceExplorer:Strike+1","RobotSpaceExplorer:Strike+1","RobotSpaceExplorer:Defend+1","RobotSpaceExplorer:Defend+1","RobotSpaceExplorer:Scan","RobotSpaceExplorer:MiniLasers+1","RobotSpaceExplorer:GearShield+1","RobotSpaceExplorer:Probe","RobotSpaceExplorer:ScrapShield","RobotSpaceExplorer:DualCore+1","RobotSpaceExplorer:Probe","RobotSpaceExplorer:StarLightning+1","RobotSpaceExplorer:LuckyStrike","RobotSpaceExplorer:Calculate+1","RobotSpaceExplorer:ShockMissile","RobotSpaceExplorer:MiniDrones","RobotSpaceExplorer:Ammunition+1","RobotSpaceExplorer:LuckyStrike+1","RobotSpaceExplorer:Comet+1","RobotSpaceExplorer:ScrapToss+1","RobotSpaceExplorer:MiniDrones+1","RobotSpaceExplorer:FranticSearch+1","RobotSpaceExplorer:ChargingLaser+1","RobotSpaceExplorer:ScrapMissile+1","RobotSpaceExplorer:SurgingStrike+1","RobotSpaceExplorer:MiniBoosters+1","Thinking Ahead","RobotSpaceExplorer:MiniDrones+1","RobotSpaceExplorer:PlasmaMissile+1","RobotSpaceExplorer:Asteroid","RobotSpaceExplorer:ScrapToss+1","RobotSpaceExplorer:MiniBoosters+1","RobotSpaceExplorer:ShovelStrike+1"],"relics":["RobotSpaceExplorer:TurboCore","Torii","Pantograph","Frozen Egg 2","RobotSpaceExplorer:ToughPlating","RobotSpaceExplorer:SlideRule","War Paint","Singing Bowl","Thread and Needle","RobotSpaceExplorer:SearchSpecs","RobotSpaceExplorer:RingOfTheNewt","CaptainsWheel","Shuriken","Turnip","Gambling Chip","DollysMirror","Bag of Marbles"],"acts_visited":["Exordium","TheCity","TheBeyond"],"potions_floor_usage":[22,25,27,42,48,50,50],"damage_taken":[{"damage":0.0,"enemies":"Cultist","floor":1.0,"turns":5.0},{"damage":2.0,"enemies":"Jaw Worm","floor":2.0,"turns":3.0},{"damage":0.0,"enemies":"2 Louse","floor":3.0,"turns":5.0},{"damage":5.0,"enemies":"Gremlin Gang","floor":4.0,"turns":7.0},{"damage":13.0,"enemies":"3 Louse","floor":5.0,"turns":4.0},{"damage":3.0,"enemies":"Large Slime","floor":7.0,"turns":8.0},{"damage":17.0,"enemies":"3 Sentries","floor":10.0,"turns":8.0},{"damage":6.0,"enemies":"Exordium Wildlife","floor":12.0,"turns":4.0},{"damage":1.0,"enemies":"3 Louse","floor":14.0,"turns":3.0},{"damage":32.0,"enemies":"Slime Boss","floor":16.0,"turns":9.0},{"damage":0.0,"enemies":"3 Byrds","floor":18.0,"turns":3.0},{"damage":0.0,"enemies":"Chosen","floor":21.0,"turns":3.0},{"damage":10,"enemies":"Snecko","floor":22,"turns":6},{"damage":6,"enemies":"Centurion and Healer","floor":24,"turns":6},{"damage":0,"enemies":"Snake Plant","floor":25,"turns":4},{"damage":1,"enemies":"Slavers","floor":27,"turns":4},{"damage":7,"enemies":"Book of Stabbing","floor":29,"turns":4},{"damage":11,"enemies":"Snecko","floor":31,"turns":5},{"damage":15,"enemies":"Collector","floor":33,"turns":7},{"damage":2,"enemies":"3 Shapes","floor":35,"turns":2},{"damage":0,"enemies":"Orb Walker","floor":36,"turns":3},{"damage":0,"enemies":"Transient","floor":37,"turns":5},{"damage":12,"enemies":"Reptomancer","floor":40,"turns":5},{"damage":0,"enemies":"Mind Bloom Boss Battle","floor":41,"turns":3},{"damage":0,"enemies":"Writhing Mass","floor":42,"turns":4},{"damage":0,"enemies":"Giant Head","floor":44,"turns":5},{"damage":0,"enemies":"3 Darklings","floor":45,"turns":2},{"damage":0,"enemies":"Reptomancer","floor":46,"turns":2},{"damage":0,"enemies":"Jaw Worm Horde","floor":48,"turns":1},{"damage":0,"enemies":"Awakened One","floor":50,"turns":6}],"seed_played":"-8900909224111737128","potions_obtained":[{"floor":1.0,"key":"Dexterity Potion"},{"floor":2.0,"key":"SpeedPotion"},{"floor":16.0,"key":"Block Potion"},{"floor":18.0,"key":"Energy Potion"},{"floor":21.0,"key":"Ancient Potion"},{"floor":33,"key":"EssenceOfSteel"},{"floor":35,"key":"Dexterity Potion"},{"floor":42,"key":"FearPotion"},{"floor":46,"key":"Regen Potion"},{"floor":48,"key":"Fruit Juice"}],"is_trial":false,"path_per_floor":["M","M","M","M","M","R","M","R","T","E","?","M","?","M","R","B",null,"M","?","?","M","M","$","M","M","T","E","R","E","R","M","R","B",null,"M","M","M","$","?","E","?","M","T","E","M","E","$","M","R","B",null],"character_chosen":"RobotSpaceExplorer","items_purchased":["RobotSpaceExplorer:ToughPlating","RobotSpaceExplorer:SlideRule","RobotSpaceExplorer:MiniBoosters+1","DollysMirror","Bag of Marbles"],"campfire_rested":2,"item_purchase_floors":[23,23,38,47,47],"current_hp_per_floor":[75,73,73,68,55,55,52,52,52,35,24,18,18,17,39,32,75,75,75,75,75,65,65,59,59,59,58,58,51,51,40,62,60,75,73,73,75,75,75,63,79,79,79,81,81,81,81,86,86,86],"gold":34,"neow_bonus":"TRANSFORM_CARD","is_daily":false,"chose_seed":false,"campfire_upgraded":5,"win_rate":0.0,"timestamp":1612037334,"path_taken":["M","?","M","M","?","R","M","R","T","E","?","M","?","?","R","BOSS","M","?","?","M","M","?","M","?","T","E","R","E","R","M","R","BOSS","M","M","M","$","?","E","?","M","T","E","M","E","?","M","R","BOSS"],"items_purchased_type":["Relic","Relic","Card","Relic","Relic"],"build_version":"2020-12-22","purchased_purges":1,"victory":true,"max_hp_per_floor":[75,75,75,75,75,75,75,75,75,75,75,75,75,75,75,75,75,75,75,75,75,75,75,75,75,75,75,75,75,75,75,75,75,75,75,75,77,77,77,77,79,79,79,81,81,81,81,86,86,86],"card_choices":[{"not_picked":["RobotSpaceExplorer:Smokescreen","RobotSpaceExplorer:SurgingStrike"],"picked":"RobotSpaceExplorer:GearShield","floor":1.0},{"not_picked":["RobotSpaceExplorer:Ammunition","RobotSpaceExplorer:MiniDrones"],"picked":"RobotSpaceExplorer:Probe","floor":2.0},{"not_picked":["RobotSpaceExplorer:Ammunition","RobotSpaceExplorer:FreezeRay"],"picked":"RobotSpaceExplorer:ScrapShield","floor":3.0},{"not_picked":["RobotSpaceExplorer:Probe","RobotSpaceExplorer:ShovelStrike"],"picked":"RobotSpaceExplorer:DualCore","floor":4.0},{"not_picked":["RobotSpaceExplorer:SwiftStep","RobotSpaceExplorer:ShovelStrike"],"picked":"RobotSpaceExplorer:Probe","floor":5.0},{"not_picked":["RobotSpaceExplorer:FrostMissile","RobotSpaceExplorer:GlueShot"],"picked":"RobotSpaceExplorer:Wormhole","floor":7.0},{"not_picked":["RobotSpaceExplorer:ScrapMissile","RobotSpaceExplorer:SwiftStep"],"picked":"RobotSpaceExplorer:StarLightning","floor":10.0},{"not_picked":["RobotSpaceExplorer:Discharger","RobotSpaceExplorer:SwiftStep","RobotSpaceExplorer:FranticSearch"],"picked":"SKIP","floor":12.0},{"not_picked":["RobotSpaceExplorer:LaserBurst","RobotSpaceExplorer:GearShield"],"picked":"RobotSpaceExplorer:Calculate","floor":14.0},{"not_picked":["RobotSpaceExplorer:Exploration","RobotSpaceExplorer:HighVoltage"],"picked":"RobotSpaceExplorer:ShockMissile","floor":16.0},{"not_picked":["RobotSpaceExplorer:ToxicBomb","RobotSpaceExplorer:ScrapShield","RobotSpaceExplorer:MetalStrike"],"picked":"SKIP","floor":18.0},{"not_picked":["RobotSpaceExplorer:MakeshiftVolley","RobotSpaceExplorer:Blitz"],"picked":"RobotSpaceExplorer:MiniDrones","floor":21.0},{"not_picked":["RobotSpaceExplorer:MiniDrones","RobotSpaceExplorer:ScrapMissile"],"picked":"RobotSpaceExplorer:Ammunition+1","floor":22},{"not_picked":["RobotSpaceExplorer:BigMissile","RobotSpaceExplorer:ScrapMissile"],"picked":"RobotSpaceExplorer:LuckyStrike+1","floor":24},{"not_picked":["RobotSpaceExplorer:RigExplosive","RobotSpaceExplorer:Counterblock"],"picked":"RobotSpaceExplorer:Comet","floor":25},{"not_picked":["RobotSpaceExplorer:MiniDrones","RobotSpaceExplorer:FranticSearch"],"picked":"RobotSpaceExplorer:ScrapToss+1","floor":27},{"not_picked":["RobotSpaceExplorer:FreezingShield","RobotSpaceExplorer:ScrapToss"],"picked":"RobotSpaceExplorer:MiniDrones+1","floor":29},{"not_picked":["RobotSpaceExplorer:Ammunition","RobotSpaceExplorer:ScrapShield"],"picked":"RobotSpaceExplorer:FranticSearch+1","floor":31},{"not_picked":["RobotSpaceExplorer:ShockMissile","RobotSpaceExplorer:Blaster"],"picked":"RobotSpaceExplorer:ChargingLaser","floor":33},{"not_picked":["RobotSpaceExplorer:ShockKick+1","RobotSpaceExplorer:Counterblock"],"picked":"RobotSpaceExplorer:ScrapMissile+1","floor":35},{"not_picked":["RobotSpaceExplorer:SlimeMissile","RobotSpaceExplorer:Jetpack+1"],"picked":"RobotSpaceExplorer:SurgingStrike+1","floor":36},{"not_picked":["RobotSpaceExplorer:StunGrenade","RobotSpaceExplorer:Counterblock+1","RobotSpaceExplorer:BigMissile+1"],"picked":"Singing Bowl","floor":37},{"not_picked":["Good Instincts","Dramatic Entrance"],"picked":"Thinking Ahead","floor":39},{"not_picked":["RobotSpaceExplorer:Smokescreen","RobotSpaceExplorer:SelfCleaning"],"picked":"RobotSpaceExplorer:MiniDrones+1","floor":40},{"not_picked":["RobotSpaceExplorer:Ammunition","RobotSpaceExplorer:MetalStrike+1","RobotSpaceExplorer:GearShield"],"picked":"Singing Bowl","floor":41},{"not_picked":["RobotSpaceExplorer:DoubleFind","RobotSpaceExplorer:ToxicBomb+1"],"picked":"RobotSpaceExplorer:PlasmaMissile+1","floor":42},{"not_picked":["RobotSpaceExplorer:SlimeMissile","RobotSpaceExplorer:GlueSpray","RobotSpaceExplorer:MetalStrike+1"],"picked":"Singing Bowl","floor":44},{"not_picked":["RobotSpaceExplorer:FrostMissile+1","RobotSpaceExplorer:FranticSearch"],"picked":"RobotSpaceExplorer:Asteroid","floor":45},{"not_picked":["RobotSpaceExplorer:ImprovisedAttack","RobotSpaceExplorer:TurboDodge+1"],"picked":"RobotSpaceExplorer:ScrapToss+1","floor":46},{"not_picked":["RobotSpaceExplorer:GlueShot","RobotSpaceExplorer:ImprovisedAttack"],"picked":"RobotSpaceExplorer:ShovelStrike+1","floor":48}],"player_experience":1268975,"relics_obtained":[{"floor":9.0,"key":"Torii"},{"floor":10.0,"key":"Pantograph"},{"floor":16.0,"key":"Frozen Egg 2"},{"floor":26,"key":"War Paint"},{"floor":27,"key":"Singing Bowl"},{"floor":29,"key":"Thread and Needle"},{"floor":40,"key":"RobotSpaceExplorer:RingOfTheNewt"},{"floor":41,"key":"CaptainsWheel"},{"floor":43,"key":"Shuriken"},{"floor":44,"key":"Turnip"},{"floor":46,"key":"Gambling Chip"}],"event_choices":[{"damage_healed":0.0,"max_hp_gain":0.0,"max_hp_loss":0.0,"gold_gain":75.0,"event_name":"World of Goop","player_choice":"Gather Gold","floor":11.0,"gold_loss":0.0,"damage_taken":11.0},{"damage_healed":0.0,"max_hp_gain":0.0,"max_hp_loss":0.0,"gold_gain":0.0,"cards_transformed":["RobotSpaceExplorer:Strike"],"event_name":"Transmorgrifier","player_choice":"Transformed","floor":13.0,"gold_loss":0.0,"damage_taken":0.0,"cards_obtained":["RobotSpaceExplorer:LuckyStrike"]},{"damage_healed":0.0,"max_hp_gain":0.0,"max_hp_loss":0.0,"gold_gain":0.0,"event_name":"Back to Basics","player_choice":"Simplicity","floor":19.0,"gold_loss":0.0,"damage_taken":0.0,"cards_upgraded":["RobotSpaceExplorer:Strike","RobotSpaceExplorer:Strike","RobotSpaceExplorer:Defend","RobotSpaceExplorer:Defend","RobotSpaceExplorer:Defend"]},{"damage_healed":0.0,"max_hp_gain":0.0,"max_hp_loss":0.0,"gold_gain":0.0,"event_name":"Vampires","player_choice":"Ignored","floor":20.0,"gold_loss":0.0,"damage_taken":0.0},{"damage_healed":0,"gold_gain":0,"player_choice":"Memory 1","damage_taken":0,"max_hp_gain":0,"max_hp_loss":0,"event_name":"SensoryStone","floor":39,"gold_loss":0},{"damage_healed":0,"gold_gain":0,"player_choice":"Fight","damage_taken":0,"max_hp_gain":0,"max_hp_loss":0,"event_name":"MindBloom","floor":41,"gold_loss":0}],"is_beta":false,"boss_relics":[{"not_picked":["RobotSpaceExplorer:Reprocessor","Astrolabe"],"picked":"RobotSpaceExplorer:TurboCore"},{"not_picked":["Black Star","Fusion Hammer"],"picked":"RobotSpaceExplorer:SearchSpecs"}],"items_purged_floors":[38],"is_endless":false,"potions_floor_spawned":[1,2,16,18,21,33,35,42,46,48],"ascension_level":3}}