{"host":"vex7walpoxzv48nx","time":1612045128,"event":{"mods":["AchievementEnabler","BaseMod","Bestiary","Minty Spire (QoL Compilation)","Permanent Neow","Quick Restart","Relic Stats","UnlockEverythingMod"],"gold_per_floor":[119,137,155,230,230,230,269,54,79,115,115,137,165,186,186,268,268,292,23,47,47,69,112,112,147,222,222,222,222,235,125,125,210,210,227,254,282,298,327,327,327],"floor_reached":40,"language":"ENG","playtime":4098,"items_purged":["Strike_R","Strike_R"],"score":930,"play_id":"3eb19ed4-5e87-4611-b276-fcb566f88177","local_time":"20210130231848","is_ascension_mode":true,"campfire_choices":[{"data":"Dropkick","floor":6.0,"key":"SMITH"},{"floor":15,"key":"REST"},{"data":"Shockwave","floor":24,"key":"SMITH"},{"data":"Fiend Fire","floor":27,"key":"SMITH"},{"data":"Uppercut","floor":29,"key":"SMITH"},{"data":"Demon Form","floor":32,"key":"SMITH"}],"circlet_count":0,"master_deck":["AscendersBane","Strike_R","Strike_R","Defend_R","Defend_R","Defend_R","Defend_R+1","Bash+1","Cleave","Pommel Strike","Dropkick+1","Shrug It Off","Shockwave+1","Pummel","Rampage","Power Through","Pummel","Wild Strike","Fiend Fire+1","Disarm","Demon Form+1","Heavy Blade+1","Dark Embrace","Sentinel","Uppercut+1","Barricade","Havoc","Carnage","Parasite"],"relics":["Burning Blood","CeramicFish","Vajra","MealTicket","Snecko Eye","Darkstone Periapt","Nunchaku","Sundial","Sozu"],"acts_visited":["Exordium","TheCity","TheBeyond"],"potions_floor_usage":[7,16,16,22,23,40],"damage_taken":[{"damage":6.0,"enemies":"Jaw Worm","floor":1.0,"turns":4.0},{"damage":5.0,"enemies":"2 Louse","floor":2.0,"turns":3.0},{"damage":9.0,"enemies":"Small Slimes","floor":3.0,"turns":4.0},{"damage":25,"enemies":"Lagavulin","floor":7,"turns":7},{"damage":20,"enemies":"3 Sentries","floor":10,"turns":5},{"damage":8,"enemies":"Exordium Thugs","floor":12,"turns":4},{"damage":13,"enemies":"Large Slime","floor":13,"turns":5},{"damage":16,"enemies":"Blue Slaver","floor":14,"turns":3},{"damage":37,"enemies":"The Guardian","floor":16,"turns":12},{"damage":4,"enemies":"Chosen","floor":18,"turns":3},{"damage":8,"enemies":"2 Thieves","floor":20,"turns":3},{"damage":0,"enemies":"Snake Plant","floor":22,"turns":2},{"damage":0,"enemies":"Gremlin Leader","floor":23,"turns":4},{"damage":21,"enemies":"Book of Stabbing","floor":25,"turns":4},{"damage":30,"enemies":"Shelled Parasite and Fungi","floor":30,"turns":3},{"damage":18,"enemies":"Automaton","floor":33,"turns":4},{"damage":21,"enemies":"3 Darklings","floor":35,"turns":3},{"damage":0,"enemies":"Orb Walker","floor":36,"turns":2},{"damage":0,"enemies":"Spire Growth","floor":37,"turns":3},{"damage":25,"enemies":"4 Shapes","floor":38,"turns":5},{"damage":0,"enemies":"Writhing Mass","floor":39,"turns":3},{"damage":58,"enemies":"Reptomancer","floor":40,"turns":3}],"seed_played":"-1246549930043947312","potions_obtained":[{"floor":1.0,"key":"CultistPotion"},{"floor":7,"key":"Ancient Potion"},{"floor":13,"key":"BloodPotion"},{"floor":14,"key":"Energy Potion"},{"floor":20,"key":"SneckoOil"},{"floor":22,"key":"Explosive Potion"},{"floor":33,"key":"SpeedPotion"}],"is_trial":false,"path_per_floor":["M","M","M","?","?","R","E","$","T","E","?","M","M","M","R","B",null,"M","$","M","?","M","E","R","E","T","R","?","R","M","?","R","B",null,"M","M","M","M","M","E"],"character_chosen":"IRONCLAD","items_purchased":["Shockwave","Pummel","Demon Form"],"campfire_rested":1,"item_purchase_floors":[8,8,19],"current_hp_per_floor":[68,69,66,55,60,60,41,41,41,27,27,25,18,8,32,17,64,66,80,78,78,80,80,80,65,65,65,65,65,41,41,41,29,67,52,58,64,45,57,0,0],"gold":327,"neow_bonus":"UPGRADE_CARD","is_daily":false,"chose_seed":false,"campfire_upgraded":5,"win_rate":0.0,"timestamp":1612045128,"path_taken":["M","M","M","?","?","R","E","?","T","E","?","M","M","M","R","BOSS","M","$","M","?","M","E","R","E","T","R","?","R","M","?","R","BOSS","M","M","M","M","M","E"],"items_purchased_type":["Card","Card","Card"],"build_version":"2020-12-22","purchased_purges":2,"victory":false,"max_hp_per_floor":[75,75,75,75,80,80,80,80,80,80,80,80,80,80,80,80,80,80,80,80,80,80,80,80,80,80,80,80,80,80,80,80,80,80,80,80,80,80,86,86,86],"relic_stats":{"Darkstone Periapt":6,"Sozu":2,"Nunchaku":[6],"counters":[22,89],"Sundial":[2],"CeramicFish":162,"Snecko Eye":[90,98,66,82],"MealTicket":14,"obtain_stats":[{"Darkstone Periapt":23,"Sozu":34,"Nunchaku":25,"Sundial":26,"CeramicFish":7,"Vajra":9,"Snecko Eye":17,"MealTicket":10,"Burning Blood":0},{"Darkstone Periapt":13,"Sozu":16,"Nunchaku":14,"Sundial":14,"CeramicFish":4,"Vajra":4,"Snecko Eye":9,"MealTicket":5,"Burning Blood":0},{"Darkstone Periapt":59,"Sozu":70,"Nunchaku":63,"Sundial":63,"CeramicFish":18,"Vajra":18,"Snecko Eye":47,"MealTicket":23,"Burning Blood":0}],"Burning Blood":116},"card_choices":[{"not_picked":["Evolve","Metallicize"],"picked":"Cleave","floor":1.0},{"not_picked":["Evolve","Body Slam"],"picked":"Pommel Strike","floor":2.0},{"not_picked":["Rampage","Cleave"],"picked":"Dropkick","floor":3.0},{"not_picked":["Dark Embrace","Searing Blow"],"picked":"Shrug It Off","floor":7},{"not_picked":["Intimidate","Seeing Red"],"picked":"Rampage","floor":10},{"not_picked":["Thunderclap","Rampage"],"picked":"Power Through","floor":12},{"not_picked":["Armaments","Shrug It Off"],"picked":"Pummel","floor":13},{"not_picked":["Intimidate","Body Slam"],"picked":"Wild Strike","floor":14},{"not_picked":["Barricade","Juggernaut"],"picked":"Fiend Fire","floor":16},{"not_picked":["Warcry","Havoc+1"],"picked":"Disarm","floor":18},{"not_picked":["Cleave","Twin Strike"],"picked":"Heavy Blade+1","floor":20},{"not_picked":["Disarm+1","Sentinel"],"picked":"Dark Embrace","floor":22},{"not_picked":["Metallicize","Body Slam"],"picked":"Sentinel","floor":23},{"not_picked":["Clash","Rage"],"picked":"Uppercut","floor":25},{"not_picked":["Clothesline","Anger","Body Slam"],"picked":"SKIP","floor":30},{"not_picked":["Limit Break","Fiend Fire"],"picked":"Barricade","floor":33},{"not_picked":["Warcry","Clash","Flex"],"picked":"SKIP","floor":35},{"not_picked":["Power Through","Clothesline"],"picked":"Havoc","floor":36},{"not_picked":["Pommel Strike","Thunderclap"],"picked":"Carnage","floor":37},{"not_picked":["Rampage","Iron Wave","Seeing Red+1"],"picked":"SKIP","floor":38},{"not_picked":["Sword Boomerang","Warcry","Barricade"],"picked":"SKIP","floor":39}],"player_experience":221243,"relics_obtained":[{"floor":7,"key":"CeramicFish"},{"floor":9,"key":"Vajra"},{"floor":10,"key":"MealTicket"},{"floor":23,"key":"Darkstone Periapt"},{"floor":25,"key":"Nunchaku"},{"floor":26,"key":"Sundial"}],"event_choices":[{"damage_healed":0.0,"max_hp_gain":0.0,"max_hp_loss":0.0,"gold_gain":75.0,"event_name":"World of Goop","player_choice":"Gather Gold","floor":4.0,"gold_loss":0.0,"damage_taken":11.0},{"damage_healed":0.0,"max_hp_gain":5.0,"max_hp_loss":0.0,"gold_gain":0.0,"event_name":"Big Fish","player_choice":"Donut","floor":5.0,"gold_loss":0.0,"damage_taken":0.0},{"damage_healed":0,"gold_gain":0,"player_choice":"Ignored","damage_taken":0,"max_hp_gain":0,"max_hp_loss":0,"event_name":"Liars Game","floor":11,"gold_loss":0},{"damage_healed":0,"gold_gain":0,"player_choice":"Ignored","damage_taken":0,"max_hp_gain":0,"max_hp_loss":0,"event_name":"Ghosts","floor":28,"gold_loss":0},{"cards_removed":["Strike_R"],"damage_healed":0,"gold_gain":0,"player_choice":"Upgrade and Remove","damage_taken":0,"max_hp_gain":0,"max_hp_loss":0,"event_name":"Designer","floor":31,"gold_loss":110,"cards_upgraded":["Defend_R"]}],"is_beta":false,"boss_relics":[{"not_picked":["Black Star","Coffee Dripper"],"picked":"Snecko Eye"},{"not_picked":["Tiny House","Fusion Hammer"],"picked":"Sozu"}],"items_purged_floors":[8,19],"is_endless":false,"potions_floor_spawned":[1,7,13,14,20,22,33,37,38],"killed_by":"Reptomancer","ascension_level":20}}