{"host":"7qqg3hyzrz6apiso","time":1612028335,"event":{"mods":["AchievementEnabler","BaseMod","Better Debug","Colored Map","Keyboard Shortcuts","Minty Spire (QoL Compilation)","Permanent Neow","Quick Restart","StSLib","SuperFastMode"],"gold_per_floor":[19,35,35,35,35,35,52,52,78,78,253,266,278,293,293,394,394,408,408,183,183,21,21,36,36,36,36,36,36,55,66,66,66,66],"floor_reached":33,"language":"KOR","playtime":1235,"items_purged":[],"score":310,"play_id":"58093505-5060-4384-8f83-55fe5351cbf6","local_time":"20210131023855","is_ascension_mode":false,"campfire_choices":[{"data":"1","floor":6.0,"key":"LIFT"},{"data":"Eruption","floor":8.0,"key":"SMITH"},{"data":"Pray","floor":10.0,"key":"SMITH"},{"floor":15.0,"key":"REST"},{"floor":23,"key":"REST"},{"data":"Apotheosis","floor":27,"key":"SMITH"},{"data":"Establishment","floor":29,"key":"SMITH"},{"floor":32,"key":"REST"}],"circlet_count":0,"master_deck":["Defend_P+1","Defend_P","Defend_P","Defend_P","Eruption+1","Vigilance","BowlingBash","FollowUp","Pray+1","Doubt","LikeWater","SandsOfTime","Blasphemy","ReachHeaven","Bite","Bite","Bite","Bite","Bite","Apotheosis+1","Prostrate","Prostrate","Wireheading+1","Establishment+1","EmptyFist","Evaluate"],"relics":["PureWater","Girya","PreservedInsect","Pen Nib","Membership Card","Bottled Flame"],"acts_visited":["Exordium","TheCity"],"potions_floor_usage":[18,31],"damage_taken":[{"damage":3.0,"enemies":"Small Slimes","floor":1.0,"turns":4.0},{"damage":0.0,"enemies":"2 Louse","floor":2.0,"turns":2.0},{"damage":0.0,"enemies":"Cultist","floor":7.0,"turns":1.0},{"damage":2.0,"enemies":"Looter","floor":12.0,"turns":5.0},{"damage":9.0,"enemies":"Large Slime","floor":13.0,"turns":4.0},{"damage":0.0,"enemies":"Blue Slaver","floor":14.0,"turns":5.0},{"damage":0.0,"enemies":"Slime Boss","floor":16.0,"turns":4.0},{"damage":47,"enemies":"3 Byrds","floor":18,"turns":6},{"damage":6,"enemies":"Spheric Guardian","floor":24,"turns":7},{"damage":8,"enemies":"Snecko","floor":30,"turns":6},{"damage":32,"enemies":"Snake Plant","floor":31,"turns":4},{"damage":62,"enemies":"Champ","floor":33,"turns":7}],"seed_played":"-709425094813321703","potions_obtained":[{"floor":7.0,"key":"Explosive Potion"},{"floor":16.0,"key":"FearPotion"},{"floor":24,"key":"AttackPotion"}],"is_trial":false,"path_per_floor":["M","M","?","?","?","R","M","R","T","R","?","M","M","M","R","B",null,"M","?","$","?","$","R","M","$","T","R","?","R","M","M","R","B"],"character_chosen":"WATCHER","items_purchased":["Apotheosis","Prostrate","Membership Card","Prostrate"],"campfire_rested":3,"item_purchase_floors":[20,20,22,22],"current_hp_per_floor":[69,69,55,55,55,55,55,55,55,55,55,53,44,44,65,65,72,25,25,25,17,17,33,49,49,49,49,49,49,44,18,34,0,0],"gold":66,"neow_bonus":"ONE_RARE_RELIC","is_daily":false,"chose_seed":false,"campfire_upgraded":4,"win_rate":0.0,"timestamp":1612028335,"path_taken":["M","M","?","?","?","R","?","R","T","R","?","M","M","M","R","BOSS","M","?","$","?","?","R","M","?","T","R","?","R","M","M","R","BOSS"],"items_purchased_type":["Card","Card","Relic","Card"],"build_version":"2020-12-22","purchased_purges":0,"victory":false,"max_hp_per_floor":[72,72,72,72,72,72,72,72,72,72,72,72,72,72,72,72,72,72,50,50,55,55,55,55,55,55,55,55,55,55,55,55,55,55],"card_choices":[{"not_picked":["SashWhip","PathToVictory"],"picked":"BowlingBash","floor":1.0},{"not_picked":["JustLucky","WaveOfTheHand"],"picked":"FollowUp","floor":2.0},{"not_picked":["Protect","Crescendo"],"picked":"Pray","floor":7.0},{"not_picked":["Protect","InnerPeace"],"picked":"LikeWater","floor":12.0},{"not_picked":["Weave","Collect","Sanctity"],"picked":"SKIP","floor":13.0},{"not_picked":["CutThroughFate","Wallop"],"picked":"SandsOfTime","floor":14.0},{"not_picked":["Omniscience","Wish"],"picked":"Blasphemy","floor":16.0},{"not_picked":["Nirvana","Crescendo"],"picked":"ReachHeaven","floor":18},{"not_picked":["SashWhip","JustLucky"],"picked":"Wireheading+1","floor":24},{"not_picked":["FlyingSleeves+1","Crescendo"],"picked":"EmptyFist","floor":30},{"not_picked":["Meditate","CrushJoints+1"],"picked":"Evaluate","floor":31}],"player_experience":178154,"relics_obtained":[{"floor":9.0,"key":"Pen Nib"},{"floor":26,"key":"Bottled Flame"}],"event_choices":[{"damage_healed":0.0,"max_hp_gain":0.0,"max_hp_loss":0.0,"gold_gain":0.0,"event_name":"Shining Light","player_choice":"Entered Light","floor":3.0,"gold_loss":0.0,"damage_taken":14.0,"cards_upgraded":["Strike_P","Defend_P"]},{"damage_healed":0.0,"max_hp_gain":0.0,"max_hp_loss":0.0,"gold_gain":0.0,"event_name":"Big Fish","player_choice":"Box","floor":4.0,"gold_loss":0.0,"damage_taken":0.0,"relics_obtained":["PreservedInsect"],"cards_obtained":["Regret"]},{"cards_removed":["Regret"],"damage_healed":0.0,"max_hp_gain":0.0,"max_hp_loss":0.0,"gold_gain":0.0,"event_name":"Fountain of Cleansing","player_choice":"Removed Curses","floor":5.0,"gold_loss":0.0,"damage_taken":0.0},{"damage_healed":0.0,"max_hp_gain":0.0,"max_hp_loss":0.0,"gold_gain":175.0,"event_name":"Liars Game","player_choice":"AGREE","floor":11.0,"gold_loss":0.0,"damage_taken":0.0,"cards_obtained":["Doubt"]},{"damage_healed":0,"gold_gain":0,"player_choice":"Became a vampire","damage_taken":0,"max_hp_gain":0,"max_hp_loss":22,"event_name":"Vampires","floor":19,"gold_loss":0,"cards_obtained":["Bite","Bite","Bite","Bite","Bite"]},{"damage_healed":0,"gold_gain":0,"player_choice":"Shed Blood","damage_taken":13,"max_hp_gain":5,"max_hp_loss":0,"event_name":"Forgotten Altar","floor":21,"gold_loss":0},{"damage_healed":0,"gold_gain":0,"player_choice":"Read","damage_taken":0,"max_hp_gain":0,"max_hp_loss":0,"event_name":"The Library","floor":28,"gold_loss":0,"cards_obtained":["Establishment"]}],"is_beta":false,"boss_relics":[{"not_picked":["Cursed Key","Runic Dome","Velvet Choker"]}],"items_purged_floors":[],"is_endless":false,"potions_floor_spawned":[7,16,24],"killed_by":"Champ","ascension_level":0}}