{"host":"xp5rvh2jwe2ejyfm","time":1612025049,"event":{"mods":["Aspiration","BaseMod","BetterRewards","Colored Powertips","Conspire","Downfall","Duelist Mod","GifTheSpireLib","Gremlin Mod","Hermit","Hubris","Minty Spire (QoL Compilation)","Robot Space Explorer","StSLib","The Blackbeard","The Clintock","The Construct","The Cursed","The Disciple","The Forsaken","The Hierophant","The Necromancer","The Runesmith","The Servant 0.9.4"],"gold_per_floor":[113,188,207,13,25,60,60,80,80,90,102,102,102,133,133,229,229,247,6,6,6,6,35,35,55,55,55,70,70,80,92,92,187,187,205,221,221,236,255,36,36,36],"floor_reached":41,"language":"ENG","playtime":1702,"items_purged":[],"score":475,"play_id":"367b6213-92ad-4ecb-9992-9c0b6ab3075b","local_time":"20210130114409","is_ascension_mode":false,"campfire_choices":[{"data":"RobotSpaceExplorer:FreezeRay","floor":7,"key":"SMITH"},{"data":"RobotSpaceExplorer:Electropulse","floor":15,"key":"SMITH"},{"floor":24,"key":"RECALL"},{"floor":27,"key":"REST"},{"floor":32,"key":"REST"}],"circlet_count":0,"master_deck":["RobotSpaceExplorer:Strike","RobotSpaceExplorer:Strike","RobotSpaceExplorer:Strike","RobotSpaceExplorer:Strike","RobotSpaceExplorer:Defend","RobotSpaceExplorer:Defend","RobotSpaceExplorer:Defend+1","RobotSpaceExplorer:Defend+1","RobotSpaceExplorer:Scan","RobotSpaceExplorer:MiniLasers","RobotSpaceExplorer:MiniDrones","RobotSpaceExplorer:FreezeRay+1","RobotSpaceExplorer:ScrapMissile","RobotSpaceExplorer:MiniDrones","RobotSpaceExplorer:Electropulse+1","RobotSpaceExplorer:Probe","RobotSpaceExplorer:Ammunition","RobotSpaceExplorer:DoubleFind+1","RobotSpaceExplorer:PowerGlove","RobotSpaceExplorer:TrailblazerForm","RobotSpaceExplorer:Probe","RobotSpaceExplorer:Fix","RobotSpaceExplorer:MetalStrike","RobotSpaceExplorer:MiniDrones","RobotSpaceExplorer:MetalStrike+1","RobotSpaceExplorer:ScrapMissile","RobotSpaceExplorer:Scanner","RobotSpaceExplorer:FrostMissile+1","RobotSpaceExplorer:ScrapMissile+1","RobotSpaceExplorer:TrailblazerForm","RobotSpaceExplorer:Discharger","RobotSpaceExplorer:MetalStrike","RobotSpaceExplorer:Accelerator"],"relics":["RobotSpaceExplorer:RoboCore","aspiration:Nostalgia","hierophant:PropheticMaskRelic","Sling","hubris:OldNail","Kunai","Strawberry","aspiration:SecretTechniqueScroll","Letter Opener","aspiration:RitualStick","Tiny Chest","hubris:ScarierMask","War Paint"],"acts_visited":["Exordium","TheCity","TheBeyond"],"potions_floor_usage":[6,11,18,18,18,18,23,23,31,33,39,39,39],"damage_taken":[{"damage":0,"enemies":"Small Slimes","floor":1,"turns":3},{"damage":1,"enemies":"Jaw Worm","floor":3,"turns":3},{"damage":0,"enemies":"2 Louse","floor":5,"turns":3},{"damage":9,"enemies":"Gremlin Nob","floor":6,"turns":4},{"damage":0,"enemies":"Blue Slaver","floor":8,"turns":3},{"damage":0,"enemies":"Looter","floor":10,"turns":3},{"damage":5,"enemies":"Large Slime","floor":11,"turns":6},{"damage":7,"enemies":"3 Sentries","floor":14,"turns":3},{"damage":49,"enemies":"The Guardian","floor":16,"turns":10},{"damage":0,"enemies":"conspire:FuzzyDice","floor":18,"turns":5},{"damage":1,"enemies":"theDuelist:KaibaA2","floor":23,"turns":3},{"damage":23,"enemies":"2 Thieves","floor":25,"turns":3},{"damage":23,"enemies":"Snake Plant","floor":28,"turns":4},{"damage":14,"enemies":"Centurion and Healer","floor":30,"turns":6},{"damage":1,"enemies":"Snecko","floor":31,"turns":5},{"damage":0,"enemies":"Automaton","floor":33,"turns":8},{"damage":28,"enemies":"3 Darklings","floor":35,"turns":4},{"damage":18,"enemies":"Orb Walker","floor":36,"turns":4},{"damage":15,"enemies":"Jaw Worm Horde","floor":38,"turns":3},{"damage":25,"enemies":"Writhing Mass","floor":39,"turns":6},{"damage":31,"enemies":"Nemesis","floor":41,"turns":3}],"seed_played":"9202440836700147970","potions_obtained":[{"floor":1,"key":"SneckoOil"},{"floor":6,"key":"Regen Potion"},{"floor":8,"key":"construct:ShiftPotion"},{"floor":16,"key":"EntropicBrew"},{"floor":18,"key":"Explosive Potion"},{"floor":28,"key":"RobotSpaceExplorer:RecyclePotion"},{"floor":30,"key":"Block Potion"},{"floor":33,"key":"SteroidPotion"},{"floor":36,"key":"FearPotion"},{"floor":38,"key":"Dexterity Potion"}],"is_trial":false,"path_per_floor":["M","?","M","$","M","E","R","M","T","M","M","?","?","E","R","B",null,"M","$","?","?","?","E","R","M","T","R","M","$","M","M","R","B",null,"M","M","?","M","M","$","E"],"character_chosen":"RobotSpaceExplorer","items_purchased":["Sling","RobotSpaceExplorer:ScrapMissile","Letter Opener","War Paint","RobotSpaceExplorer:Accelerator"],"campfire_rested":2,"item_purchase_floors":[4,4,19,40,40],"current_hp_per_floor":[75,64,63,63,63,54,54,54,54,54,64,64,64,64,64,15,82,82,82,82,82,66,65,65,42,42,66,47,47,37,40,64,68,82,54,40,40,29,8,8,0,0],"gold":36,"neow_bonus":"NOSTALGIA","is_daily":false,"chose_seed":false,"campfire_upgraded":2,"win_rate":0.0,"timestamp":1612025049,"path_taken":["M","?","M","$","M","E","R","M","T","M","M","?","?","E","R","BOSS","M","$","?","?","?","E","R","?","T","R","M","?","M","M","R","BOSS","M","M","?","M","M","$","E"],"items_purchased_type":["Relic","Card","Relic","Relic","Card"],"build_version":"2020-12-22","purchased_purges":0,"victory":false,"max_hp_per_floor":[75,75,75,75,75,75,75,75,75,75,75,75,75,82,82,82,82,82,82,82,82,82,82,82,82,82,82,82,82,82,82,82,82,82,82,82,82,82,82,82,82,82],"card_choices":[{"not_picked":["RobotSpaceExplorer:Smokescreen","RobotSpaceExplorer:ImprovisedAttack"],"picked":"RobotSpaceExplorer:MiniDrones","floor":1},{"not_picked":["RobotSpaceExplorer:Probe","RobotSpaceExplorer:Ammunition"],"picked":"RobotSpaceExplorer:FreezeRay","floor":3},{"not_picked":["RobotSpaceExplorer:Fix","RobotSpaceExplorer:MetalStrike"],"picked":"RobotSpaceExplorer:MiniDrones","floor":5},{"not_picked":["RobotSpaceExplorer:SurgingStrike","RobotSpaceExplorer:PowerCollector"],"picked":"RobotSpaceExplorer:Electropulse","floor":6},{"not_picked":["RobotSpaceExplorer:SelfCleaning","RobotSpaceExplorer:Calculate"],"picked":"RobotSpaceExplorer:Probe","floor":8},{"not_picked":["RobotSpaceExplorer:ScrapShield","RobotSpaceExplorer:Counterblock"],"picked":"RobotSpaceExplorer:Ammunition","floor":10},{"not_picked":["RobotSpaceExplorer:MiniDrones","RobotSpaceExplorer:PowerCollector"],"picked":"RobotSpaceExplorer:DoubleFind","floor":11},{"not_picked":["RobotSpaceExplorer:IronShell","RobotSpaceExplorer:Scanner"],"picked":"RobotSpaceExplorer:PowerGlove","floor":14},{"not_picked":["RobotSpaceExplorer:Wormhole","RobotSpaceExplorer:Comet"],"picked":"RobotSpaceExplorer:TrailblazerForm","floor":16},{"not_picked":["RobotSpaceExplorer:FranticSearch","RobotSpaceExplorer:SwiftStep"],"picked":"RobotSpaceExplorer:Probe","floor":18},{"not_picked":["RobotSpaceExplorer:FranticSearch","RobotSpaceExplorer:ShockKick+1"],"picked":"RobotSpaceExplorer:Fix","floor":23},{"not_picked":["RobotSpaceExplorer:SlimeMissile","RobotSpaceExplorer:Pulsar"],"picked":"RobotSpaceExplorer:MetalStrike","floor":25},{"not_picked":["RobotSpaceExplorer:MetalStrike","RobotSpaceExplorer:SurgingStrike"],"picked":"RobotSpaceExplorer:MiniDrones","floor":28},{"not_picked":["RobotSpaceExplorer:SurgingShield","RobotSpaceExplorer:DoubleFind"],"picked":"RobotSpaceExplorer:MetalStrike+1","floor":30},{"not_picked":["RobotSpaceExplorer:Reload","RobotSpaceExplorer:ShockKick"],"picked":"RobotSpaceExplorer:ScrapMissile","floor":31},{"not_picked":["RobotSpaceExplorer:Asteroid","RobotSpaceExplorer:Arsenal"],"picked":"RobotSpaceExplorer:Scanner","floor":33},{"not_picked":["RobotSpaceExplorer:JunkDive+1","RobotSpaceExplorer:Jetpack"],"picked":"RobotSpaceExplorer:FrostMissile+1","floor":35},{"not_picked":["RobotSpaceExplorer:StarDust","RobotSpaceExplorer:Pulsar+1"],"picked":"RobotSpaceExplorer:ScrapMissile+1","floor":36},{"not_picked":["RobotSpaceExplorer:FrostMissile","RobotSpaceExplorer:LaserBurst+1"],"picked":"RobotSpaceExplorer:Discharger","floor":38},{"not_picked":["RobotSpaceExplorer:FranticSearch+1","RobotSpaceExplorer:StarDust+1"],"picked":"RobotSpaceExplorer:MetalStrike","floor":39}],"player_experience":363464,"relics_obtained":[{"floor":6,"key":"hubris:OldNail"},{"floor":9,"key":"Kunai"},{"floor":14,"key":"Strawberry"},{"floor":23,"key":"Tiny Chest"}],"event_choices":[{"damage_healed":0,"gold_gain":75,"player_choice":"Gather Gold","damage_taken":11,"max_hp_gain":0,"max_hp_loss":0,"event_name":"World of Goop","floor":2,"gold_loss":0},{"damage_healed":0,"gold_gain":0,"player_choice":"Disagree","damage_taken":0,"max_hp_gain":0,"max_hp_loss":0,"event_name":"conspire:LoneGhost","floor":12,"gold_loss":0},{"damage_healed":0,"gold_gain":0,"player_choice":"Copied","damage_taken":0,"max_hp_gain":0,"max_hp_loss":0,"event_name":"Duplicator","floor":37,"gold_loss":0,"cards_obtained":["RobotSpaceExplorer:TrailblazerForm"]}],"is_beta":false,"boss_relics":[{"not_picked":["conspire:SlowCooker","Runic Pyramid"],"picked":"aspiration:SecretTechniqueScroll"},{"not_picked":["aspiration:MobileForge","theForsaken:PaleLantern"],"picked":"hubris:ScarierMask"}],"items_purged_floors":[],"is_endless":false,"potions_floor_spawned":[1,6,8,16,18,28,30,33,36,38],"killed_by":"Nemesis","ascension_level":0}}