{"host":"93nna06jty81e0ha","time":1612024550,"event":{"mods":["BaseMod","Colored Map","Minty Spire (QoL Compilation)","StSLib"],"gold_per_floor":[110,285,385,404,418,418,445,460,486,486,486,486],"floor_reached":11,"language":"ENG","playtime":507,"items_purged":[],"score":88,"play_id":"c48d397d-9c38-4551-8bb9-a219b8b369b5","local_time":"20210130133550","is_ascension_mode":true,"campfire_choices":[{"data":"Neutralize","floor":6,"key":"SMITH"}],"circlet_count":0,"master_deck":["Strike_G","Strike_G","Strike_G","Strike_G","Strike_G","Defend_G","Defend_G","Defend_G","Defend_G","Defend_G","Survivor","Neutralize+1","Sucker Punch","Tools of the Trade","Prepared","Cloak And Dagger"],"relics":["Ring of the Snake","Omamori","Regal Pillow"],"acts_visited":[],"potions_floor_usage":[11],"damage_taken":[{"damage":0,"enemies":"Small Slimes","floor":1,"turns":3},{"damage":9,"enemies":"Cultist","floor":4,"turns":5},{"damage":1,"enemies":"Jaw Worm","floor":5,"turns":5},{"damage":44,"enemies":"3 Sentries","floor":7,"turns":13},{"damage":8,"enemies":"Looter","floor":8,"turns":4},{"damage":11,"enemies":"Gremlin Nob","floor":11,"turns":3}],"seed_played":"296919121870142566","potions_obtained":[{"floor":4,"key":"SkillPotion"},{"floor":7,"key":"SpeedPotion"},{"floor":8,"key":"SmokeBomb"}],"is_trial":false,"path_per_floor":["M","?","?","M","M","R","E","M","T","?","E"],"character_chosen":"THE_SILENT","items_purchased":[],"campfire_rested":0,"item_purchase_floors":[],"current_hp_per_floor":[70,70,70,61,60,60,16,8,8,8,0,0],"gold":486,"neow_bonus":"THREE_CARDS","is_daily":false,"chose_seed":false,"campfire_upgraded":1,"win_rate":0.0,"timestamp":1612024550,"path_taken":["M","?","?","?","M","R","E","M","T","?","E"],"items_purchased_type":[],"build_version":"2020-12-22","purchased_purges":0,"victory":false,"max_hp_per_floor":[70,70,70,70,70,70,70,70,70,70,70,70],"card_choices":[{"not_picked":["Backflip","Bane"],"picked":"Dagger Throw","floor":0.0},{"not_picked":["Bane","Deadly Poison"],"picked":"Sucker Punch","floor":1},{"not_picked":["Backflip","Acrobatics"],"picked":"Tools of the Trade","floor":4},{"not_picked":["Heel Hook","Dodge and Roll","Infinite Blades"],"picked":"SKIP","floor":5},{"not_picked":["Deadly Poison","Blade Dance"],"picked":"Prepared","floor":7},{"not_picked":["Blade Dance","Bane"],"picked":"Cloak And Dagger","floor":8}],"player_experience":108763,"relics_obtained":[{"floor":7,"key":"Omamori"},{"floor":9,"key":"Regal Pillow"}],"event_choices":[{"damage_healed":0,"gold_gain":175,"player_choice":"AGREE","damage_taken":0,"max_hp_gain":0,"max_hp_loss":0,"event_name":"Liars Game","floor":2,"gold_loss":0,"cards_obtained":["Doubt"]},{"damage_healed":0,"gold_gain":100,"player_choice":"Gold","damage_taken":0,"max_hp_gain":0,"max_hp_loss":0,"event_name":"Wheel of Change","floor":3,"gold_loss":0},{"cards_removed":["Doubt"],"damage_healed":0,"gold_gain":0,"player_choice":"Forget","damage_taken":0,"max_hp_gain":0,"max_hp_loss":0,"event_name":"Living Wall","floor":10,"gold_loss":0}],"is_beta":false,"boss_relics":[],"items_purged_floors":[],"is_endless":false,"potions_floor_spawned":[4,7,8],"killed_by":"Gremlin Nob","ascension_level":4}}