{"host":"gfxjwtol062e9znw","time":1612007426,"event":{"mods":["BaseMod","Colored Map","Minty Spire (QoL Compilation)"],"gold_per_floor":[112,112,112,34,49,75,85,120,196,196,229,179,179,197,197,299,299,318,333,349,349,349],"floor_reached":21,"language":"ENG","playtime":794,"items_purged":[],"score":314,"play_id":"6dada685-2cac-4868-a939-fcd6556423b2","local_time":"20210130225026","is_ascension_mode":true,"campfire_choices":[{"floor":10,"key":"REST"},{"data":"Double Tap","floor":13,"key":"SMITH"},{"data":"Evolve","floor":15,"key":"SMITH"}],"circlet_count":0,"master_deck":["Strike_R","Strike_R","Strike_R","Strike_R","Strike_R","Defend_R","Defend_R","Defend_R","Bash","Perfected Strike+1","Cleave","True Grit","Twin Strike","Double Tap+1","Evolve+1","Reaper","Wild Strike","True Grit+1"],"relics":["Burning Blood","NeowsBlessing","Incense Burner","PreservedInsect","Kunai","Letter Opener","Orichalcum","SlaversCollar"],"acts_visited":["Exordium","TheCity"],"potions_floor_usage":[8,11,19,20,20],"damage_taken":[{"damage":0,"enemies":"Small Slimes","floor":1,"turns":1},{"damage":0,"enemies":"Jaw Worm","floor":5,"turns":1},{"damage":0,"enemies":"Gremlin Nob","floor":6,"turns":1},{"damage":8,"enemies":"2 Louse","floor":7,"turns":2},{"damage":20,"enemies":"Lagavulin","floor":8,"turns":4},{"damage":16,"enemies":"Gremlin Nob","floor":11,"turns":3},{"damage":0,"enemies":"Exordium Wildlife","floor":14,"turns":3},{"damage":10,"enemies":"Slime Boss","floor":16,"turns":9},{"damage":35,"enemies":"Shell Parasite","floor":18,"turns":7},{"damage":9,"enemies":"3 Byrds","floor":19,"turns":4},{"damage":54,"enemies":"Snake Plant","floor":20,"turns":6},{"damage":20,"enemies":"Chosen and Byrds","floor":21,"turns":5}],"seed_played":"814032697995380997","potions_obtained":[{"floor":1,"key":"FearPotion"},{"floor":8,"key":"Dexterity Potion"},{"floor":11,"key":"PowerPotion"},{"floor":14,"key":"LiquidBronze"},{"floor":19,"key":"ElixirPotion"}],"is_trial":false,"path_per_floor":["M","?","?","$","M","E","M","E","T","R","E","?","R","M","R","B",null,"M","M","M","M"],"character_chosen":"IRONCLAD","items_purchased":["Cleave","SteroidPotion"],"campfire_rested":1,"item_purchase_floors":[4,4],"current_hp_per_floor":[78,75,75,75,80,80,78,64,64,80,70,70,70,76,76,72,78,50,53,11,0,0],"gold":349,"neow_bonus":"THREE_ENEMY_KILL","is_daily":false,"chose_seed":false,"campfire_upgraded":2,"win_rate":0.0,"timestamp":1612007426,"path_taken":["M","?","?","$","M","E","M","E","T","R","E","?","R","?","R","BOSS","M","M","M","?"],"items_purchased_type":["Card","Potion"],"build_version":"2020-12-22","purchased_purges":0,"victory":false,"max_hp_per_floor":[80,80,80,80,80,80,80,80,80,80,80,80,80,80,80,80,80,80,80,80,80,80],"card_choices":[{"not_picked":["Searing Blow","Body Slam"],"picked":"Perfected Strike","floor":1},{"not_picked":["Blood for Blood","Entrench","Clash"],"picked":"SKIP","floor":5},{"not_picked":["Havoc","Iron Wave","Second Wind"],"picked":"SKIP","floor":6},{"not_picked":["Havoc","Disarm"],"picked":"True Grit","floor":7},{"not_picked":["Pummel","Havoc"],"picked":"Twin Strike","floor":8},{"not_picked":["Heavy Blade","Uppercut"],"picked":"Double Tap","floor":11},{"not_picked":["Clash","Headbutt"],"picked":"Evolve","floor":14},{"not_picked":["Fiend Fire","Limit Break"],"picked":"Reaper","floor":16},{"not_picked":["Body Slam","Clash","Dropkick+1"],"picked":"SKIP","floor":18},{"not_picked":["Body Slam","Heavy Blade+1"],"picked":"Wild Strike","floor":19},{"not_picked":["Anger","Heavy Blade"],"picked":"True Grit+1","floor":20}],"player_experience":52835,"relics_obtained":[{"floor":6,"key":"PreservedInsect"},{"floor":8,"key":"Kunai"},{"floor":9,"key":"Letter Opener"},{"floor":11,"key":"Orichalcum"}],"event_choices":[{"damage_healed":0,"gold_gain":0,"player_choice":"Success","damage_taken":3,"relics_obtained":["Incense Burner"],"max_hp_gain":0,"max_hp_loss":0,"event_name":"Scrap Ooze","floor":2,"gold_loss":0},{"damage_healed":0,"gold_gain":0,"player_choice":"Grow","damage_taken":0,"max_hp_gain":0,"max_hp_loss":0,"event_name":"Living Wall","floor":3,"gold_loss":0,"cards_upgraded":["Perfected Strike"]},{"cards_removed":["Defend_R"],"damage_healed":0,"gold_gain":0,"player_choice":"Card Removal","damage_taken":0,"max_hp_gain":0,"max_hp_loss":0,"event_name":"The Cleric","floor":12,"gold_loss":50}],"is_beta":false,"boss_relics":[{"not_picked":["Ectoplasm","Empty Cage"],"picked":"SlaversCollar"}],"items_purged_floors":[],"is_endless":false,"potions_floor_spawned":[1,8,11,14,19],"killed_by":"Chosen and Byrds","ascension_level":8}}