{"host":"ysj15tgd1sneq0s0","time":1612015282,"event":{"mods":["AchievementEnabler","BaseMod","DeckTracker","Highlight Path","Minty Spire (QoL Compilation)","Permanent Neow","Quick Restart","StSLib","SuperFastMode","everything is the same but u backflip on backflip"],"gold_per_floor":[211,226,46,46,61,100,100,134,134,155,176,176,176,195,195,316,316,316,241,340,172,186,186,222,235,235,260,276,276,276],"floor_reached":29,"language":"KOR","playtime":1026,"items_purged":["Strike_G"],"score":261,"play_id":"6d594adb-d047-444d-bd52-7a3a015e8558","local_time":"20210130230122","is_ascension_mode":true,"campfire_choices":[{"floor":7,"key":"REST"},{"floor":15,"key":"REST"},{"data":"Catalyst","floor":23,"key":"SMITH"}],"circlet_count":0,"master_deck":["Strike_G+1","Strike_G+1","Strike_G","Strike_G","Defend_G","Defend_G","Defend_G","Defend_G","Defend_G","Survivor","Neutralize","Prepared","Deadly Poison","Slice","Catalyst+1","Corpse Explosion","Deadly Poison","Blade Dance","Die Die Die+1","Noxious Fumes","Poisoned Stab+1","Poisoned Stab+1","Endless Agony+1","Prepared+1","Deflect+1"],"relics":["Ring of the Snake","Bag of Marbles","Golden Idol","Whetstone","Molten Egg 2","InkBottle","Black Star","Red Mask","Matryoshka"],"acts_visited":["Exordium","TheCity"],"potions_floor_usage":[8,8,8,14,16,16,18,28,28],"damage_taken":[{"damage":0,"enemies":"Cultist","floor":1,"turns":3},{"damage":8,"enemies":"Jaw Worm","floor":2,"turns":5},{"damage":0,"enemies":"Small Slimes","floor":5,"turns":3},{"damage":35,"enemies":"3 Sentries","floor":6,"turns":10},{"damage":13,"enemies":"Gremlin Nob","floor":8,"turns":4},{"damage":6,"enemies":"Looter","floor":10,"turns":3},{"damage":8,"enemies":"Blue Slaver","floor":11,"turns":3},{"damage":0,"enemies":"Large Slime","floor":14,"turns":2},{"damage":21,"enemies":"Hexaghost","floor":16,"turns":7},{"damage":0,"enemies":"2 Thieves","floor":18,"turns":1},{"damage":12,"enemies":"3 Byrds","floor":22,"turns":3},{"damage":0,"enemies":"Masked Bandits","floor":24,"turns":2},{"damage":39,"enemies":"Snake Plant","floor":25,"turns":4},{"damage":2,"enemies":"3 Cultists","floor":27,"turns":3},{"damage":13,"enemies":"Centurion and Healer","floor":28,"turns":5},{"damage":0,"enemies":"Chosen and Byrds","floor":29,"turns":4}],"seed_played":"264238002785141046","potions_obtained":[{"floor":1,"key":"SpeedPotion"},{"floor":5,"key":"EntropicBrew"},{"floor":11,"key":"Fire Potion"},{"floor":14,"key":"PowerPotion"},{"floor":16,"key":"EssenceOfSteel"},{"floor":22,"key":"Weak Potion"},{"floor":24,"key":"Strength Potion"},{"floor":28,"key":"Explosive Potion"}],"is_trial":false,"path_per_floor":["M","M","$","?","M","E","R","E","T","M","M","?","?","M","R","B",null,"M","?","?","$","M","R","?","M","T","M","M","M"],"character_chosen":"THE_SILENT","items_purchased":["Bag of Marbles","Slice","Noxious Fumes","Poisoned Stab+1"],"campfire_rested":2,"item_purchase_floors":[3,3,21,21],"current_hp_per_floor":[70,62,62,45,45,10,31,18,18,12,4,4,21,21,42,21,70,70,67,67,67,55,55,55,16,16,14,1,1,1],"gold":276,"neow_bonus":"HUNDRED_GOLD","is_daily":false,"chose_seed":false,"campfire_upgraded":1,"win_rate":0.0,"timestamp":1612015282,"path_taken":["M","?","$","?","M","E","R","E","T","M","M","?","?","M","R","BOSS","M","?","?","$","M","R","?","M","T","M","M","M"],"items_purchased_type":["Relic","Card","Card","Card"],"build_version":"2020-12-22","purchased_purges":1,"victory":false,"max_hp_per_floor":[70,70,70,70,70,70,70,70,70,70,70,70,70,70,70,70,70,70,67,67,67,67,67,67,67,67,67,67,67,67],"card_choices":[{"not_picked":["Crippling Poison","Outmaneuver"],"picked":"Prepared","floor":1},{"not_picked":["Acrobatics","Underhanded Strike"],"picked":"Deadly Poison","floor":2},{"not_picked":["Outmaneuver","Dagger Spray"],"picked":"Catalyst","floor":5},{"not_picked":["Dodge and Roll","Doppelganger","Distraction"],"picked":"SKIP","floor":6},{"not_picked":["Choke+1","Dagger Spray+1"],"picked":"Corpse Explosion","floor":8},{"not_picked":["Acrobatics","PiercingWail","Calculated Gamble"],"picked":"SKIP","floor":10},{"not_picked":["Choke+1","Well Laid Plans"],"picked":"Deadly Poison","floor":11},{"not_picked":["Acrobatics","Quick Slash+1"],"picked":"Blade Dance","floor":14},{"not_picked":["Phantasmal Killer","Venomology"],"picked":"Die Die Die+1","floor":16},{"not_picked":["Quick Slash+1","Dodge and Roll"],"picked":"Poisoned Stab+1","floor":22},{"not_picked":["Prepared","Outmaneuver"],"picked":"Endless Agony+1","floor":24},{"not_picked":["Tactician","Expertise","Terror"],"picked":"SKIP","floor":25},{"not_picked":["Expertise","Reflex+1"],"picked":"Prepared+1","floor":27},{"not_picked":["Dodge and Roll","Backflip"],"picked":"Deflect+1","floor":28}],"player_experience":50686,"relics_obtained":[{"floor":6,"key":"Whetstone"},{"floor":8,"key":"Molten Egg 2"},{"floor":9,"key":"InkBottle"},{"floor":24,"key":"Red Mask"},{"floor":26,"key":"Matryoshka"}],"event_choices":[{"damage_healed":0,"gold_gain":0,"player_choice":"Take Damage","damage_taken":17,"relics_obtained":["Golden Idol"],"max_hp_gain":0,"max_hp_loss":0,"event_name":"Golden Idol","floor":4,"gold_loss":0},{"damage_healed":0,"gold_gain":0,"player_choice":"Fled","damage_taken":0,"max_hp_gain":0,"max_hp_loss":0,"event_name":"Scrap Ooze","floor":12,"gold_loss":0},{"damage_healed":17,"gold_gain":0,"player_choice":"Healed and dodged fight","damage_taken":0,"max_hp_gain":0,"max_hp_loss":0,"event_name":"Mushrooms","floor":13,"gold_loss":0,"cards_obtained":["Parasite"]},{"cards_removed":["Parasite"],"damage_healed":0,"gold_gain":0,"player_choice":"Gave Gold","damage_taken":0,"max_hp_gain":0,"max_hp_loss":0,"event_name":"Beggar","floor":19,"gold_loss":75},{"damage_healed":0,"gold_gain":99,"player_choice":"Stole From Cult","damage_taken":0,"max_hp_gain":0,"max_hp_loss":0,"event_name":"Nest","floor":20,"gold_loss":0},{"damage_healed":0,"gold_gain":0,"player_choice":"Fought Bandits","damage_taken":0,"max_hp_gain":0,"max_hp_loss":0,"event_name":"Masked Bandits","floor":24,"gold_loss":0}],"is_beta":false,"boss_relics":[{"not_picked":["Fusion Hammer","Astrolabe"],"picked":"Black Star"}],"items_purged_floors":[21],"is_endless":false,"potions_floor_spawned":[1,5,11,14,16,22,24,28],"killed_by":"Chosen and Byrds","ascension_level":2}}