{"host":"q6r63elxu27obe7v","time":1612010280,"event":{"mods":["BaseMod","DeckTracker","Keyboard Shortcuts","Minty Spire (QoL Compilation)","Permanent Neow","Quick Restart","StSLib","SuperFastMode","Swap Starting Deck Mod"],"gold_per_floor":[109,119,138,149,159,184,184,200,200,30,30,30],"floor_reached":11,"language":"KOR","playtime":477,"items_purged":[],"score":81,"play_id":"44a60af9-a0db-418a-b13e-5fad42e47c5d","local_time":"20210130213800","is_ascension_mode":true,"campfire_choices":[{"floor":7,"key":"RECALL"}],"circlet_count":0,"master_deck":["Strike_G","Strike_G","Strike_G","Strike_G","Strike_G","Defend_G","Defend_G","Defend_G","Defend_G","Defend_G","Survivor","Neutralize","CurseOfTheBell","Underhanded Strike","Eviscerate","Slice","Underhanded Strike","PiercingWail","Blade Dance"],"relics":["Calling Bell","Blood Vial","Sundial","Ginger","Gremlin Horn","Medical Kit"],"acts_visited":["Exordium"],"potions_floor_usage":[8,11,11],"damage_taken":[{"damage":0,"enemies":"Cultist","floor":1,"turns":5},{"damage":0,"enemies":"Small Slimes","floor":2,"turns":4},{"damage":2,"enemies":"2 Louse","floor":3,"turns":3},{"damage":8,"enemies":"Blue Slaver","floor":4,"turns":4},{"damage":12,"enemies":"2 Fungi Beasts","floor":5,"turns":6},{"damage":24,"enemies":"Gremlin Nob","floor":6,"turns":4},{"damage":7,"enemies":"Gremlin Gang","floor":8,"turns":4},{"damage":40,"enemies":"Lagavulin","floor":11,"turns":5}],"seed_played":"-2912501783982345470","potions_obtained":[{"floor":3,"key":"FearPotion"},{"floor":5,"key":"SkillPotion"},{"floor":6,"key":"LiquidMemories"}],"is_trial":false,"path_per_floor":["M","M","M","M","M","E","R","M","T","$","E"],"character_chosen":"THE_SILENT","items_purchased":["Blade Dance","Medical Kit"],"campfire_rested":0,"item_purchase_floors":[10,10],"current_hp_per_floor":[70,70,68,62,52,30,30,25,25,25,0,0],"gold":30,"neow_bonus":"BOSS_RELIC","is_daily":false,"chose_seed":false,"campfire_upgraded":0,"win_rate":0.0,"timestamp":1612010280,"path_taken":["M","M","?","M","M","E","R","M","T","$","E"],"items_purchased_type":["Card","Relic"],"build_version":"2020-12-22","purchased_purges":0,"victory":false,"max_hp_per_floor":[70,70,70,70,70,70,70,70,70,70,70,70],"card_choices":[{"not_picked":["Riddle With Holes","Terror","Dagger Throw"],"picked":"SKIP","floor":1},{"not_picked":["Blade Dance","All Out Attack"],"picked":"Underhanded Strike","floor":2},{"not_picked":["Riddle With Holes","Infinite Blades"],"picked":"Eviscerate","floor":3},{"not_picked":["Endless Agony","Sucker Punch","Terror"],"picked":"SKIP","floor":4},{"not_picked":["Acrobatics","Outmaneuver"],"picked":"Slice","floor":5},{"not_picked":["Poisoned Stab","Sucker Punch"],"picked":"Underhanded Strike","floor":6},{"not_picked":["Dash","Dagger Throw"],"picked":"PiercingWail","floor":8}],"player_experience":43528,"relics_obtained":[{"floor":0,"key":"Blood Vial"},{"floor":0,"key":"Sundial"},{"floor":0,"key":"Ginger"},{"floor":6,"key":"Gremlin Horn"}],"event_choices":[],"is_beta":false,"boss_relics":[],"items_purged_floors":[],"is_endless":false,"potions_floor_spawned":[3,5,6],"killed_by":"Lagavulin","ascension_level":1}}