{"host":"q6ff4ns2kep02ti6","time":1612041864,"event":{"mods":["AchievementEnabler","BaseMod","Minty Spire (QoL Compilation)","Relic Stats","StSLib","Unceasing Turn Reminder"],"gold_per_floor":[99,99,99,59,59,59,59,59,59,59,59,59,59,59,59,59,59],"floor_reached":16,"language":"ENG","playtime":844,"items_purged":[],"score":232,"play_id":"521d33f2-a535-4012-99e8-c3d395337f2f","local_time":"20210130222424","is_ascension_mode":true,"campfire_choices":[{"data":"Armaments","floor":7,"key":"SMITH"},{"data":"Uppercut","floor":10,"key":"SMITH"},{"data":"Shockwave","floor":15,"key":"SMITH"}],"circlet_count":0,"master_deck":["AscendersBane","Strike_R","Strike_R","Strike_R","Strike_R","Strike_R","Defend_R","Defend_R","Defend_R","Defend_R","Bash","Dark Embrace","Cleave","Metallicize","Uppercut+1","Pommel Strike","Armaments+1","Power Through","Shockwave+1","Dual Wield"],"relics":["Ectoplasm","Question Card","Bag of Marbles","Tiny Chest"],"acts_visited":["Exordium"],"potions_floor_usage":[6],"damage_taken":[{"damage":0,"enemies":"Cultist","floor":1,"turns":3},{"damage":2,"enemies":"Small Slimes","floor":2,"turns":4},{"damage":0,"enemies":"2 Louse","floor":3,"turns":3},{"damage":16,"enemies":"Exordium Thugs","floor":4,"turns":4},{"damage":21,"enemies":"Large Slime","floor":5,"turns":6},{"damage":17,"enemies":"3 Sentries","floor":6,"turns":6},{"damage":1,"enemies":"3 Louse","floor":11,"turns":3},{"damage":14,"enemies":"Lagavulin","floor":12,"turns":7},{"damage":4,"enemies":"Blue Slaver","floor":13,"turns":2},{"damage":1,"enemies":"Red Slaver","floor":14,"turns":2},{"damage":17,"enemies":"Slime Boss","floor":16,"turns":8}],"seed_played":"-8661715727769454344","potions_obtained":[{"floor":2,"key":"DuplicationPotion"},{"floor":6,"key":"FearPotion"},{"floor":13,"key":"LiquidBronze"}],"is_trial":false,"path_per_floor":["M","M","M","M","M","E","R","?","T","R","M","E","M","M","R","B"],"character_chosen":"IRONCLAD","items_purchased":[],"campfire_rested":0,"item_purchase_floors":[],"current_hp_per_floor":[68,66,66,50,29,12,12,37,37,37,36,22,18,17,17,0,0],"gold":59,"neow_bonus":"BOSS_RELIC","is_daily":false,"chose_seed":false,"campfire_upgraded":3,"win_rate":0.0,"timestamp":1612041864,"path_taken":["M","M","M","M","?","E","R","?","T","R","M","E","M","M","R","BOSS"],"items_purchased_type":[],"build_version":"2020-12-22","purchased_purges":0,"victory":false,"max_hp_per_floor":[75,75,75,75,75,75,75,75,75,75,75,75,75,75,75,75,75],"relic_stats":{"counters":[11,48],"Tiny Chest":0,"Ectoplasm":234,"Question Card":4,"obtain_stats":[{"Tiny Chest":12,"Ectoplasm":0,"Bag of Marbles":9,"Question Card":6,"Burning Blood":0},{"Tiny Chest":8,"Ectoplasm":0,"Bag of Marbles":6,"Question Card":6,"Burning Blood":0},{"Tiny Chest":36,"Ectoplasm":0,"Bag of Marbles":26,"Question Card":26,"Burning Blood":0}]},"card_choices":[{"not_picked":["Anger","Thunderclap"],"picked":"Dark Embrace","floor":1},{"not_picked":["Havoc","Flex"],"picked":"Cleave","floor":2},{"not_picked":["Clash","Anger"],"picked":"Metallicize","floor":3},{"not_picked":["Cleave","Bludgeon"],"picked":"Uppercut","floor":4},{"not_picked":["Infernal Blade","True Grit"],"picked":"Pommel Strike","floor":5},{"not_picked":["Reckless Charge","Body Slam"],"picked":"Armaments","floor":6},{"not_picked":["Body Slam","Heavy Blade","Dark Embrace"],"picked":"Power Through","floor":11},{"not_picked":["Wild Strike","Perfected Strike","Havoc"],"picked":"Shockwave","floor":12},{"not_picked":["Rampage","Twin Strike","Sentinel","Blood for Blood"],"picked":"SKIP","floor":13},{"not_picked":["Iron Wave","Sword Boomerang","Uppercut"],"picked":"Dual Wield","floor":14}],"player_experience":1030391,"relics_obtained":[{"floor":6,"key":"Question Card"},{"floor":9,"key":"Bag of Marbles"},{"floor":12,"key":"Tiny Chest"}],"event_choices":[{"damage_healed":25,"gold_gain":0,"player_choice":"Banana","damage_taken":0,"max_hp_gain":0,"max_hp_loss":0,"event_name":"Big Fish","floor":8,"gold_loss":0}],"is_beta":false,"boss_relics":[],"items_purged_floors":[],"is_endless":false,"potions_floor_spawned":[2,6,13],"killed_by":"Slime Boss","ascension_level":20}}