{"host":"kipy315whq7pv20a","time":1612047201,"event":{"mods":["BaseMod","Downfall","Minty Spire (QoL Compilation)","Replay The Spire","StSLib"],"gold_per_floor":[99,111,111,128,10,24,73,89,264,281,281,281,281,293,312,312,312,312],"floor_reached":16,"language":"ENG","playtime":1394,"items_purged":[],"score":119,"play_id":"98d08d7e-7d04-4ce7-98f7-ee5580af0871","local_time":"20210130235321","is_ascension_mode":false,"campfire_choices":[{"floor":13,"key":"RECALL"}],"circlet_count":0,"master_deck":["sneckomod:Strike","sneckomod:Strike","sneckomod:Strike","sneckomod:Defend","sneckomod:Defend","sneckomod:Defend","sneckomod:TailWhip","sneckomod:SnekBite","sneckomod:Unknown","Seek","sneckomod:DiceBoulder","Seek","sneckomod:RainOfDice","sneckomod:UnknownExhaust","sneckomod:CheapStock","sneckomod:UnknownStrike","sneckomod:UnknownCommonSkill","sneckomod:Unknown1Cost","Doubt","sneckomod:DiceCrush","sneckomod:UnknownBoss","sneckomod:UnknownCommonAttack"],"relics":["sneckomod:SneckoSoul","Replay:Wax Seal","Ancient Tea Set","Divine Protection"],"acts_visited":["Exordium"],"potions_floor_usage":[14,16],"damage_taken":[{"damage":1,"enemies":"Jaw Worm","floor":2,"turns":3},{"damage":1,"enemies":"Cultist","floor":4,"turns":3},{"damage":5,"enemies":"downfall:FleeingMerchant","floor":5,"turns":4},{"damage":6,"enemies":"Small Slimes","floor":6,"turns":3},{"damage":10,"enemies":"Exordium Wildlife","floor":8,"turns":4},{"damage":11,"enemies":"Red Slaver","floor":10,"turns":4},{"damage":0,"enemies":"Exordium Thugs","floor":14,"turns":3},{"damage":0,"enemies":"Large Slime","floor":15,"turns":5},{"damage":116,"enemies":"WA_ARCHETYPE_RETAIN","floor":16,"turns":10}],"seed_played":"8025328402641475059","potions_obtained":[{"floor":4,"key":"GamblersBrew"},{"floor":6,"key":"FairyPotion"},{"floor":10,"key":"AttackPotion"}],"is_trial":false,"path_per_floor":["R","M","?","M","$","M","T","M","?","M","?","T","R","M","M","B"],"character_chosen":"THE_SNECKO","items_purchased":["sneckomod:CheapStock","sneckomod:UnknownStrike"],"campfire_rested":0,"item_purchase_floors":[5,5],"current_hp_per_floor":[99,98,98,97,92,86,86,76,76,65,62,62,62,62,68,0,0,0],"gold":312,"neow_bonus":"TEN_PERCENT_HP_BONUS","is_daily":false,"chose_seed":false,"campfire_upgraded":0,"win_rate":0.0,"timestamp":1612047201,"path_taken":["R","M","?","M","?","M","T","M","?","?","?","?","R","M","M","BOSS"],"items_purchased_type":["Card","Card"],"build_version":"2020-12-22","purchased_purges":0,"victory":false,"max_hp_per_floor":[99,99,99,99,99,99,99,99,99,99,99,99,99,99,105,105,105,105],"card_choices":[{"not_picked":["sneckomod:Nope","sneckomod:UnknownUncommonPower"],"picked":"sneckomod:DiceBoulder","floor":2},{"not_picked":["sneckomod:SoulRoll","sneckomod:SoulDraw"],"picked":"sneckomod:RainOfDice","floor":4},{"not_picked":["sneckomod:UnknownVulnerable","sneckomod:DiceBlock"],"picked":"sneckomod:UnknownExhaust","floor":5},{"not_picked":["sneckomod:RainOfDice","sneckomod:DiceBlock"],"picked":"sneckomod:UnknownCommonSkill","floor":6},{"not_picked":["sneckomod:Unknown0Cost","sneckomod:SerpentIdol"],"picked":"sneckomod:Unknown1Cost","floor":8},{"not_picked":["sneckomod:WideSting","sneckomod:SoulRoll"],"picked":"sneckomod:DiceCrush","floor":10},{"not_picked":["sneckomod:QuickMove","sneckomod:UnknownCommonAttack"],"picked":"sneckomod:UnknownBoss","floor":14},{"not_picked":["sneckomod:SoulDraw","sneckomod:SoulExchange"],"picked":"sneckomod:UnknownCommonAttack","floor":15}],"player_experience":186690,"relics_obtained":[{"floor":7,"key":"Replay:Wax Seal"},{"floor":12,"key":"Divine Protection"}],"event_choices":[{"damage_healed":0,"gold_gain":0,"player_choice":"Success","damage_taken":3,"relics_obtained":["Ancient Tea Set"],"max_hp_gain":0,"max_hp_loss":0,"event_name":"Scrap Ooze","floor":11,"gold_loss":0}],"is_beta":false,"boss_relics":[],"items_purged_floors":[],"is_endless":false,"potions_floor_spawned":[4,6,10],"killed_by":"WA_ARCHETYPE_RETAIN","ascension_level":0}}