{"host":"sc0o2qwpf9j16a4i","time":1612021051,"event":{"mods":["AchievementEnabler","BaseMod","BetterRewards","Block Reminder","Colored Map","Colored Powertips","Custom Start","Highlight Path","Minty Spire (QoL Compilation)","Relic Stats"],"gold_per_floor":[117,38,38,58,71,98,98,133,133,133,151,167,184,217,217,314,314,331,5,24,56,71,71,99,99,99,99,19,49,69,44,44,140,140,154,164,182,182,131,131,161,177,250,266,298,316,4,15,15,15],"floor_reached":51,"language":"ENG","playtime":2434,"items_purged":[],"score":969,"play_id":"3490335a-afd0-47b2-bab9-b5bf6fe0d9a4","local_time":"20210130173731","daily_mods":["Allstar","Time Dilation","Night Terrors"],"is_ascension_mode":false,"campfire_choices":[{"data":"Predator","floor":7,"key":"SMITH"},{"data":"Noxious Fumes","floor":10,"key":"SMITH"},{"data":"After Image","floor":15,"key":"SMITH"},{"data":"Skewer","floor":23,"key":"SMITH"},{"data":"After Image","floor":25,"key":"SMITH"},{"data":"Footwork","floor":32,"key":"SMITH"},{"floor":40,"key":"REST"},{"floor":49,"key":"REST"}],"circlet_count":0,"master_deck":["Strike_G","Strike_G","Defend_G","Defend_G","Defend_G","Defend_G","Defend_G","Survivor","Neutralize","Enlightenment","Transmutation","Dark Shackles","Chrysalis","Masterful Stab","Escape Plan","Noxious Fumes+1","Predator+1","After Image+1","Dash","Skewer+1","Dodge and Roll","Blade Dance","Backstab","A Thousand Cuts+1","Malaise+1","Blur+1","Flying Knee+1","Dodge and Roll","Blur","Outmaneuver+1","PiercingWail","Escape Plan+1","After Image+1","Footwork+1","Dodge and Roll","Backflip","Corpse Explosion","Dagger Throw","Concentrate+1","Backflip+1","Flechettes+1","Backstab+1","Dagger Throw","Choke","Catalyst","Distraction","Escape Plan","PiercingWail","Crippling Poison+1","Leg Sweep","Reflex","Footwork"],"relics":["Ring of the Snake","Pantograph","Mango","Dead Branch","Lizard Tail","StoneCalendar","Astrolabe","Bronze Scales","Red Mask","CaptainsWheel","Gremlin Horn","Regal Pillow","Fusion Hammer","Gambling Chip","Sundial","Lantern","Orrery"],"acts_visited":["Exordium","TheCity","TheBeyond"],"potions_floor_usage":[8,8,8,13,14,14,16,21,21,24,33,36,41,45,50,50,50,50,50,50],"damage_taken":[{"damage":7,"enemies":"Cultist","floor":1,"turns":5},{"damage":0,"enemies":"Jaw Worm","floor":4,"turns":4},{"damage":3,"enemies":"Small Slimes","floor":5,"turns":4},{"damage":24,"enemies":"Gremlin Nob","floor":6,"turns":5},{"damage":0,"enemies":"Lagavulin","floor":8,"turns":6},{"damage":0,"enemies":"Blue Slaver","floor":11,"turns":3},{"damage":0,"enemies":"2 Fungi Beasts","floor":12,"turns":4},{"damage":0,"enemies":"Large Slime","floor":13,"turns":5},{"damage":1,"enemies":"3 Sentries","floor":14,"turns":6},{"damage":14,"enemies":"The Guardian","floor":16,"turns":9},{"damage":0,"enemies":"3 Byrds","floor":18,"turns":3},{"damage":0,"enemies":"Shell Parasite","floor":20,"turns":5},{"damage":3,"enemies":"Masked Bandits","floor":21,"turns":4},{"damage":0,"enemies":"Snecko","floor":22,"turns":6},{"damage":0,"enemies":"Book of Stabbing","floor":24,"turns":5},{"damage":16,"enemies":"Slavers","floor":29,"turns":5},{"damage":0,"enemies":"Centurion and Healer","floor":30,"turns":6},{"damage":14,"enemies":"Collector","floor":33,"turns":9},{"damage":0,"enemies":"3 Darklings","floor":35,"turns":6},{"damage":0,"enemies":"Orb Walker","floor":36,"turns":4},{"damage":0,"enemies":"Maw","floor":37,"turns":8},{"damage":26,"enemies":"Reptomancer","floor":41,"turns":7},{"damage":0,"enemies":"3 Darklings","floor":42,"turns":5},{"damage":0,"enemies":"Sphere and 2 Shapes","floor":44,"turns":5},{"damage":0,"enemies":"Giant Head","floor":45,"turns":8},{"damage":0,"enemies":"Writhing Mass","floor":46,"turns":5},{"damage":0,"enemies":"4 Shapes","floor":48,"turns":3},{"damage":0,"enemies":"Awakened One","floor":50,"turns":10}],"seed_played":"1284219153696555879","potions_obtained":[{"floor":1,"key":"EntropicBrew"},{"floor":8,"key":"Fire Potion"},{"floor":12,"key":"BlessingOfTheForge"},{"floor":14,"key":"Strength Potion"},{"floor":18,"key":"SneckoOil"},{"floor":20,"key":"DuplicationPotion"},{"floor":22,"key":"SkillPotion"},{"floor":33,"key":"SteroidPotion"},{"floor":35,"key":"GamblersBrew"},{"floor":41,"key":"EntropicBrew"},{"floor":42,"key":"Poison Potion"},{"floor":45,"key":"Strength Potion"}],"is_trial":true,"path_per_floor":["M","$","?","M","M","E","R","E","T","R","M","M","M","E","R","B",null,"M","$","M","?","M","R","E","R","T","?","$","E","M","$","R","B",null,"M","M","M","?","$","R","E","M","T","M","E","M","$","M","R","B",null],"character_chosen":"THE_SILENT","items_purchased":["Escape Plan","Bronze Scales","Blur","PowerPotion","SteroidPotion","Footwork","Backflip","AttackPotion","Orrery","Leg Sweep","Reflex"],"campfire_rested":2,"item_purchase_floors":[2,19,19,19,19,28,31,39,47,47,47],"current_hp_per_floor":[63,63,63,63,60,50,50,50,50,50,50,50,50,49,49,60,84,84,84,84,81,81,81,81,81,81,81,81,65,65,65,65,70,84,84,84,84,84,84,79,53,53,53,53,53,53,53,53,74,74],"gold":15,"neow_bonus":"","is_daily":false,"chose_seed":false,"campfire_upgraded":6,"win_rate":0.0,"timestamp":1612021051,"path_taken":["M","$","?","?","M","E","R","E","T","R","M","M","M","E","R","BOSS","M","$","M","?","M","R","E","R","T","?","$","E","?","?","R","BOSS","M","M","?","?","$","R","E","M","T","M","E","?","$","M","R","BOSS"],"items_purchased_type":["Card","Relic","Card","Potion","Potion","Card","Card","Potion","Relic","Card","Card"],"build_version":"2020-12-22","purchased_purges":0,"victory":true,"max_hp_per_floor":[70,70,70,70,70,84,84,84,84,84,84,84,84,84,84,84,84,84,84,84,84,84,84,84,84,84,84,84,84,84,84,84,84,84,84,84,84,84,84,79,79,79,79,79,79,79,79,79,74,74],"relic_stats":{"Regal Pillow":0,"Gremlin Horn":[19,19],"counters":[28,155],"Dead Branch":[169],"Astrolabe":["Malaise","Blur","Flying Knee"],"StoneCalendar":[304],"Lizard Tail":0,"Sundial":[0],"Pantograph":44,"Bronze Scales":[354],"Gambling Chip":[2],"obtain_stats":[{"Regal Pillow":29,"Lantern":45,"Gremlin Horn":26,"Dead Branch":8,"Astrolabe":17,"Mango":6,"StoneCalendar":14,"Lizard Tail":9,"CaptainsWheel":24,"Sundial":43,"Pantograph":3,"Bronze Scales":19,"Gambling Chip":41,"Orrery":47,"Fusion Hammer":34,"Red Mask":21,"Ring of the Snake":0},{"Regal Pillow":16,"Lantern":25,"Gremlin Horn":15,"Dead Branch":5,"Astrolabe":10,"Mango":4,"StoneCalendar":9,"Lizard Tail":5,"CaptainsWheel":15,"Sundial":23,"Pantograph":1,"Bronze Scales":11,"Gambling Chip":22,"Orrery":26,"Fusion Hammer":18,"Red Mask":13,"Ring of the Snake":0},{"Regal Pillow":79,"Lantern":137,"Gremlin Horn":74,"Dead Branch":24,"Astrolabe":51,"Mango":18,"StoneCalendar":42,"Lizard Tail":24,"CaptainsWheel":74,"Sundial":124,"Pantograph":5,"Bronze Scales":54,"Gambling Chip":119,"Orrery":142,"Fusion Hammer":94,"Red Mask":63,"Ring of the Snake":0}],"Ring of the Snake":[56]},"card_choices":[{"not_picked":["Outmaneuver","Escape Plan"],"picked":"Masterful Stab","floor":1},{"not_picked":["Prepared","Bane"],"picked":"Noxious Fumes","floor":4},{"not_picked":["Noxious Fumes","Underhanded Strike"],"picked":"Predator","floor":5},{"not_picked":["Escape Plan","Acrobatics"],"picked":"After Image","floor":6},{"not_picked":["Underhanded Strike","Blade Dance"],"picked":"Dash","floor":8},{"not_picked":["Setup","Riddle With Holes"],"picked":"Skewer","floor":11},{"not_picked":["Underhanded Strike","Slice"],"picked":"Dodge and Roll","floor":12},{"not_picked":["Dagger Throw","Prepared"],"picked":"Blade Dance","floor":13},{"not_picked":["Slice","Dash"],"picked":"Backstab","floor":14},{"not_picked":["Venomology","Grand Finale"],"picked":"A Thousand Cuts","floor":16},{"not_picked":["Bane+1","Caltrops+1"],"picked":"Dodge and Roll","floor":18},{"not_picked":["Setup","Sucker Punch+1"],"picked":"Outmaneuver+1","floor":20},{"not_picked":["Endless Agony","Prepared"],"picked":"PiercingWail","floor":21},{"not_picked":["Slice","Deadly Poison+1"],"picked":"Escape Plan+1","floor":22},{"not_picked":["Flying Knee","Cloak And Dagger"],"picked":"After Image","floor":24},{"not_picked":["Quick Slash","Predator+1","Backstab"],"picked":"SKIP","floor":29},{"not_picked":["Reflex","Distraction+1"],"picked":"Dodge and Roll","floor":30},{"not_picked":["Die Die Die","Venomology"],"picked":"Corpse Explosion","floor":33},{"not_picked":["Underhanded Strike+1","Heel Hook"],"picked":"Dagger Throw","floor":35},{"not_picked":["Underhanded Strike","Cloak And Dagger"],"picked":"Concentrate","floor":36},{"not_picked":["Dagger Spray+1","Reflex"],"picked":"Backflip+1","floor":37},{"not_picked":["Underhanded Strike","Predator"],"picked":"Flechettes+1","floor":41},{"not_picked":["Riddle With Holes+1","Heel Hook+1","Backflip"],"picked":"SKIP","floor":42},{"not_picked":["Bane","Slice"],"picked":"Backstab+1","floor":44},{"not_picked":["Bouncing Flask","Prepared"],"picked":"Dagger Throw","floor":45},{"not_picked":["Venomology","Backstab+1"],"picked":"Choke","floor":46},{"not_picked":["Deflect","Heel Hook+1"],"picked":"Catalyst","floor":47},{"not_picked":["Quick Slash+1","Bane+1"],"picked":"Distraction","floor":47},{"not_picked":["Backflip","Bane"],"picked":"Escape Plan","floor":47},{"not_picked":["Dodge and Roll+1","Deflect+1"],"picked":"PiercingWail","floor":47},{"not_picked":["Doppelganger","Escape Plan+1"],"picked":"Crippling Poison+1","floor":47},{"not_picked":["Slice","Expertise"],"picked":"Footwork","floor":48}],"player_experience":1092847,"relics_obtained":[{"floor":6,"key":"Mango"},{"floor":8,"key":"Dead Branch"},{"floor":9,"key":"Lizard Tail"},{"floor":14,"key":"StoneCalendar"},{"floor":21,"key":"Red Mask"},{"floor":24,"key":"CaptainsWheel"},{"floor":26,"key":"Gremlin Horn"},{"floor":29,"key":"Regal Pillow"},{"floor":41,"key":"Gambling Chip"},{"floor":43,"key":"Sundial"},{"floor":45,"key":"Lantern"}],"event_choices":[{"cards_removed":["Purity"],"damage_healed":0,"gold_gain":0,"player_choice":"Gave Card","damage_taken":0,"relics_obtained":["Pantograph"],"max_hp_gain":0,"max_hp_loss":0,"event_name":"WeMeetAgain","floor":3,"gold_loss":0},{"damage_healed":0,"gold_gain":0,"player_choice":"Fought Bandits","damage_taken":0,"max_hp_gain":0,"max_hp_loss":0,"event_name":"Masked Bandits","floor":21,"gold_loss":0},{"damage_healed":0,"gold_gain":0,"player_choice":"Forge","damage_taken":0,"max_hp_gain":0,"max_hp_loss":0,"event_name":"Accursed Blacksmith","floor":27,"gold_loss":0,"cards_upgraded":["A Thousand Cuts"]},{"damage_healed":0,"gold_gain":0,"player_choice":"Upgraded","damage_taken":0,"max_hp_gain":0,"max_hp_loss":0,"event_name":"Upgrade Shrine","floor":38,"gold_loss":0,"cards_upgraded":["Concentrate"]}],"is_beta":false,"boss_relics":[{"not_picked":["Runic Pyramid","Ring of the Serpent"],"picked":"Astrolabe"},{"not_picked":["Empty Cage","HoveringKite"],"picked":"Fusion Hammer"}],"items_purged_floors":[],"is_endless":false,"potions_floor_spawned":[1,8,12,14,18,20,22,33,35,41,42,45,46],"ascension_level":0}}