{"host":"32dedufnxebqtmo3","time":1612027509,"event":{"mods":["AchievementEnabler","BaseMod","Better Third Choice","CCEM2","Card Filter","Colored Powertips","Defuse TimeMaze Blight","GifTheSpireLib","Minty Spire (QoL Compilation)","Permanent Neow","Relic Filter","Relic Stats","Remove Card Discount Mod","Shop Mod","StSLib","The Cursed","Unceasing Turn Reminder"],"gold_per_floor":[118,118,118,38,53,82,82,111,111,128,128,140,156,171,171,267,267,283,298,298,397,411,411,86,86,162,2,2,19,39,73,73,171,171,181,197,211,222,222,251,251,251,251,251,251,285,285,304,304,304],"floor_reached":51,"language":"ENG","playtime":7131,"items_purged":["theextravagant:SlyStrike","theextravagant:Fence","theextravagant:Fence","theextravagant:SlyStrike","theextravagant:SlyStrike","theextravagant:Fence"],"score":712,"play_id":"d43a2baa-cf66-4738-8d4c-75770cb65b3d","local_time":"20210130092509","is_ascension_mode":false,"campfire_choices":[{"data":"theextravagant:GlyphOfTime","floor":7,"key":"SMITH"},{"data":"theextravagant:Courage","floor":11,"key":"SMITH"},{"data":"theextravagant:Tension","floor":15,"key":"SMITH"},{"data":"theextravagant:RustyBuckler","floor":23,"key":"SMITH"},{"data":"theextravagant:RustyBuckler","floor":25,"key":"SMITH"},{"data":"theextravagant:PuffUp","floor":28,"key":"SMITH"},{"data":"theextravagant:StepBack","floor":32,"key":"SMITH"},{"data":"theextravagant:Razor","floor":42,"key":"SMITH"},{"data":"theextravagant:SnakeOil","floor":44,"key":"SMITH"},{"data":"theextravagant:Glamour","floor":47,"key":"SMITH"},{"data":"theextravagant:SpontaneousStrike","floor":49,"key":"SMITH"}],"circlet_count":0,"master_deck":["theextravagant:SlyStrike+1","theextravagant:Fence+1","theextravagant:QuickAttack+1","theextravagant:Triumph+1","theextravagant:RustyBuckler+1","theextravagant:SpontaneousStrike+1","theextravagant:Pushthrough","theextravagant:Razor+1","theextravagant:GlyphOfTime+1","theextravagant:StepBack+1","theextravagant:RustyBuckler+1","theextravagant:PuffUp+1","theextravagant:Tension+1","theextravagant:Outrun","theextravagant:Meditation+1","theextravagant:Precaution+1","theextravagant:SpontaneousStrike+1","theextravagant:SnakeOil+1","theextravagant:Precaution+1","theextravagant:StepBack+1","Parasite","theextravagant:Glamour+1","theextravagant:Radiance+1"],"relics":["theextravagant:TranscendedFeather","The Courier","CCEMRelics:HeirloomTomato","Mercury Hourglass","Enchiridion","CCEMRelics:PorcelainBowl","CCEMRelics:DerglesHeadphones","MerchantsRug","ClockworkSouvenir","CCEMRelics:IronFruit","Cursed Key","FossilizedHelix","CCEMRelics:BundleOfDynamite","CCEMRelics:FakeTeeth"],"acts_visited":["Exordium","TheCity","TheBeyond"],"potions_floor_usage":[6,16,19,31,31,46,50,50],"damage_taken":[{"damage":0,"enemies":"Small Slimes","floor":1,"turns":5},{"damage":0,"enemies":"2 Louse","floor":5,"turns":2},{"damage":9,"enemies":"Gremlin Nob","floor":6,"turns":4},{"damage":12,"enemies":"3 Sentries","floor":8,"turns":6},{"damage":0,"enemies":"Cultist","floor":10,"turns":3},{"damage":2,"enemies":"Exordium Thugs","floor":12,"turns":4},{"damage":0,"enemies":"Large Slime","floor":13,"turns":4},{"damage":0,"enemies":"Looter","floor":14,"turns":2},{"damage":5,"enemies":"Slime Boss","floor":16,"turns":9},{"damage":8,"enemies":"Shell Parasite","floor":18,"turns":6},{"damage":7,"enemies":"2 Thieves","floor":19,"turns":4},{"damage":12,"enemies":"Centurion and Healer","floor":22,"turns":6},{"damage":0,"enemies":"Shelled Parasite and Fungi","floor":29,"turns":4},{"damage":0,"enemies":"Snecko","floor":30,"turns":4},{"damage":4,"enemies":"Slavers","floor":31,"turns":5},{"damage":8,"enemies":"Automaton","floor":33,"turns":8},{"damage":0,"enemies":"3 Darklings","floor":35,"turns":5},{"damage":0,"enemies":"3 Shapes","floor":36,"turns":3},{"damage":7,"enemies":"Sphere and 2 Shapes","floor":37,"turns":6},{"damage":31,"enemies":"Spire Growth","floor":38,"turns":6},{"damage":64,"enemies":"Giant Head","floor":40,"turns":11},{"damage":11,"enemies":"Reptomancer","floor":46,"turns":9},{"damage":0,"enemies":"Maw","floor":48,"turns":8},{"damage":19,"enemies":"Donu and Deca","floor":50,"turns":12}],"seed_played":"1450828268216745323","potions_obtained":[{"floor":3,"key":"Weak Potion"},{"floor":3,"key":"SpeedPotion"},{"floor":3,"key":"SmokeBomb"},{"floor":8,"key":"Ancient Potion"},{"floor":10,"key":"Block Potion"},{"floor":16,"key":"FearPotion"},{"floor":29,"key":"DuplicationPotion"},{"floor":30,"key":"LiquidMemories"},{"floor":31,"key":"Fire Potion"},{"floor":36,"key":"Dexterity Potion"}],"is_trial":false,"path_per_floor":["M","?","?","$","M","E","R","E","T","M","R","M","M","M","R","B",null,"M","M","?","?","M","R","$","R","T","$","R","M","M","E","R","B",null,"M","M","M","M","?","E","?","R","T","R","?","E","R","M","R","B",null],"character_chosen":"THE_EXTRAVAGANT","items_purchased":["theextravagant:SpontaneousStrike","theextravagant:Pushthrough","CCEMRelics:PorcelainBowl","CCEMRelics:DerglesHeadphones","MerchantsRug","ClockworkSouvenir"],"campfire_rested":0,"item_purchase_floors":[4,4,24,24,27,27],"current_hp_per_floor":[75,60,60,60,60,51,51,44,44,46,46,46,48,50,50,47,80,74,69,53,53,43,43,43,55,65,65,77,79,81,84,95,89,95,95,95,90,73,73,23,23,35,35,47,47,54,66,84,95,94],"gold":304,"neow_bonus":"UPGRADE_CARD","is_daily":false,"chose_seed":false,"campfire_upgraded":11,"win_rate":0.0,"timestamp":1612027509,"path_taken":["M","?","?","$","M","E","R","E","T","?","R","M","M","M","R","BOSS","M","M","?","?","M","R","$","R","T","$","R","M","M","E","R","BOSS","M","M","M","M","?","E","?","R","T","R","?","E","R","M","R","BOSS"],"items_purchased_type":["Card","Card","Relic","Relic","Relic","Relic"],"build_version":"2020-12-22","purchased_purges":6,"victory":true,"max_hp_per_floor":[75,75,75,75,75,75,75,80,80,80,80,80,80,80,80,80,80,80,80,80,80,80,80,80,80,90,90,90,90,90,95,95,95,95,95,95,95,95,95,95,95,95,95,95,95,95,95,95,95,95],"relic_stats":{"counters":[24,132],"Cursed Key":1,"obtain_stats":[{"MerchantsRug":27,"CCEMRelics:PorcelainBowl":24,"CCEMRelics:BundleOfDynamite":43,"Enchiridion":20,"The Courier":6,"theextravagant:TranslucentFeather":0,"CCEMRelics:CanOfSoda":26,"Cursed Key":34,"Mercury Hourglass":9,"CCEMRelics:DerglesHeadphones":24,"ClockworkSouvenir":27,"CCEMRelics:IronFruit":31,"CCEMRelics:FakeTeeth":46,"CCEMRelics:HeirloomTomato":8,"theextravagant:TranscendedFeather":17,"FossilizedHelix":40},{"MerchantsRug":12,"CCEMRelics:PorcelainBowl":12,"CCEMRelics:BundleOfDynamite":21,"Enchiridion":11,"The Courier":3,"theextravagant:TranslucentFeather":0,"CCEMRelics:CanOfSoda":12,"Cursed Key":16,"Mercury Hourglass":4,"CCEMRelics:DerglesHeadphones":12,"ClockworkSouvenir":12,"CCEMRelics:IronFruit":15,"CCEMRelics:FakeTeeth":22,"CCEMRelics:HeirloomTomato":4,"theextravagant:TranscendedFeather":9,"FossilizedHelix":21},{"MerchantsRug":53,"CCEMRelics:PorcelainBowl":53,"CCEMRelics:BundleOfDynamite":104,"Enchiridion":48,"The Courier":11,"theextravagant:TranslucentFeather":0,"CCEMRelics:CanOfSoda":53,"Cursed Key":74,"Mercury Hourglass":17,"CCEMRelics:DerglesHeadphones":53,"ClockworkSouvenir":53,"CCEMRelics:IronFruit":66,"CCEMRelics:FakeTeeth":113,"CCEMRelics:HeirloomTomato":17,"theextravagant:TranscendedFeather":38,"FossilizedHelix":104}],"Mercury Hourglass":[448]},"card_choices":[{"not_picked":["theextravagant:Cutthroat","theextravagant:Comeback"],"picked":"theextravagant:RustyBuckler","floor":1},{"not_picked":["theextravagant:Drift","theextravagant:Defy"],"picked":"theextravagant:Razor","floor":5},{"not_picked":["theextravagant:TwilightTone","theextravagant:TreasureHunt"],"picked":"theextravagant:GlyphOfTime","floor":6},{"not_picked":["theextravagant:ShieldCharm","theextravagant:Meditation"],"picked":"theextravagant:Courage","floor":8},{"not_picked":["theextravagant:Firework","theextravagant:Comeback"],"picked":"theextravagant:StepBack","floor":10},{"not_picked":["theextravagant:Vintage","theextravagant:Cutthroat"],"picked":"theextravagant:RustyBuckler","floor":12},{"not_picked":["theextravagant:SkillfullDodge","theextravagant:SharpTalons"],"picked":"theextravagant:PuffUp","floor":13},{"not_picked":["theextravagant:Defy","theextravagant:GarbageCannon"],"picked":"theextravagant:Tension","floor":14},{"not_picked":["theextravagant:Redemption","theextravagant:Overpower"],"picked":"theextravagant:Outrun","floor":16},{"not_picked":["theextravagant:Tension","theextravagant:Aggression"],"picked":"theextravagant:Meditation+1","floor":18},{"not_picked":["theextravagant:SpiritBolt+1","theextravagant:Castle","theextravagant:Drift"],"picked":"SKIP","floor":19},{"not_picked":["theextravagant:Aggression","theextravagant:Courage"],"picked":"theextravagant:Precaution+1","floor":22},{"not_picked":["theextravagant:Pushthrough+1","theextravagant:SpiritBolt"],"picked":"theextravagant:SpontaneousStrike+1","floor":29},{"not_picked":["theextravagant:Cutthroat+1","theextravagant:TreasureHunt","theextravagant:Flashback+1"],"picked":"SKIP","floor":30},{"not_picked":["theextravagant:ShootingStar","theextravagant:Cutthroat+1","theextravagant:HeavyBlows"],"picked":"SKIP","floor":31},{"not_picked":["theextravagant:AuroraForm","theextravagant:ManifestIllusion"],"picked":"theextravagant:SnakeOil","floor":33},{"not_picked":["theextravagant:Defy","theextravagant:Castle","theextravagant:Impulse"],"picked":"SKIP","floor":35},{"not_picked":["theextravagant:Foil+1","theextravagant:Drift+1"],"picked":"theextravagant:Precaution+1","floor":36},{"not_picked":["theextravagant:Shove","theextravagant:PerfectTheBasics+1"],"picked":"theextravagant:StepBack+1","floor":37},{"not_picked":["theextravagant:Riot+1","theextravagant:Cutthroat+1","theextravagant:Defy"],"picked":"SKIP","floor":38},{"not_picked":["theextravagant:Repell+1","theextravagant:Aggression+1","theextravagant:StepBack"],"picked":"SKIP","floor":40},{"not_picked":["theextravagant:PuffUp+1","theextravagant:SpontaneousStrike+1"],"picked":"theextravagant:Glamour","floor":46},{"not_picked":["theextravagant:Drift","theextravagant:Ambush"],"picked":"theextravagant:Radiance+1","floor":48}],"player_experience":688716,"relics_obtained":[{"floor":6,"key":"The Courier"},{"floor":8,"key":"CCEMRelics:HeirloomTomato"},{"floor":9,"key":"Mercury Hourglass"},{"floor":20,"key":"Enchiridion"},{"floor":26,"key":"CCEMRelics:CanOfSoda"},{"floor":31,"key":"CCEMRelics:IronFruit"},{"floor":40,"key":"FossilizedHelix"},{"floor":43,"key":"CCEMRelics:BundleOfDynamite"},{"floor":46,"key":"CCEMRelics:FakeTeeth"}],"event_choices":[{"damage_healed":75,"gold_gain":0,"player_choice":"Upgrade","damage_taken":15,"max_hp_gain":0,"max_hp_loss":75,"event_name":"betterThird:BetterShining","floor":2,"gold_loss":0,"cards_upgraded":["theextravagant:SlyStrike","theextravagant:Fence"]},{"damage_healed":0,"gold_gain":0,"player_choice":"Got Potions","damage_taken":0,"max_hp_gain":0,"max_hp_loss":0,"event_name":"Lab","floor":3,"gold_loss":0},{"damage_healed":0,"gold_gain":0,"player_choice":"Obtained Book","damage_taken":16,"max_hp_gain":0,"max_hp_loss":0,"event_name":"Cursed Tome","floor":20,"gold_loss":0},{"damage_healed":0,"gold_gain":99,"player_choice":"Steal","damage_taken":0,"max_hp_gain":0,"max_hp_loss":0,"event_name":"betterThird:BetterNest","floor":21,"gold_loss":0},{"damage_healed":0,"gold_gain":0,"player_choice":"Ignored","damage_taken":0,"max_hp_gain":0,"max_hp_loss":0,"event_name":"Tomb of Lord Red Mask","floor":39,"gold_loss":0},{"cards_removed":["theextravagant:Courage"],"damage_healed":0,"gold_gain":0,"player_choice":"Removed Attack","damage_taken":0,"max_hp_gain":0,"max_hp_loss":0,"event_name":"Falling","floor":41,"gold_loss":0},{"damage_healed":0,"gold_gain":0,"player_choice":"Ignored","damage_taken":0,"max_hp_gain":0,"max_hp_loss":0,"event_name":"The Moai Head","floor":45,"gold_loss":0}],"is_beta":false,"boss_relics":[{"not_picked":["CCEMRelics:DarkMatter","CCEMRelics:TransientCore"],"picked":"theextravagant:TranscendedFeather"},{"not_picked":["Empty Cage","Snecko Eye"],"picked":"Cursed Key"}],"items_purged_floors":[4,4,4,24,24,24],"is_endless":false,"potions_floor_spawned":[8,10,13,14,16,18,29,30,31,36,37],"ascension_level":0}}