{"host":"iphsb0ccnjx0pfn6","time":1612022987,"event":{"mods":["2.2 Compatiblity","AchievementEnabler","BaseMod","Colored Map","DeckTracker","Keyboard Shortcuts","Minty Spire (QoL Compilation)","Permanent Neow","Quick Restart","Relic Stats","StSLib","SuperFastMode","Uncapped","everything is the same but u backflip on backflip"],"gold_per_floor":[110,110,123,20,36,36,50,50,50,50,50,50,69,49,49,49,49],"floor_reached":16,"language":"KOR","playtime":269,"items_purged":["Strike_B"],"score":180,"play_id":"38b15f77-bd32-48e1-a7fa-f2542ee95b12","local_time":"20210131010947","is_ascension_mode":true,"campfire_choices":[{"data":"Loop","floor":6.0,"key":"SMITH"},{"floor":10.0,"key":"REST"},{"data":"Dualcast","floor":15.0,"key":"SMITH"}],"circlet_count":0,"master_deck":["AscendersBane","Strike_B","Strike_B","Defend_B","Defend_B","Zap","Dualcast+1","Loop+1","Sweeping Beam","Hologram","Hologram","Meteor Strike","Ball Lightning","Conserve Battery"],"relics":["Cracked Core","Golden Idol","Kunai","The Courier"],"acts_visited":["Exordium"],"potions_floor_usage":[16],"damage_taken":[{"damage":0.0,"enemies":"Small Slimes","floor":1.0,"turns":2.0},{"damage":7.0,"enemies":"Jaw Worm","floor":3.0,"turns":3.0},{"damage":4.0,"enemies":"2 Louse","floor":5.0,"turns":2.0},{"damage":11.0,"enemies":"Blue Slaver","floor":7.0,"turns":5.0},{"damage":15.0,"enemies":"Looter","floor":13.0,"turns":4.0},{"damage":28,"enemies":"Hexaghost","floor":16,"turns":7}],"seed_played":"2744058981525317288","potions_obtained":[{"floor":1.0,"key":"Explosive Potion"},{"floor":3.0,"key":"Energy Potion"}],"is_trial":false,"path_per_floor":["M","?","M","$","M","R","M","?","T","R","$","T","M","$","R","B"],"character_chosen":"DEFECT","items_purchased":["Hologram","Conserve Battery"],"campfire_rested":1,"item_purchase_floors":[4,14],"current_hp_per_floor":[46,39,32,32,28,28,17,17,17,36,36,36,21,21,21,0,0],"gold":49,"neow_bonus":"REMOVE_TWO","is_daily":false,"chose_seed":false,"campfire_upgraded":2,"win_rate":0.0,"timestamp":1612022987,"path_taken":["M","?","M","?","M","R","M","?","T","R","?","?","M","$","R","BOSS"],"items_purchased_type":["Card","Card"],"build_version":"2020-12-22","purchased_purges":1,"victory":false,"max_hp_per_floor":[71,71,71,71,71,71,71,64,64,64,64,64,64,64,64,64,64],"relic_stats":{"counters":[6,23],"Golden Idol":4,"Kunai":[2],"obtain_stats":[{"Golden Idol":8,"The Courier":12,"Kunai":9,"Cracked Core":0},{"Golden Idol":4,"The Courier":4,"Kunai":4,"Cracked Core":0},{"Golden Idol":12,"The Courier":12,"Kunai":12,"Cracked Core":0}]},"card_choices":[{"not_picked":["Conserve Battery","Static Discharge"],"picked":"Loop","floor":1.0},{"not_picked":["Fusion","Stack"],"picked":"Sweeping Beam","floor":3.0},{"not_picked":["Ball Lightning","Chill"],"picked":"Hologram","floor":5.0},{"not_picked":["Barrage","Consume"],"picked":"Meteor Strike","floor":7.0},{"not_picked":["Go for the Eyes","Hologram"],"picked":"Ball Lightning","floor":13.0}],"player_experience":1292459,"relics_obtained":[{"floor":9.0,"key":"Kunai"},{"floor":12.0,"key":"The Courier"}],"event_choices":[{"cards_removed":["Defend_B"],"damage_healed":0.0,"max_hp_gain":0.0,"max_hp_loss":0.0,"gold_gain":0.0,"event_name":"Golden Wing","player_choice":"Card Removal","floor":2.0,"gold_loss":0.0,"damage_taken":7.0},{"damage_healed":0.0,"max_hp_gain":0.0,"max_hp_loss":7.0,"gold_gain":0.0,"event_name":"Golden Idol","player_choice":"Lose Max HP","floor":8.0,"gold_loss":0.0,"damage_taken":0.0,"relics_obtained":["Golden Idol"]}],"is_beta":false,"boss_relics":[],"items_purged_floors":[4],"is_endless":false,"potions_floor_spawned":[1,3],"killed_by":"Hexaghost","ascension_level":20}}