{"host":"stk82ot58bnorhun","time":1612022423,"event":{"mods":["BaseMod","Colored Powertips","Highlight Path","Minty Spire (QoL Compilation)","Replay The Spire","Shop Mod","StSLib","SuperFastMode"],"gold_per_floor":[116,191,191,191,210,241,241,251,325,325,343,359,44,61,61,165,165,182,192,192,203,303,303,303],"floor_reached":23,"language":"ZHS","playtime":794,"items_purged":["Strike_B"],"score":193,"play_id":"8ded3517-fb43-465f-a882-7b6d0b0fa7bd","local_time":"20210131000023","is_ascension_mode":false,"campfire_choices":[{"data":"Darkness","floor":7.0,"key":"SMITH"},{"data":"Redo","floor":10.0,"key":"SMITH"},{"data":"ReplayTheSpireMod:Calculation Training","floor":15.0,"key":"SMITH"}],"circlet_count":0,"master_deck":["Strike_B","Strike_B","Strike_B","Defend_B","Defend_B","Defend_B","Zap","Dualcast","Compile Driver","Cold Snap","Darkness+1","Redo+1","Panic Button","Coolheaded","Crystallizer","ReplayTheSpireMod:Calculation Training+1","Creative AI","CurseOfTheBell","ReplaySolidLightProjector","Blizzard+1","Seek"],"relics":["Cracked Core","Ancient Tea Set","Replay:Bottled Steam","Medical Kit","Calling Bell","Nunchaku","Quantum Egg","Replay:Arrowhead"],"acts_visited":["Exordium","TheCity"],"potions_floor_usage":[21],"damage_taken":[{"damage":1.0,"enemies":"2 Louse","floor":1.0,"turns":3.0},{"damage":3.0,"enemies":"Small Slimes","floor":5.0,"turns":2.0},{"damage":23.0,"enemies":"3 Sentries","floor":6.0,"turns":5.0},{"damage":0.0,"enemies":"Cultist","floor":8.0,"turns":3.0},{"damage":12.0,"enemies":"Exordium Thugs","floor":11.0,"turns":3.0},{"damage":6.0,"enemies":"Exordium Wildlife","floor":12.0,"turns":4.0},{"damage":5.0,"enemies":"Blue Slaver","floor":14.0,"turns":2.0},{"damage":4.0,"enemies":"Hexaghost","floor":16.0,"turns":6.0},{"damage":31.0,"enemies":"Chosen","floor":18.0,"turns":6.0},{"damage":19.0,"enemies":"3 Byrds","floor":19.0,"turns":4.0},{"damage":21,"enemies":"Sentry and Sphere","floor":21,"turns":5},{"damage":12,"enemies":"Slavers","floor":23,"turns":1}],"seed_played":"4432692023263017485","potions_obtained":[{"floor":1.0,"key":"EntropicBrew"},{"floor":12.0,"key":"Weak Potion"},{"floor":18.0,"key":"SteroidPotion"},{"floor":19.0,"key":"AttackPotion"}],"is_trial":false,"path_per_floor":["M","?","?","?","M","E","R","M","T","R","M","M","$","M","R","B",null,"M","M","?","M","?","E"],"character_chosen":"DEFECT","items_purchased":["Medical Kit","Coolheaded","Crystallizer"],"campfire_rested":0,"item_purchase_floors":[13,13,13],"current_hp_per_floor":[81,70,70,70,67,44,44,44,44,44,32,26,26,21,21,17,82,51,32,32,11,11,0,0],"gold":303,"neow_bonus":"TEN_PERCENT_HP_BONUS","is_daily":false,"chose_seed":false,"campfire_upgraded":3,"win_rate":0.0,"timestamp":1612022423,"path_taken":["M","?","?","?","?","E","R","M","T","R","M","M","?","M","R","BOSS","M","M","?","M","?","E"],"items_purchased_type":["Relic","Card","Card"],"build_version":"2020-12-22","purchased_purges":1,"victory":false,"max_hp_per_floor":[82,82,82,82,82,82,82,82,82,82,82,82,82,82,82,82,82,82,82,82,82,82,82,82],"card_choices":[{"not_picked":["Static Discharge","Hologram"],"picked":"Compile Driver","floor":1.0},{"not_picked":["Hologram","Glacier"],"picked":"Cold Snap","floor":5.0},{"not_picked":["Go for the Eyes","Seek"],"picked":"Darkness","floor":6.0},{"not_picked":["Go for the Eyes","Panic Button"],"picked":"Redo","floor":8.0},{"not_picked":["Streamline","Ball Lightning"],"picked":"Panic Button","floor":11.0},{"not_picked":["Sweeping Beam","ReplayTheSpireMod:Omega Cannon","ReplayGash"],"picked":"SKIP","floor":12.0},{"not_picked":["Compile Driver","Ball Lightning"],"picked":"ReplayTheSpireMod:Calculation Training","floor":14.0},{"not_picked":["Mirror Shield","Amplify"],"picked":"Creative AI","floor":16.0},{"not_picked":["Streamline","Sweeping Beam+1"],"picked":"ReplaySolidLightProjector","floor":18.0},{"not_picked":["Streamline","BasicCrystalCard"],"picked":"Blizzard+1","floor":19.0},{"not_picked":["Cold Snap","Ball Lightning"],"picked":"Seek","floor":21}],"player_experience":39482,"relics_obtained":[{"floor":6.0,"key":"Ancient Tea Set"},{"floor":9.0,"key":"Replay:Bottled Steam"},{"floor":17.0,"key":"Nunchaku"},{"floor":17.0,"key":"Quantum Egg"},{"floor":17.0,"key":"Replay:Arrowhead"}],"event_choices":[{"damage_healed":0.0,"max_hp_gain":0.0,"max_hp_loss":0.0,"gold_gain":75.0,"event_name":"World of Goop","player_choice":"Gather Gold","floor":2.0,"gold_loss":0.0,"damage_taken":11.0},{"damage_healed":0.0,"max_hp_gain":0.0,"max_hp_loss":0.0,"gold_gain":0.0,"event_name":"NoteForYourself","player_choice":"Ignored","floor":4.0,"gold_loss":0.0,"damage_taken":0.0},{"damage_healed":0,"gold_gain":0,"player_choice":"Ignored","damage_taken":0,"max_hp_gain":0,"max_hp_loss":0,"event_name":"Cursed Tome","floor":20,"gold_loss":0},{"damage_healed":0,"gold_gain":100,"player_choice":"Pray","damage_taken":0,"max_hp_gain":0,"max_hp_loss":0,"event_name":"Golden Shrine","floor":22,"gold_loss":0}],"is_beta":false,"boss_relics":[{"not_picked":["Cursed Key","Velvet Choker"],"picked":"Calling Bell"}],"items_purged_floors":[13],"is_endless":false,"potions_floor_spawned":[1,12,18,19],"killed_by":"Slavers","ascension_level":0}}