{"host":"mp803s0sc2i1u2gf","time":1612018666,"event":{"mods":["AchievementEnabler","Aspiration","BaseMod","Better Altar","Better Match","Better Note","Better Sensory Stone","Better Skull","Better Third Choice","Better Vampires","BetterRewards","Displayed Cursed Tome","Downfall","Emptier Cage","Highlight Path","Infinite Spire","Marisa????????","Minty Spire (QoL Compilation)","Permanent Neow","Replay The Spire","StSLib","Unceasing Turn Reminder"],"gold_per_floor":[115,115,115,115,115,148,163,163,218,22,55,55,80,0,103,103,103],"floor_reached":16,"language":"ENG","playtime":719,"items_purged":["Strike_P","Defend_P","Strike_P"],"score":131,"play_id":"a55b328f-e593-4b2c-b04e-b59f502bf56f","local_time":"20210130155746","is_ascension_mode":false,"campfire_choices":[{"floor":8,"key":"REST"}],"circlet_count":0,"master_deck":["Strike_P","Strike_P","Defend_P","Defend_P","Defend_P","Eruption+1","Vigilance+1","Evaluate","EmptyFist","Replay:BasicMightCard+1","Conclude+1","Adaptation","Collect","LessonLearned+1","SignatureMove","DeusExMachina","EmptyBody"],"relics":["PureWater","Membership Card","Thread and Needle","Replay:Multitool","Medical Kit","ReplayTheSpireMod:Ring of Collecting","Golden Idol","Bag of Preparation","Regal Pillow","The Courier","Juzu Bracelet"],"acts_visited":["Exordium"],"potions_floor_usage":[],"damage_taken":[{"damage":0,"enemies":"2 Louse","floor":1,"turns":1},{"damage":0,"enemies":"Lagavulin","floor":6,"turns":3},{"damage":0,"enemies":"Small Slimes","floor":7,"turns":3},{"damage":16,"enemies":"Gremlin Nob","floor":11,"turns":4},{"damage":0,"enemies":"Cultist","floor":13,"turns":3},{"damage":3,"enemies":"The Guardian","floor":16,"turns":10}],"seed_played":"-6124855706040254469","potions_obtained":[{"floor":6,"key":"BlessingOfTheForge"},{"floor":7,"key":"Guardian:BlockOnCardUsePotion"}],"is_trial":false,"path_per_floor":["M","?","?","?","?","E","M","R","T","$","E","?","M","$","R","B"],"character_chosen":"WATCHER","items_purchased":["Membership Card","Thread and Needle","Evaluate","EmptyFist","Replay:BasicMightCard","Medical Kit","Conclude+1","LessonLearned","SignatureMove","SteroidPotion","Juzu Bracelet","EmptyBody"],"campfire_rested":1,"item_purchase_floors":[0,0,0,0,0,0,0,10,10,10,14,14],"current_hp_per_floor":[40,40,40,22,22,22,22,43,43,43,27,27,27,27,27,24,24],"gold":103,"neow_bonus":"","is_daily":false,"chose_seed":false,"campfire_upgraded":0,"win_rate":0.0,"timestamp":1612018666,"path_taken":["M","?","?","?","?","E","M","R","T","?","E","?","?","?","R","BOSS"],"items_purchased_type":["Relic","Relic","Card","Card","Card","Relic","Card","Card","Card","Potion","Relic","Card"],"build_version":"2020-12-22","purchased_purges":3,"victory":false,"max_hp_per_floor":[72,72,72,72,72,72,72,72,72,72,72,72,72,72,72,72,72],"card_choices":[{"not_picked":["EmptyFist","JustLucky","Replay:Cycle"],"picked":"SKIP","floor":1},{"not_picked":["Consecrate","FollowUp"],"picked":"Adaptation","floor":6},{"not_picked":["Weave","Evaluate"],"picked":"Collect","floor":7},{"not_picked":["Pray","Weave"],"picked":"DeusExMachina","floor":11},{"not_picked":["CutThroughFate","Wireheading","LikeWater"],"picked":"SKIP","floor":13}],"player_experience":373874,"relics_obtained":[{"floor":2,"key":"ReplayTheSpireMod:Ring of Collecting"},{"floor":6,"key":"Bag of Preparation"},{"floor":9,"key":"Regal Pillow"},{"floor":11,"key":"The Courier"}],"event_choices":[{"damage_healed":0,"gold_gain":0,"player_choice":"Grow","damage_taken":0,"max_hp_gain":0,"max_hp_loss":0,"event_name":"Living Wall","floor":3,"gold_loss":0,"cards_upgraded":["Replay:BasicMightCard"]},{"damage_healed":0,"gold_gain":0,"player_choice":"Take Damage","damage_taken":18,"relics_obtained":["Golden Idol"],"max_hp_gain":0,"max_hp_loss":0,"event_name":"Golden Idol","floor":4,"gold_loss":0},{"damage_healed":0,"gold_gain":0,"player_choice":"Upgraded","damage_taken":0,"max_hp_gain":0,"max_hp_loss":0,"event_name":"Upgrade Shrine","floor":12,"gold_loss":0,"cards_upgraded":["LessonLearned"]}],"is_beta":false,"boss_relics":[],"items_purged_floors":[0,0,10],"is_endless":false,"potions_floor_spawned":[6,7],"killed_by":"The Guardian","ascension_level":0}}