{"host":"ty2cix8xj6r3ad26","time":1612028390,"event":{"mods":["AchievementEnabler","BaseMod","BetterRewards","Infinite Spire","Minty Spire (QoL Compilation)","Quick Restart","StSLib","SuperFastMode"],"gold_per_floor":[110,130,146,46,46,46,77,96,96,122,140,140,155,169,169,274,274,285,303,319,319,338,338,363,373,397,397,397,397,597,624,624,719,719,733,743,298,350,350,381,381,399,399,399,71,85,105,184,184,184,184,184,20,51,51],"floor_reached":56,"language":"ENG","playtime":4319,"items_purged":["Strike_R","Strike_R","Bash","Strike_R","Strike_R","Defend_R"],"score":2251,"play_id":"b86ab260-5cdb-447c-91bf-2242187d7c03","local_time":"20210130193950","is_ascension_mode":true,"campfire_choices":[{"data":"1","floor":6,"key":"LIFT"},{"data":"Uppercut","floor":12,"key":"SMITH"},{"data":"2","floor":15,"key":"LIFT"},{"data":"Demon Form","floor":23,"key":"SMITH"},{"data":"Heavy Blade","floor":29,"key":"SMITH"},{"data":"3","floor":32,"key":"LIFT"},{"floor":41,"key":"RECALL"},{"floor":49,"key":"REST"},{"floor":52,"key":"REST"}],"circlet_count":0,"master_deck":["AscendersBane","Defend_R+1","Defend_R","Pommel Strike+1","Metallicize","Shrug It Off","Uppercut+1","Heavy Blade+1","Demon Form+1","infinitespire:Collect","Bloodletting","Madness+1","Madness","Ghostly Armor+1"],"relics":["Burning Blood","TheAbacus","Bag of Marbles","Prayer Wheel","Girya","Mummified Hand","Nunchaku","Champion Belt","Toy Ornithopter","Empty Cage","TungstenRod","Self Forming Clay","Bronze Scales","Fusion Hammer","Membership Card","infinitespire:Golems Mask","Anchor","CaptainsWheel","HornCleat","Ice Cream","infinitespire:Bottled Soul","InkBottle","Eternal Feather","War Paint","Whetstone"],"acts_visited":["Exordium","TheCity","TheBeyond","TheEnding"],"potions_floor_usage":[3,7,8,14,22,24,33,40,50,50,55,55,55],"damage_taken":[{"damage":9,"enemies":"infinitespire:Voidling","floor":1,"turns":4},{"damage":0,"enemies":"Cultist","floor":2,"turns":3},{"damage":2,"enemies":"Small Slimes","floor":3,"turns":3},{"damage":25,"enemies":"Lagavulin","floor":7,"turns":8},{"damage":1,"enemies":"Blue Slaver","floor":8,"turns":3},{"damage":11,"enemies":"Gremlin Nob","floor":10,"turns":4},{"damage":0,"enemies":"Looter","floor":11,"turns":3},{"damage":0,"enemies":"Red Slaver","floor":13,"turns":3},{"damage":1,"enemies":"2 Fungi Beasts","floor":14,"turns":2},{"damage":9,"enemies":"The Guardian","floor":16,"turns":13},{"damage":3,"enemies":"Chosen","floor":18,"turns":4},{"damage":4,"enemies":"Spheric Guardian","floor":19,"turns":5},{"damage":16,"enemies":"Centurion and Healer","floor":20,"turns":5},{"damage":21,"enemies":"Snake Plant","floor":22,"turns":4},{"damage":19,"enemies":"Gremlin Leader","floor":24,"turns":8},{"damage":14,"enemies":"Sentry and Sphere","floor":25,"turns":6},{"damage":12,"enemies":"Book of Stabbing","floor":31,"turns":5},{"damage":39,"enemies":"Collector","floor":33,"turns":9},{"damage":0,"enemies":"Orb Walker","floor":35,"turns":4},{"damage":3,"enemies":"3 Shapes","floor":36,"turns":4},{"damage":26,"enemies":"2 Orb Walkers","floor":38,"turns":4},{"damage":0,"enemies":"Giant Head","floor":40,"turns":5},{"damage":0,"enemies":"Maw","floor":42,"turns":5},{"damage":2,"enemies":"Transient","floor":46,"turns":5},{"damage":2,"enemies":"Writhing Mass","floor":47,"turns":3},{"damage":19,"enemies":"Donu and Deca","floor":50,"turns":5},{"damage":11,"enemies":"Shield and Spear","floor":54,"turns":5},{"damage":71,"enemies":"The Heart","floor":55,"turns":7}],"seed_played":"3610208231690496663","potions_obtained":[{"floor":1,"key":"Strength Potion"},{"floor":3,"key":"Fire Potion"},{"floor":7,"key":"Weak Potion"},{"floor":10,"key":"AttackPotion"},{"floor":19,"key":"SpeedPotion"},{"floor":20,"key":"Explosive Potion"},{"floor":31,"key":"Energy Potion"},{"floor":33,"key":"Fire Potion"},{"floor":36,"key":"Regen Potion"},{"floor":46,"key":"SkillPotion"},{"floor":47,"key":"HeartOfIron"},{"floor":54,"key":"EntropicBrew"}],"is_trial":false,"path_per_floor":["M","M","M","$","T","R","E","M","T","E","M","R","M","M","R","B",null,"M","M","M","?","M","R","E","M","T","?","AVR","R","?","E","R","B",null,"M","M","$","?","?","E","R","M","T","?","$","M","M","T","R","B",null,"R","$","E","B",null],"character_chosen":"IRONCLAD","items_purchased":["TheAbacus","Bag of Marbles","Pommel Strike","Metallicize","Girya","Shrug It Off","Membership Card","infinitespire:Golems Mask","Anchor","infinitespire:Bottled Soul","InkBottle","War Paint"],"campfire_rested":2,"item_purchase_floors":[0,0,0,0,0,0,37,37,37,45,45,53],"current_hp_per_floor":[35,41,45,45,45,45,26,31,31,26,32,32,38,48,48,45,71,74,76,66,66,56,56,48,40,40,66,66,66,66,60,60,32,68,74,77,77,57,57,80,80,80,80,71,71,75,79,79,80,67,77,80,80,75,25],"gold":51,"neow_bonus":"","is_daily":false,"chose_seed":false,"campfire_upgraded":3,"win_rate":0.0,"timestamp":1612028390,"path_taken":["M","?","M","?","?","R","E","M","T","E","M","R","M","?","R","BOSS","M","?","M","?","M","R","E","M","T","?","AVR","R","?","E","R","BOSS","M","M","$","?","?","E","R","M","T","?","$","M","M","?","R","BOSS","R","$","E","BOSS"],"items_purchased_type":["Relic","Relic","Card","Card","Relic","Card","Relic","Relic","Relic","Relic","Relic","Relic"],"build_version":"2020-12-22","purchased_purges":6,"victory":true,"max_hp_per_floor":[80,80,80,80,80,80,80,80,80,80,80,80,80,80,80,80,80,80,80,80,80,80,80,80,80,80,80,80,80,80,80,80,80,80,80,80,80,80,80,80,80,80,80,80,80,80,80,80,80,80,80,80,80,80,80],"card_choices":[{"not_picked":["Dropkick","Havoc","Rupture"],"picked":"SKIP","floor":1},{"not_picked":["Body Slam","Evolve","True Grit"],"picked":"SKIP","floor":1},{"not_picked":["Reckless Charge","Second Wind","Perfected Strike"],"picked":"SKIP","floor":2},{"not_picked":["Rupture","Entrench","True Grit"],"picked":"SKIP","floor":2},{"not_picked":["Anger","Searing Blow","Armaments"],"picked":"SKIP","floor":3},{"not_picked":["Clothesline","Second Wind","Burning Pact"],"picked":"SKIP","floor":3},{"not_picked":["Clash","Fiend Fire"],"picked":"Uppercut","floor":7},{"not_picked":["Dropkick","infinitespire:OneForAll","Iron Wave"],"picked":"SKIP","floor":8},{"not_picked":["Body Slam","Iron Wave","Feel No Pain"],"picked":"SKIP","floor":8},{"not_picked":["Second Wind","True Grit","Uppercut"],"picked":"SKIP","floor":10},{"not_picked":["True Grit","Entrench","Sword Boomerang"],"picked":"SKIP","floor":11},{"not_picked":["True Grit","Thunderclap","Power Through"],"picked":"SKIP","floor":11},{"not_picked":["Shockwave","Battle Trance"],"picked":"Heavy Blade","floor":13},{"not_picked":["Armaments","infinitespire:OneForAll","Anger"],"picked":"SKIP","floor":13},{"not_picked":["Sword Boomerang","Clash","Entrench"],"picked":"SKIP","floor":14},{"not_picked":["Perfected Strike","Uppercut","Bludgeon"],"picked":"SKIP","floor":14},{"not_picked":["Fiend Fire","Double Tap"],"picked":"Demon Form","floor":16},{"not_picked":["Rampage+1","Headbutt","Heavy Blade"],"picked":"SKIP","floor":18},{"not_picked":["Iron Wave","Metallicize","Carnage+1"],"picked":"SKIP","floor":18},{"not_picked":["Thunderclap","Cleave","Carnage"],"picked":"SKIP","floor":19},{"not_picked":["Battle Trance","Heavy Blade","Carnage"],"picked":"SKIP","floor":19},{"not_picked":["Rampage+1","Battle Trance","Heavy Blade"],"picked":"SKIP","floor":20},{"not_picked":["Warcry","Feed","Sword Boomerang"],"picked":"SKIP","floor":20},{"not_picked":["Wild Strike","Feel No Pain","Cleave"],"picked":"SKIP","floor":22},{"not_picked":["Cleave","Anger","Sword Boomerang+1"],"picked":"SKIP","floor":22},{"not_picked":["Fiend Fire","Clothesline","infinitespire:OneForAll"],"picked":"SKIP","floor":24},{"not_picked":["Sentinel","Pommel Strike","Havoc"],"picked":"SKIP","floor":25},{"not_picked":["Sentinel","Twin Strike","Anger"],"picked":"SKIP","floor":25},{"not_picked":["Thunderclap","Whirlwind","Wild Strike"],"picked":"SKIP","floor":31},{"not_picked":["Fire Breathing","Pommel Strike","Wild Strike"],"picked":"SKIP","floor":35},{"not_picked":["Perfected Strike+1","Clash","Inflame"],"picked":"SKIP","floor":35},{"not_picked":["Armaments","Sword Boomerang+1","Inflame"],"picked":"SKIP","floor":36},{"not_picked":["Warcry","Iron Wave","Armaments+1"],"picked":"SKIP","floor":36},{"not_picked":["Perfected Strike","Dual Wield+1","Headbutt+1"],"picked":"SKIP","floor":40},{"not_picked":["Iron Wave","Rampage"],"picked":"Bloodletting","floor":42},{"not_picked":["Rampage+1","Dropkick","Armaments"],"picked":"SKIP","floor":42},{"not_picked":["Anger","True Grit+1","Warcry"],"picked":"SKIP","floor":46},{"not_picked":["Body Slam","Cleave","Sword Boomerang"],"picked":"SKIP","floor":46},{"not_picked":["Iron Wave","Twin Strike+1","Intimidate"],"picked":"SKIP","floor":47},{"not_picked":["Perfected Strike","Anger","Warcry+1"],"picked":"SKIP","floor":47},{"not_picked":["Havoc","Fiend Fire"],"picked":"Ghostly Armor+1","floor":54}],"player_experience":518103,"relics_obtained":[{"floor":5,"key":"Mummified Hand"},{"floor":7,"key":"Nunchaku"},{"floor":9,"key":"Champion Belt"},{"floor":10,"key":"Toy Ornithopter"},{"floor":24,"key":"TungstenRod"},{"floor":31,"key":"Bronze Scales"},{"floor":38,"key":"CaptainsWheel"},{"floor":40,"key":"HornCleat"},{"floor":43,"key":"Ice Cream"},{"floor":48,"key":"Eternal Feather"},{"floor":54,"key":"Whetstone"}],"event_choices":[{"damage_healed":0,"gold_gain":0,"player_choice":"Ignored","damage_taken":0,"max_hp_gain":0,"max_hp_loss":0,"event_name":"Ghosts","floor":21,"gold_loss":0},{"damage_healed":26,"gold_gain":0,"player_choice":"Heal","damage_taken":0,"max_hp_gain":0,"max_hp_loss":0,"event_name":"The Library","floor":27,"gold_loss":0},{"damage_healed":0,"gold_gain":200,"player_choice":"Gold","damage_taken":0,"max_hp_gain":0,"max_hp_loss":0,"event_name":"Wheel of Change","floor":30,"gold_loss":0},{"damage_healed":0,"gold_gain":0,"player_choice":"Fight","damage_taken":0,"max_hp_gain":0,"max_hp_loss":0,"event_name":"Mysterious Sphere","floor":38,"gold_loss":0},{"damage_healed":0,"gold_gain":0,"player_choice":"Ignored","damage_taken":0,"max_hp_gain":0,"max_hp_loss":0,"event_name":"Tomb of Lord Red Mask","floor":39,"gold_loss":0},{"damage_healed":0,"gold_gain":0,"player_choice":"Embrace Madness","damage_taken":10,"max_hp_gain":0,"max_hp_loss":0,"event_name":"Winding Halls","floor":44,"gold_loss":0,"cards_obtained":["Madness","Madness"]}],"is_beta":false,"boss_relics":[{"not_picked":["Runic Pyramid","Busted Crown"],"picked":"Empty Cage"},{"not_picked":["infinitespire:Cupcake","Snecko Eye"],"picked":"Fusion Hammer"}],"items_purged_floors":[0,4,28,37,45,53],"is_endless":false,"potions_floor_spawned":[1,3,7,10,19,20,31,33,36,46,47,54],"ascension_level":12}}