{"host":"y76clbnovzmw9ubx","time":1612050840,"event":{"mods":["AchievementEnabler","BaseMod","Minty Spire (QoL Compilation)","Permanent Neow","Relic Stats"],"gold_per_floor":[16,34,45,45,60,60,91,91,91,91,126,140,165,182,182,255,255,265,279,194,205,217,244,244,244,244],"floor_reached":25,"language":"ENG","playtime":3223,"items_purged":[],"score":490,"play_id":"308a7983-d929-4c0a-9675-25b5480d0e85","local_time":"20210130185400","is_ascension_mode":true,"campfire_choices":[{"data":"Bouncing Flask","floor":6.0,"key":"SMITH"},{"floor":8.0,"key":"REST"},{"floor":10.0,"key":"REST"},{"data":"Caltrops","floor":15.0,"key":"SMITH"},{"data":"Footwork","floor":24,"key":"SMITH"}],"circlet_count":0,"master_deck":["AscendersBane","Strike_G","Strike_G","Strike_G","Strike_G","Strike_G","Defend_G","Defend_G","Defend_G","Defend_G","Defend_G","Survivor","Neutralize","Secret Technique","Poisoned Stab","Bouncing Flask+1","Footwork+1","Caltrops+1","Masterful Stab","Deadly Poison","Cloak And Dagger","Die Die Die","PiercingWail","Crippling Poison","Skewer","Backflip","Dodge and Roll"],"relics":["Ring of the Snake","Ninja Scroll","Peace Pipe","Lizard Tail","Pen Nib","Coffee Dripper","Shuriken","Letter Opener"],"acts_visited":["Exordium","TheCity"],"potions_floor_usage":[23,23],"damage_taken":[{"damage":0.0,"enemies":"Jaw Worm","floor":1.0,"turns":6.0},{"damage":0.0,"enemies":"2 Louse","floor":2.0,"turns":2.0},{"damage":2.0,"enemies":"Small Slimes","floor":3.0,"turns":4.0},{"damage":14.0,"enemies":"Exordium Thugs","floor":5.0,"turns":5.0},{"damage":42.0,"enemies":"3 Sentries","floor":7.0,"turns":11.0},{"damage":6.0,"enemies":"Lagavulin","floor":11.0,"turns":5.0},{"damage":2.0,"enemies":"2 Fungi Beasts","floor":12.0,"turns":3.0},{"damage":26.0,"enemies":"3 Sentries","floor":13.0,"turns":9.0},{"damage":5.0,"enemies":"3 Louse","floor":14.0,"turns":4.0},{"damage":11.0,"enemies":"Hexaghost","floor":16.0,"turns":8.0},{"damage":8,"enemies":"3 Byrds","floor":18,"turns":4},{"damage":0,"enemies":"Spheric Guardian","floor":19,"turns":2},{"damage":9,"enemies":"Centurion and Healer","floor":21,"turns":8},{"damage":0,"enemies":"Snecko","floor":22,"turns":2},{"damage":30,"enemies":"Gremlin Leader","floor":23,"turns":5},{"damage":13,"enemies":"Book of Stabbing","floor":25,"turns":4}],"seed_played":"2933326946903175580","potions_obtained":[{"floor":5.0,"key":"Strength Potion"},{"floor":11.0,"key":"Poison Potion"},{"floor":13.0,"key":"AttackPotion"},{"floor":22,"key":"Energy Potion"}],"is_trial":false,"path_per_floor":["M","M","M","?","M","R","E","R","T","R","E","M","E","M","R","B",null,"M","M","?","M","M","E","R","E"],"character_chosen":"THE_SILENT","items_purchased":[],"campfire_rested":2,"item_purchase_floors":[],"current_hp_per_floor":[59,59,57,57,43,43,1,20,20,39,33,31,5,33,33,22,55,47,47,47,38,38,8,8,0,0],"gold":244,"neow_bonus":"RANDOM_COLORLESS_2","is_daily":false,"chose_seed":false,"campfire_upgraded":3,"win_rate":0.0,"timestamp":1612050840,"path_taken":["M","M","M","?","M","R","E","R","T","R","E","M","E","M","R","BOSS","M","M","?","M","M","E","R","E"],"items_purchased_type":[],"build_version":"2020-12-22","purchased_purges":0,"victory":false,"max_hp_per_floor":[66,66,66,66,66,66,66,66,66,66,66,66,66,66,66,66,66,66,66,66,66,66,66,66,66,66],"relic_stats":{"Peace Pipe":0,"Lizard Tail":33,"counters":[16,82],"Shuriken":[9],"Pen Nib":[8],"Letter Opener":[10],"obtain_stats":[{"Peace Pipe":9,"Lizard Tail":11,"Ninja Scroll":7,"Shuriken":20,"Pen Nib":13,"Coffee Dripper":17,"Letter Opener":23,"Ring of the Snake":0},{"Peace Pipe":5,"Lizard Tail":6,"Ninja Scroll":5,"Shuriken":12,"Pen Nib":8,"Coffee Dripper":10,"Letter Opener":15,"Ring of the Snake":0},{"Peace Pipe":28,"Lizard Tail":33,"Ninja Scroll":28,"Shuriken":63,"Pen Nib":45,"Coffee Dripper":57,"Letter Opener":78,"Ring of the Snake":0}],"Ring of the Snake":[32]},"card_choices":[{"not_picked":["Magnetism","Chrysalis"],"picked":"Secret Technique","floor":0.0},{"not_picked":["Underhanded Strike","Acrobatics"],"picked":"Poisoned Stab","floor":1.0},{"not_picked":["Underhanded Strike","Storm of Steel"],"picked":"Bouncing Flask","floor":2.0},{"not_picked":["Bane","Underhanded Strike","Acrobatics"],"picked":"SKIP","floor":3.0},{"not_picked":["Slice","Deflect"],"picked":"Footwork","floor":5.0},{"not_picked":["Prepared","Riddle With Holes","Bane"],"picked":"SKIP","floor":7.0},{"not_picked":["Reflex","Envenom"],"picked":"Caltrops","floor":11.0},{"not_picked":["Acrobatics","Quick Slash"],"picked":"Masterful Stab","floor":12.0},{"not_picked":["Calculated Gamble","Infinite Blades"],"picked":"Deadly Poison","floor":13.0},{"not_picked":["Dagger Throw","Heel Hook"],"picked":"Cloak And Dagger","floor":14.0},{"not_picked":["Phantasmal Killer","A Thousand Cuts"],"picked":"Die Die Die","floor":16.0},{"not_picked":["Acrobatics","Bouncing Flask"],"picked":"PiercingWail","floor":18},{"not_picked":["Sucker Punch","Acrobatics"],"picked":"Crippling Poison","floor":19},{"not_picked":["PiercingWail","Sucker Punch"],"picked":"Skewer","floor":21},{"not_picked":["Blade Dance","Predator"],"picked":"Backflip","floor":22},{"not_picked":["Bane","Eviscerate+1"],"picked":"Dodge and Roll","floor":23}],"player_experience":3154613,"relics_obtained":[{"floor":7.0,"key":"Ninja Scroll"},{"floor":9.0,"key":"Peace Pipe"},{"floor":11.0,"key":"Lizard Tail"},{"floor":13.0,"key":"Pen Nib"},{"floor":23,"key":"Letter Opener"}],"event_choices":[{"damage_healed":0.0,"max_hp_gain":0.0,"max_hp_loss":0.0,"gold_gain":0.0,"event_name":"Scrap Ooze","player_choice":"Fled","floor":4.0,"gold_loss":0.0,"damage_taken":0.0},{"damage_healed":0,"gold_gain":0,"player_choice":"Obtained Relic","damage_taken":0,"relics_obtained":["Shuriken"],"max_hp_gain":0,"max_hp_loss":0,"event_name":"Addict","floor":20,"gold_loss":85}],"is_beta":false,"boss_relics":[{"not_picked":["Ring of the Serpent","Busted Crown"],"picked":"Coffee Dripper"}],"items_purged_floors":[],"is_endless":false,"potions_floor_spawned":[5,11,13,14,22],"killed_by":"Book of Stabbing","ascension_level":20}}