{"host":"l15sdf2mmi0nobpi","time":1612003068,"event":{"mods":["ATMod(阿瑾Mod)","BaseMod","Highlight Path","Minty Spire (QoL Compilation)","Quick Restart","Remilia（蕾米莉亚）","StSLib","【功能Mod】Neow奖励"],"gold_per_floor":[110,146,183,220,220,220,274,274,301,301,327,341,341,368,368,445,445,456,494,248,263,277,302,339,368,395,665,665,716,716,729,729,823,823,840,851,851,887,280,280,328,328,328,163,173,48,57,91,91,111,111,111,32,84,104],"floor_reached":56,"language":"ZHS","playtime":2639,"items_purged":["Strike_RM","ScarletShoot","Defend_RM"],"score":2587,"play_id":"3a978295-18c1-449c-91d1-59f1fbce8fb7","local_time":"20210130183748","is_ascension_mode":true,"campfire_choices":[{"data":"AT_ChampionKick","floor":6.0,"key":"SMITH"},{"data":"RedMoon","floor":8.0,"key":"SMITH"},{"data":"FavorOfDestiny","floor":10.0,"key":"SMITH"},{"data":"FitfulNightmare","floor":15.0,"key":"SMITH"},{"floor":28.0,"key":"REST"},{"data":"ScarletSymphony","floor":30.0,"key":"SMITH"},{"data":"VampireFantasy","floor":32.0,"key":"SMITH"},{"floor":40.0,"key":"RECALL"},{"data":"SuperhumanBloodyKnife","floor":42.0,"key":"SMITH"},{"data":"CurseOfVladTepes","floor":49.0,"key":"SMITH"},{"data":"EternalNight","floor":52,"key":"SMITH"}],"circlet_count":0,"master_deck":["AscendersBane","Defend_RM","Defend_RM","Defend_RM","RedMoon+1","AT_ChampionKick+1","UltimateOffering","FavorOfDestiny+1","VampireKiss","RedNightlessCastle+1","VampireSweep","VampireFantasy+1","BatForm","SuperhumanBloodyKnife+1","FitfulNightmare+1","CurseOfVladTepes+1","ScarletSymphony+1","CeilingFear","CeilingFear","EternalNight+1"],"relics":["ScarletHat","DevilEmblem","AT_ATBox","Orichalcum","Juzu Bracelet","ScarletDevilRocket","RedBat","Philosopher\u0027s Stone","ClockworkSouvenir","Pen Nib","Ancient Tea Set","Blue Candle","Snecko Eye","Gambling Chip","CeramicFish","Bottled Tornado","Medical Kit","Bird Faced Urn"],"acts_visited":["Exordium","TheCity","TheBeyond","TheEnding"],"potions_floor_usage":[53,55,55],"damage_taken":[{"damage":28.0,"enemies":"Small Slimes","floor":1.0,"turns":2.0},{"damage":2.0,"enemies":"2 Louse","floor":2.0,"turns":3.0},{"damage":3.0,"enemies":"Jaw Worm","floor":3.0,"turns":5.0},{"damage":0.0,"enemies":"Lots of Slimes","floor":4.0,"turns":1.0},{"damage":24.0,"enemies":"Gremlin Nob","floor":7.0,"turns":6.0},{"damage":0.0,"enemies":"3 Sentries","floor":11.0,"turns":2.0},{"damage":1.0,"enemies":"Large Slime","floor":12.0,"turns":6.0},{"damage":5.0,"enemies":"Lagavulin","floor":14.0,"turns":6.0},{"damage":32.0,"enemies":"Slime Boss","floor":16.0,"turns":6.0},{"damage":31.0,"enemies":"2 Thieves","floor":18.0,"turns":3.0},{"damage":7.0,"enemies":"Spheric Guardian","floor":19.0,"turns":4.0},{"damage":19.0,"enemies":"Cultist and Chosen","floor":21.0,"turns":5.0},{"damage":11.0,"enemies":"3 Cultists","floor":22.0,"turns":2.0},{"damage":9.0,"enemies":"Gremlin Leader","floor":23.0,"turns":5.0},{"damage":0.0,"enemies":"Shelled Parasite and Fungi","floor":24.0,"turns":3.0},{"damage":14.0,"enemies":"Slavers","floor":25.0,"turns":3.0},{"damage":11.0,"enemies":"Gremlin Leader","floor":29.0,"turns":4.0},{"damage":30.0,"enemies":"Snake Plant","floor":31.0,"turns":3.0},{"damage":1.0,"enemies":"Champ","floor":33.0,"turns":8.0},{"damage":34.0,"enemies":"Orb Walker","floor":35.0,"turns":4.0},{"damage":0.0,"enemies":"3 Darklings","floor":36.0,"turns":3.0},{"damage":28.0,"enemies":"4 Shapes","floor":38.0,"turns":3.0},{"damage":0.0,"enemies":"Giant Head","floor":41.0,"turns":4.0},{"damage":0.0,"enemies":"Jaw Worm Horde","floor":45.0,"turns":2.0},{"damage":0.0,"enemies":"Nemesis","floor":48.0,"turns":5.0},{"damage":12,"enemies":"Time Eater","floor":50,"turns":7},{"damage":39,"enemies":"Shield and Spear","floor":54,"turns":4},{"damage":49,"enemies":"The Heart","floor":55,"turns":8}],"seed_played":"-2574874859025956272","potions_obtained":[{"floor":1.0,"key":"Swift Potion"},{"floor":3.0,"key":"Swift Potion"},{"floor":18.0,"key":"FearPotion"},{"floor":25.0,"key":"Fruit Juice"},{"floor":38.0,"key":"FearPotion"},{"floor":48.0,"key":"Fruit Juice"}],"is_trial":false,"path_per_floor":["M","M","M","M","?","R","E","R","T","R","E","M","?","E","R","B",null,"M","M","$","M","M","E","M","E","T","?","R","E","R","M","R","B",null,"M","M","?","M","$","R","E","R","T","$","M","$","?","E","R","B",null,"R","$","E","B",null],"character_chosen":"REMILIA","items_purchased":["ClockworkSouvenir","CeilingFear","Gambling Chip","Medical Kit","Ancient Potion"],"campfire_rested":1,"item_purchase_floors":[20,39,39,44,53],"current_hp_per_floor":[35,35,35,35,35,35,23,23,23,23,23,33,26,35,35,41,63,35,34,34,46,41,35,41,36,36,14,36,59,59,38,38,37,66,32,33,33,12,12,12,37,37,37,37,37,37,37,37,37,34,65,65,70,35,40],"gold":104,"neow_bonus":"TRANSFORM_CARD","is_daily":false,"chose_seed":false,"campfire_upgraded":9,"win_rate":0.0,"timestamp":1612003068,"path_taken":["M","M","M","M","?","R","E","R","T","R","E","M","?","E","R","BOSS","M","M","$","M","M","E","M","E","T","?","R","E","R","M","R","BOSS","M","M","?","M","?","R","E","R","T","$","M","$","?","E","R","BOSS","R","$","E","BOSS"],"items_purchased_type":["Relic","Card","Relic","Relic","Potion"],"build_version":"2020-12-22","purchased_purges":3,"victory":true,"max_hp_per_floor":[70,70,70,70,70,70,70,70,70,70,70,70,70,70,70,70,70,70,70,70,70,70,70,70,70,70,75,75,75,75,75,75,75,75,75,75,75,75,75,75,75,75,75,75,75,75,75,75,75,75,75,75,80,80,80],"card_choices":[{"not_picked":["ScarletImprint","ScarletDevil"],"picked":"FavorOfDestiny","floor":1.0},{"not_picked":["Maim","CharismaGuard"],"picked":"VampireKiss","floor":2.0},{"not_picked":["NightDance","ForbiddenFruit"],"picked":"RedNightlessCastle","floor":3.0},{"not_picked":["Maim","GlobalNightmare"],"picked":"VampireSweep","floor":4.0},{"not_picked":["StarOfDavid","NightDance"],"picked":"VampireFantasy","floor":7.0},{"not_picked":["VampireKiss","MillenniumVampire"],"picked":"BatForm","floor":11.0},{"not_picked":["CharismaGuard","MastersStateliness"],"picked":"SuperhumanBloodyKnife","floor":12.0},{"not_picked":["EndlessAdversity","ReincarnationDial"],"picked":"FitfulNightmare","floor":14.0},{"not_picked":["ScarletNetherworld","BloodyHallows"],"picked":"CurseOfVladTepes","floor":16.0},{"not_picked":["BlasphemousPunishment","ScarletImprint"],"picked":"ScarletSymphony","floor":18.0},{"not_picked":["MillenniumVampire","RedRainbow","BloodAndWine"],"picked":"SKIP","floor":19.0},{"not_picked":["SuperhumanBloodyKnife","ScarletDevil","DiffusionOfMisfortune"],"picked":"SKIP","floor":21.0},{"not_picked":["ScarletDevil+1","DevilSight","RedRainbow"],"picked":"SKIP","floor":22.0},{"not_picked":["MiserableFate","BlasphemousPunishment","FavorOfDestiny"],"picked":"SKIP","floor":23.0},{"not_picked":["BloodyMagicSquare","MastersStateliness","UnderTheZenith"],"picked":"SKIP","floor":24.0},{"not_picked":["BloodyMagicSquare","MastersStateliness","UnderTheZenith"],"picked":"SKIP","floor":24.0},{"not_picked":["MastersStateliness","BadLadyScramble","KillingBlow"],"picked":"SKIP","floor":25.0},{"not_picked":["UltimateOffering","BombardNight+1","Stigmanizer"],"picked":"SKIP","floor":29.0},{"not_picked":["RedMagic","BadLadyScramble","DiffusionOfMisfortune"],"picked":"SKIP","floor":31.0},{"not_picked":["VampirishNight","BombardNight","EndlessAdversity"],"picked":"SKIP","floor":35.0},{"not_picked":["Stigmanizer","SuperhumanBloodyKnife","NightLord"],"picked":"SKIP","floor":36.0},{"not_picked":["ForecastOfChange","VampireKiss","EndlessAdversity"],"picked":"SKIP","floor":38.0},{"not_picked":["ScarletSymphony","BombardNight","RedMagic+1"],"picked":"SKIP","floor":41.0},{"not_picked":["BloodyCatastrophe","EndlessAdversity","UnderTheZenith"],"picked":"SKIP","floor":45.0},{"not_picked":["ReincarnationDial","BloodHunter"],"picked":"EternalNight","floor":48.0},{"not_picked":["ForecastOfChange","Septette","VampireFantasy"],"picked":"SKIP","floor":54}],"player_experience":732071,"relics_obtained":[{"floor":7.0,"key":"Orichalcum"},{"floor":9.0,"key":"Juzu Bracelet"},{"floor":11.0,"key":"ScarletDevilRocket"},{"floor":14.0,"key":"RedBat"},{"floor":23.0,"key":"Pen Nib"},{"floor":25.0,"key":"Ancient Tea Set"},{"floor":29.0,"key":"Blue Candle"},{"floor":41.0,"key":"CeramicFish"},{"floor":43.0,"key":"Bottled Tornado"},{"floor":48.0,"key":"Bird Faced Urn"}],"event_choices":[{"damage_healed":0.0,"max_hp_gain":0.0,"max_hp_loss":0.0,"gold_gain":0.0,"event_name":"Living Wall","player_choice":"Grow","floor":5.0,"gold_loss":0.0,"damage_taken":0.0,"cards_upgraded":["RedNightlessCastle"]},{"cards_removed":["Strike_RM"],"damage_healed":0.0,"max_hp_gain":0.0,"max_hp_loss":0.0,"gold_gain":0.0,"event_name":"Golden Wing","player_choice":"Card Removal","floor":13.0,"gold_loss":0.0,"damage_taken":7.0},{"damage_healed":0.0,"max_hp_gain":0.0,"max_hp_loss":0.0,"gold_gain":270.0,"event_name":"Knowing Skull","player_choice":"GOLD GOLD GOLD ","floor":27.0,"potions_obtained":[],"gold_loss":0.0,"damage_taken":27.0,"cards_obtained":[]},{"cards_removed":["Strike_RM"],"damage_healed":0.0,"max_hp_gain":0.0,"max_hp_loss":0.0,"gold_gain":0.0,"event_name":"Purifier","player_choice":"Purged","floor":37.0,"gold_loss":0.0,"damage_taken":0.0},{"damage_healed":0.0,"max_hp_gain":0.0,"max_hp_loss":0.0,"gold_gain":0.0,"event_name":"Duplicator","player_choice":"Copied","floor":47.0,"gold_loss":0.0,"damage_taken":0.0,"cards_obtained":["CeilingFear"]}],"is_beta":false,"boss_relics":[{"not_picked":["Empty Cage","Fusion Hammer"],"picked":"Philosopher\u0027s Stone"},{"not_picked":["APieceOfRedMist","Calling Bell"],"picked":"Snecko Eye"}],"items_purged_floors":[20,39,46],"is_endless":false,"potions_floor_spawned":[1,3,12,18,21,24,25,38,48],"ascension_level":19}}