{"host":"6xsbn6ynqlzwllfm","time":1612043992,"event":{"mods":["2.2 Compatiblity","BaseMod","Bestiary","Colored Map","Colored Powertips","Curses Come First","Highlight Path","Keyboard Shortcuts","Minty Spire (QoL Compilation)","Relic Stats","Slay the Relics Exporter","StSLib","SuperFastMode"],"gold_per_floor":[116,135,153,164,164,193,193,193,193,224,60,60,86,104,104,183,183,194,206,121,121,135,164,183,211,211,211,231,231,250,283,283,355,355,367,380,429,139,156,156,0,30,30,30,55,85,35,52,52,52,52,52,52,2,28,28,28],"floor_reached":56,"language":"ENG","playtime":1728,"items_purged":["Defend_P","Defend_P","Defend_P"],"score":2320,"play_id":"17726e53-b73e-4349-8041-2f08a99bbec3","local_time":"20210130165952","is_ascension_mode":true,"campfire_choices":[{"data":"Tantrum","floor":7.0,"key":"SMITH"},{"data":"CrushJoints","floor":12.0,"key":"SMITH"},{"data":"FlyingSleeves","floor":15.0,"key":"SMITH"},{"data":"Blasphemy","floor":27.0,"key":"SMITH"},{"data":"FlurryOfBlows","floor":29.0,"key":"SMITH"},{"data":"FlurryOfBlows","floor":32.0,"key":"SMITH"},{"data":"Vault","floor":40.0,"key":"SMITH"},{"floor":44.0,"key":"RECALL"},{"data":"TalkToTheHand","floor":49.0,"key":"SMITH"},{"floor":53.0,"key":"REST"}],"circlet_count":0,"master_deck":["AscendersBane","Defend_P","Eruption","Vigilance","Swivel","FlyingSleeves+1","EmptyFist","CrushJoints+1","Tantrum+1","TalkToTheHand+1","DeceiveReality","Brilliance","SandsOfTime+1","Halt+1","Conclude+1","FlurryOfBlows+1","TalkToTheHand","FearNoEvil","Blasphemy+1","ReachHeaven+1","FlurryOfBlows+1","Consecrate","Omniscience","FlyingSleeves+1","Vault+1","DeusExMachina"],"relics":["PureWater","Akabeko","Pen Nib","InkBottle","Lizard Tail","Bag of Preparation","Regal Pillow","Astrolabe","Toy Ornithopter","NlothsMask","Smiling Mask","Oddly Smooth Stone","Lantern","Sozu","CloakClasp","OrangePellets","Red Mask","Shuriken","Turnip","Du-Vu Doll","Ornamental Fan"],"acts_visited":["Exordium","TheCity","TheBeyond","TheEnding"],"potions_floor_usage":[55],"damage_taken":[{"damage":0.0,"enemies":"Cultist","floor":1.0,"turns":3.0},{"damage":0.0,"enemies":"Jaw Worm","floor":2.0,"turns":3.0},{"damage":0.0,"enemies":"Small Slimes","floor":3.0,"turns":4.0},{"damage":4.0,"enemies":"Exordium Wildlife","floor":4.0,"turns":5.0},{"damage":8.0,"enemies":"Gremlin Nob","floor":6.0,"turns":3.0},{"damage":5.0,"enemies":"3 Sentries","floor":10.0,"turns":4.0},{"damage":0.0,"enemies":"Lagavulin","floor":13.0,"turns":2.0},{"damage":4.0,"enemies":"3 Louse","floor":14.0,"turns":3.0},{"damage":0.0,"enemies":"Slime Boss","floor":16.0,"turns":2.0},{"damage":6.0,"enemies":"Shell Parasite","floor":18.0,"turns":3.0},{"damage":6.0,"enemies":"2 Thieves","floor":19.0,"turns":3.0},{"damage":0.0,"enemies":"3 Cultists","floor":22.0,"turns":3.0},{"damage":1.0,"enemies":"Gremlin Leader","floor":23.0,"turns":4.0},{"damage":10.0,"enemies":"Snake Plant","floor":24.0,"turns":3.0},{"damage":8.0,"enemies":"Slavers","floor":25.0,"turns":2.0},{"damage":0.0,"enemies":"Snecko","floor":28.0,"turns":2.0},{"damage":4.0,"enemies":"3 Cultists","floor":30.0,"turns":3.0},{"damage":20.0,"enemies":"Gremlin Leader","floor":31.0,"turns":3.0},{"damage":0.0,"enemies":"Collector","floor":33.0,"turns":2.0},{"damage":0.0,"enemies":"3 Shapes","floor":35.0,"turns":1.0},{"damage":0.0,"enemies":"3 Darklings","floor":36.0,"turns":1.0},{"damage":1.0,"enemies":"2 Orb Walkers","floor":37.0,"turns":3.0},{"damage":8.0,"enemies":"Sphere and 2 Shapes","floor":39.0,"turns":6.0},{"damage":0.0,"enemies":"Reptomancer","floor":42.0,"turns":2.0},{"damage":0.0,"enemies":"Mind Bloom Boss Battle","floor":45.0,"turns":2.0},{"damage":0.0,"enemies":"Nemesis","floor":46.0,"turns":1.0},{"damage":0.0,"enemies":"Spire Growth","floor":48.0,"turns":2.0},{"damage":42.0,"enemies":"Time Eater","floor":50.0,"turns":8.0},{"damage":48.0,"enemies":"Donu and Deca","floor":51.0,"turns":6.0},{"damage":12,"enemies":"Shield and Spear","floor":55,"turns":3},{"damage":63,"enemies":"The Heart","floor":56,"turns":3}],"seed_played":"1830488682475519248","potions_obtained":[{"floor":1.0,"key":"AttackPotion"},{"floor":2.0,"key":"Explosive Potion"},{"floor":16.0,"key":"LiquidMemories"},{"floor":19.0,"key":"EssenceOfSteel"},{"floor":23.0,"key":"Block Potion"},{"floor":25.0,"key":"Fire Potion"},{"floor":28.0,"key":"SteroidPotion"}],"is_trial":false,"path_per_floor":["M","M","M","M","?","E","R","?","T","E","$","R","E","M","R","B",null,"M","M","?","?","M","E","M","E","T","R","M","R","M","E","R","B",null,"M","M","?","$","M","R","?","E","T","R","?","E","$","M","R","B","B",null,"R","$","E","B"],"character_chosen":"WATCHER","items_purchased":["Bag of Preparation","OrangePellets","Vault"],"campfire_rested":1,"item_purchase_floors":[11,38,38],"current_hp_per_floor":[61,61,61,57,62,54,54,47,47,42,42,42,42,38,38,38,64,58,52,52,52,52,56,51,43,43,43,43,43,39,19,19,19,60,60,65,64,64,56,56,56,56,56,56,56,56,56,56,56,14,8,57,73,73,61,0,0],"gold":28,"neow_bonus":"RANDOM_COMMON_RELIC","is_daily":false,"chose_seed":false,"campfire_upgraded":8,"win_rate":0.0,"timestamp":1612043992,"path_taken":["M","M","?","M","?","E","R","?","T","E","?","R","E","M","R","BOSS","M","M","?","?","M","E","M","E","T","R","M","R","?","E","R","BOSS","M","M","?","$","M","R","?","E","T","R","?","E","$","M","R","BOSS","BOSS","R","$","E","BOSS"],"items_purchased_type":["Relic","Relic","Card"],"build_version":"2020-12-22","purchased_purges":3,"victory":false,"max_hp_per_floor":[68,68,68,68,73,73,73,73,73,73,73,73,73,73,73,73,73,73,73,73,73,73,73,73,73,73,73,73,73,73,73,73,73,73,73,73,73,73,73,73,73,73,73,73,73,73,73,73,73,73,73,73,73,73,73,73,73],"relic_stats":{"Regal Pillow":0,"counters":[31,95],"Astrolabe":["SandsOfTime","Halt","Conclude"],"Pen Nib":[21],"Bag of Preparation":[50],"CloakClasp":[90],"Smiling Mask":150,"Sozu":4,"OrangePellets":[0],"Lizard Tail":36,"Shuriken":[22],"Ornamental Fan":[8],"Turnip":[3],"obtain_stats":[{"Regal Pillow":13,"Lantern":31,"Astrolabe":17,"Oddly Smooth Stone":25,"Pen Nib":6,"Bag of Preparation":11,"CloakClasp":37,"Smiling Mask":23,"Akabeko":0,"Sozu":34,"Du-Vu Doll":46,"OrangePellets":38,"Lizard Tail":10,"Shuriken":42,"Ornamental Fan":55,"Turnip":45,"Red Mask":41,"PureWater":0,"InkBottle":9,"Toy Ornithopter":20,"NlothsMask":21},{"Regal Pillow":7,"Lantern":18,"Astrolabe":9,"Oddly Smooth Stone":15,"Pen Nib":5,"Bag of Preparation":6,"CloakClasp":22,"Smiling Mask":13,"Akabeko":0,"Sozu":19,"Du-Vu Doll":26,"OrangePellets":22,"Lizard Tail":6,"Shuriken":24,"Ornamental Fan":30,"Turnip":25,"Red Mask":23,"PureWater":0,"InkBottle":5,"Toy Ornithopter":11,"NlothsMask":11},{"Regal Pillow":24,"Lantern":55,"Astrolabe":29,"Oddly Smooth Stone":47,"Pen Nib":18,"Bag of Preparation":22,"CloakClasp":62,"Smiling Mask":42,"Akabeko":0,"Sozu":57,"Du-Vu Doll":73,"OrangePellets":62,"Lizard Tail":22,"Shuriken":70,"Ornamental Fan":92,"Turnip":72,"Red Mask":68,"PureWater":0,"InkBottle":18,"Toy Ornithopter":35,"NlothsMask":35}],"InkBottle":[33],"Toy Ornithopter":15},"card_choices":[{"not_picked":["MentalFortress","Perseverance"],"picked":"Swivel","floor":1.0},{"not_picked":["SignatureMove","ClearTheMind"],"picked":"FlyingSleeves","floor":2.0},{"not_picked":["DeceiveReality","ThirdEye"],"picked":"EmptyFist","floor":3.0},{"not_picked":["FlurryOfBlows","FlyingSleeves"],"picked":"CrushJoints","floor":4.0},{"not_picked":["Halt","Crescendo"],"picked":"Tantrum","floor":6.0},{"not_picked":["Tantrum","Wireheading"],"picked":"TalkToTheHand","floor":10.0},{"not_picked":["PathToVictory","Establishment"],"picked":"DeceiveReality","floor":13.0},{"not_picked":["Alpha","SpiritShield"],"picked":"Brilliance","floor":16.0},{"not_picked":["EmptyMind","CrushJoints"],"picked":"FlurryOfBlows","floor":19.0},{"not_picked":["Conclude","Evaluate"],"picked":"TalkToTheHand","floor":22.0},{"not_picked":["ClearTheMind+1","FlurryOfBlows"],"picked":"FearNoEvil","floor":23.0},{"not_picked":["Crescendo","ClearTheMind"],"picked":"Blasphemy","floor":24.0},{"not_picked":["CutThroughFate","MasterReality"],"picked":"ReachHeaven+1","floor":25.0},{"not_picked":["CrushJoints","Prostrate"],"picked":"FlurryOfBlows","floor":28.0},{"not_picked":["CutThroughFate+1","Crescendo+1"],"picked":"Consecrate","floor":30.0},{"not_picked":["MasterReality","Devotion"],"picked":"Omniscience","floor":33.0},{"not_picked":["Weave","Halt+1"],"picked":"FlyingSleeves+1","floor":35.0},{"not_picked":["CutThroughFate","Collect"],"picked":"DeusExMachina","floor":42.0},{"not_picked":["Wireheading","EmptyMind","BowlingBash"],"picked":"SKIP","floor":55}],"player_experience":1302777,"relics_obtained":[{"floor":6.0,"key":"Pen Nib"},{"floor":9.0,"key":"InkBottle"},{"floor":10.0,"key":"Lizard Tail"},{"floor":13.0,"key":"Regal Pillow"},{"floor":23.0,"key":"Smiling Mask"},{"floor":25.0,"key":"Oddly Smooth Stone"},{"floor":31.0,"key":"Lantern"},{"floor":37.0,"key":"CloakClasp"},{"floor":42.0,"key":"Shuriken"},{"floor":45.0,"key":"Turnip"},{"floor":46.0,"key":"Du-Vu Doll"},{"floor":55,"key":"Ornamental Fan"}],"event_choices":[{"damage_healed":0.0,"max_hp_gain":5.0,"max_hp_loss":0.0,"gold_gain":0.0,"event_name":"Big Fish","player_choice":"Donut","floor":5.0,"gold_loss":0.0,"damage_taken":0.0},{"cards_removed":["Strike_P"],"damage_healed":0.0,"max_hp_gain":0.0,"max_hp_loss":0.0,"gold_gain":0.0,"event_name":"Golden Wing","player_choice":"Card Removal","floor":8.0,"gold_loss":0.0,"damage_taken":7.0},{"damage_healed":0.0,"max_hp_gain":0.0,"max_hp_loss":0.0,"gold_gain":0.0,"event_name":"Addict","player_choice":"Obtained Relic","floor":20.0,"gold_loss":85.0,"damage_taken":0.0,"relics_obtained":["Toy Ornithopter"]},{"damage_healed":0.0,"max_hp_gain":0.0,"max_hp_loss":0.0,"gold_gain":0.0,"event_name":"FaceTrader","player_choice":"Trade","floor":21.0,"gold_loss":0.0,"damage_taken":0.0,"relics_obtained":["NlothsMask"]},{"damage_healed":0.0,"max_hp_gain":0.0,"max_hp_loss":0.0,"gold_gain":0.0,"event_name":"Mysterious Sphere","player_choice":"Fight","floor":37.0,"gold_loss":0.0,"damage_taken":0.0},{"damage_healed":0.0,"max_hp_gain":0.0,"max_hp_loss":0.0,"gold_gain":0.0,"event_name":"Tomb of Lord Red Mask","player_choice":"Paid","floor":41.0,"gold_loss":156.0,"damage_taken":0.0,"relics_obtained":["Red Mask"]},{"damage_healed":0.0,"max_hp_gain":0.0,"max_hp_loss":0.0,"gold_gain":0.0,"event_name":"MindBloom","player_choice":"Fight","floor":45.0,"gold_loss":0.0,"damage_taken":0.0}],"is_beta":false,"boss_relics":[{"not_picked":["Ectoplasm","Runic Dome"],"picked":"Astrolabe"},{"not_picked":["VioletLotus","Calling Bell"],"picked":"Sozu"}],"items_purged_floors":[38,47,54],"is_endless":false,"potions_floor_spawned":[1,2,3,16,19,23,25,28,39,42,45,48],"killed_by":"The Heart","ascension_level":20}}