{"host":"y1oqg7uy0jc6f5mb","time":1612000321,"event":{"mods":["BaseMod","Better Altar","Better Match","Better Note","Better Sensory Stone","Better Skull","Better Third Choice","Block Reminder","Colored Map","Colored Powertips","Custom Start","DeckTracker","Displayed Cursed Tome","Downfall","Highlight Path","Ironclad Rager","Minty Spire (QoL Compilation)","Permanent Neow","Quick Restart","Relic Sorter","Relic Stats","Replay The Spire","Shop Mod","StSLib"],"gold_per_floor":[99,115,115,132,190,223,249,249,260,260,275,275,37,37,54,54,54,54],"floor_reached":16,"language":"ENG","playtime":1521,"items_purged":["ReplayTheSpireMod:Splinters"],"score":105,"play_id":"e894855c-b739-4077-83ff-06f39d8adc8f","local_time":"20210130175201","is_ascension_mode":true,"campfire_choices":[{"floor":8.0,"key":"REST"},{"data":"Chaos","floor":12.0,"key":"SMITH"}],"circlet_count":0,"master_deck":["Slimebound:Strike_Slimebound","Slimebound:Strike_Slimebound","Slimebound:Strike_Slimebound","Slimebound:Defend_Slimebound","Slimebound:Defend_Slimebound","Slimebound:Defend_Slimebound","Slimebound:Defend_Slimebound+1","Slimebound:CorrosiveSpit+1","ReplayTheSpireMod:Brewmster","Slimebound:PressTheAttack","Slimebound:Replication+1","Slimebound:LivingWall","Slimebound:SplitMire","Slimebound:LeechingTouch","Chaos+1","Slimebound:ComboTackle","Slimebound:Gluttony","Slimebound:SplitMire"],"relics":["Slimebound:AbsorbEndCombat","Gambling Chip","Replay:Bottled Eggs","Counterbalance","War Paint","MealTicket"],"acts_visited":["Exordium"],"potions_floor_usage":[16,16,16,16,16],"damage_taken":[{"damage":18.0,"enemies":"Small Slimes","floor":2.0,"turns":6.0},{"damage":2.0,"enemies":"Jaw Worm","floor":4.0,"turns":5.0},{"damage":19.0,"enemies":"Gremlin Nob","floor":6.0,"turns":3.0},{"damage":1.0,"enemies":"2 Louse","floor":9.0,"turns":3.0},{"damage":7.0,"enemies":"3 Louse","floor":11.0,"turns":3.0},{"damage":12.0,"enemies":"downfall:FleeingMerchant","floor":13.0,"turns":4.0},{"damage":19.0,"enemies":"Exordium Wildlife","floor":15.0,"turns":4.0},{"damage":28,"enemies":"DF_ARCHETYPE_STREAMLINE","floor":16,"turns":4}],"seed_played":"-5154800107733371809","potions_obtained":[{"floor":4.0,"key":"PowerPotion"},{"floor":11.0,"key":"AttackPotion"}],"is_trial":false,"path_per_floor":["R_BF","M","?","M","?","E","T","R","M","?","M","R","$","?","M","B"],"character_chosen":"SLIMEBOUND","items_purchased":["MealTicket"],"campfire_rested":1,"item_purchase_floors":[13],"current_hp_per_floor":[47,33,33,35,35,20,20,39,42,42,41,41,37,37,24,0,0,0],"gold":54,"neow_bonus":"ONE_RARE_RELIC","is_daily":false,"chose_seed":false,"campfire_upgraded":1,"win_rate":0.0,"timestamp":1612000321,"path_taken":["R_BF","M","?","M","?","E","T","R","M","?","M","R","$","?","M","BOSS"],"items_purchased_type":["Relic"],"build_version":"2020-12-22","purchased_purges":1,"victory":false,"max_hp_per_floor":[65,65,65,65,65,65,65,65,65,65,65,65,65,65,65,65,65,65],"relic_stats":{"counters":[8,32],"Gambling Chip":[20],"MealTicket":0,"War Paint":["Slimebound:CorrosiveSpit","Slimebound:Defend_Slimebound"],"obtain_stats":[{"Gambling Chip":0,"Counterbalance":6,"MealTicket":13,"Slimebound:AbsorbEndCombat":0,"Replay:Bottled Eggs":5,"War Paint":7},{"Gambling Chip":0,"Counterbalance":3,"MealTicket":6,"Slimebound:AbsorbEndCombat":0,"Replay:Bottled Eggs":2,"War Paint":3},{"Gambling Chip":0,"Counterbalance":14,"MealTicket":24,"Slimebound:AbsorbEndCombat":0,"Replay:Bottled Eggs":11,"War Paint":14}]},"card_choices":[{"not_picked":["Madness","Discovery"],"picked":"ReplayTheSpireMod:Brewmster","floor":1.0},{"not_picked":["Slimebound:ForwardTackle","Slimebound:Grow"],"picked":"Slimebound:PressTheAttack","floor":2.0},{"not_picked":["Slimebound:SplitMire","Slimebound:HauntingLick"],"picked":"Slimebound:Replication","floor":4.0},{"not_picked":["Slimebound:Prepare","Slimebound:ServeAndProtect"],"picked":"Slimebound:LivingWall","floor":5.0},{"not_picked":["Slimebound:TongueLash","Slimebound:Nibble"],"picked":"Slimebound:SplitMire","floor":6.0},{"not_picked":["Slimebound:SplitMire","Slimebound:RollThrough"],"picked":"Slimebound:LeechingTouch","floor":9.0},{"not_picked":["Slimebound:GoopTackle","Slimebound:SamplingLick"],"picked":"Slimebound:ComboTackle","floor":11.0},{"not_picked":["Slimebound:Overexert","Slimebound:LeechingTouch"],"picked":"Slimebound:Gluttony","floor":13.0},{"not_picked":["Slimebound:SamplingLick","Slimebound:TongueLash"],"picked":"Slimebound:SplitMire","floor":15.0}],"player_experience":268613,"relics_obtained":[{"floor":5.0,"key":"Replay:Bottled Eggs"},{"floor":6.0,"key":"Counterbalance"},{"floor":7.0,"key":"War Paint"}],"event_choices":[{"damage_healed":0.0,"max_hp_gain":0.0,"max_hp_loss":0.0,"gold_gain":1.0,"event_name":"betterStone:BetterStone","player_choice":"1","floor":1.0,"gold_loss":0.0,"damage_taken":0.0}],"is_beta":false,"boss_relics":[],"items_purged_floors":[13],"is_endless":false,"potions_floor_spawned":[4,11],"killed_by":"DF_ARCHETYPE_STREAMLINE","ascension_level":1}}