{"host":"o7j6aatxjwpw1421","time":1612015055,"event":{"mods":["2.2 Compatiblity","AchievementEnabler","BaseMod","Colored Map","DeckTracker","Highlight Path","Keyboard Shortcuts","Minty Spire (QoL Compilation)","Permanent Neow","Quick Restart","StSLib","SuperFastMode","everything is the same but u backflip on backflip"],"gold_per_floor":[119,50,125,141,141,141,157,157,157,175,175,189,224,62,62,166,166,176,356,368,378,391,402,402,402,402,252,252,266,266,283,283,283,283],"floor_reached":33,"language":"KOR","playtime":651,"items_purged":[],"score":249,"play_id":"5f9b3d03-3f36-4f97-a6c4-7f3ee62bc151","local_time":"20210130225735","is_ascension_mode":false,"campfire_choices":[{"data":"Perfected Strike","floor":6.0,"key":"SMITH"},{"data":"Inflame","floor":11.0,"key":"SMITH"},{"data":"Perfected Strike","floor":15.0,"key":"SMITH"},{"floor":25.0,"key":"REST"},{"data":"Offering","floor":28.0,"key":"SMITH"},{"floor":32,"key":"REST"}],"circlet_count":0,"master_deck":["Strike_R","Strike_R","Strike_R","Strike_R","Strike_R","Defend_R","Defend_R","Defend_R","Defend_R","Bash","Shrug It Off","Inflame+1","Perfected Strike+1","Shrug It Off","Pommel Strike","Perfected Strike+1","Offering+1","Entrench+1"],"relics":["Burning Blood","Pen Nib","Tiny Chest","Smiling Mask","SacredBark","WingedGreaves","Blue Candle","Lantern"],"acts_visited":["Exordium","TheCity"],"potions_floor_usage":[],"damage_taken":[{"damage":2.0,"enemies":"Small Slimes","floor":1.0,"turns":4.0},{"damage":1.0,"enemies":"Jaw Worm","floor":4.0,"turns":3.0},{"damage":0.0,"enemies":"2 Louse","floor":7.0,"turns":2.0},{"damage":3.0,"enemies":"Red Slaver","floor":10.0,"turns":4.0},{"damage":4.0,"enemies":"Gremlin Gang","floor":12.0,"turns":4.0},{"damage":18.0,"enemies":"Lagavulin","floor":13.0,"turns":6.0},{"damage":55.0,"enemies":"Hexaghost","floor":16.0,"turns":9.0},{"damage":21.0,"enemies":"2 Thieves","floor":18.0,"turns":5.0},{"damage":2.0,"enemies":"Chosen","floor":20.0,"turns":3.0},{"damage":27.0,"enemies":"Snake Plant","floor":21.0,"turns":4.0},{"damage":15.0,"enemies":"3 Cultists","floor":22.0,"turns":5.0},{"damage":12.0,"enemies":"Cultist and Chosen","floor":23.0,"turns":4.0},{"damage":13.0,"enemies":"Snecko","floor":29.0,"turns":4.0},{"damage":16,"enemies":"Centurion and Healer","floor":31,"turns":4},{"damage":32,"enemies":"Champ","floor":33,"turns":7}],"seed_played":"-2644253345904200385","potions_obtained":[{"floor":7.0,"key":"DuplicationPotion"},{"floor":10.0,"key":"Ancient Potion"},{"floor":12.0,"key":"AttackPotion"},{"floor":20.0,"key":"GamblersBrew"},{"floor":29.0,"key":"AttackPotion"},{"floor":31,"key":"GamblersBrew"}],"is_trial":false,"path_per_floor":["M","$","?","M","?","R","M","?","T","M","R","M","E","$","R","B",null,"M","?","M","M","M","M","T","R","T","$","R","M","$","M","R","B"],"character_chosen":"IRONCLAD","items_purchased":["Inflame","Perfected Strike","Offering","Lantern"],"campfire_rested":2,"item_purchase_floors":[2,14,14,27],"current_hp_per_floor":[80,80,69,74,74,74,80,85,85,85,85,85,73,73,73,24,85,70,51,55,34,25,19,19,44,44,44,44,37,37,27,52,20,20],"gold":283,"neow_bonus":"RANDOM_COMMON_RELIC","is_daily":false,"chose_seed":false,"campfire_upgraded":4,"win_rate":0.0,"timestamp":1612015055,"path_taken":["M","$","?","M","?","R","M","?","T","M","R","M","E","$","R","BOSS","M","?","?","M","M","?","?","R","T","$","R","M","$","M","R","BOSS"],"items_purchased_type":["Card","Card","Card","Relic"],"build_version":"2020-12-22","purchased_purges":0,"victory":false,"max_hp_per_floor":[80,80,80,80,80,80,80,85,85,85,85,85,85,85,85,85,85,85,85,85,85,85,85,85,85,85,85,85,85,85,85,85,85,85],"card_choices":[{"not_picked":["Wild Strike","Sentinel"],"picked":"Shrug It Off","floor":1.0},{"not_picked":["Battle Trance","Headbutt"],"picked":"Perfected Strike","floor":4.0},{"not_picked":["Flame Barrier","Feel No Pain"],"picked":"Shrug It Off","floor":7.0},{"not_picked":["Cleave","Body Slam","True Grit"],"picked":"SKIP","floor":10.0},{"not_picked":["Headbutt","Thunderclap","Anger"],"picked":"SKIP","floor":12.0},{"not_picked":["Anger","Iron Wave"],"picked":"Pommel Strike","floor":13.0},{"not_picked":["Armaments","Blood for Blood","Rage"],"picked":"SKIP","floor":18.0},{"not_picked":["Clothesline","Metallicize","Blood for Blood"],"picked":"SKIP","floor":20.0},{"not_picked":["Clash","Combust","Wild Strike+1"],"picked":"SKIP","floor":21.0},{"not_picked":["Clash+1","Whirlwind","Clothesline"],"picked":"SKIP","floor":22.0},{"not_picked":["Twin Strike+1","Wild Strike"],"picked":"Entrench+1","floor":23.0},{"not_picked":["Dark Embrace+1","Fire Breathing+1","Headbutt"],"picked":"SKIP","floor":29.0},{"not_picked":["Ghostly Armor","Headbutt","Shrug It Off"],"picked":"SKIP","floor":31}],"player_experience":652216,"relics_obtained":[{"floor":9.0,"key":"Tiny Chest"},{"floor":13.0,"key":"Smiling Mask"},{"floor":24.0,"key":"WingedGreaves"},{"floor":26.0,"key":"Blue Candle"}],"event_choices":[{"damage_healed":0.0,"max_hp_gain":0.0,"max_hp_loss":0.0,"gold_gain":75.0,"event_name":"World of Goop","player_choice":"Gather Gold","floor":3.0,"gold_loss":0.0,"damage_taken":11.0},{"damage_healed":0.0,"max_hp_gain":0.0,"max_hp_loss":0.0,"gold_gain":0.0,"event_name":"Liars Game","player_choice":"Ignored","floor":5.0,"gold_loss":0.0,"damage_taken":0.0},{"damage_healed":0.0,"max_hp_gain":5.0,"max_hp_loss":0.0,"gold_gain":0.0,"event_name":"Big Fish","player_choice":"Donut","floor":8.0,"gold_loss":0.0,"damage_taken":0.0},{"damage_healed":0.0,"max_hp_gain":0.0,"max_hp_loss":0.0,"gold_gain":180.0,"event_name":"Knowing Skull","player_choice":"GOLD GOLD ","floor":19.0,"potions_obtained":[],"gold_loss":0.0,"damage_taken":19.0,"cards_obtained":[]}],"is_beta":false,"boss_relics":[{"not_picked":["Black Blood","Tiny House"],"picked":"SacredBark"}],"items_purged_floors":[],"is_endless":false,"potions_floor_spawned":[7,10,12,13,20,29,31],"killed_by":"Champ","ascension_level":0}}