{"host":"w3q5ijqu8eoknil3","time":1612027826,"event":{"mods":["AchievementEnabler","BaseMod","Block Reminder","Colored Map","Colored Powertips","Curses Come First","Dark Map","Minty Spire (QoL Compilation)","Quick Restart","Relic Stats","StSLib","ojb\u0027s Better Paths Mod","ojb\u0027s Info Mod","slay the spire mod where everything is the same but ironclad has a cowboy hat"],"gold_per_floor":[114,129,144,144,144,144,155,155,155],"floor_reached":8,"language":"ENG","playtime":178,"items_purged":[],"score":94,"play_id":"ee204c5b-fad7-4dfd-8f90-3f49783812f3","local_time":"20210130173026","is_ascension_mode":true,"campfire_choices":[{"data":"Skewer","floor":6,"key":"SMITH"}],"circlet_count":0,"master_deck":["AscendersBane","Strike_G","Strike_G","Strike_G","Defend_G","Defend_G","Defend_G","Defend_G","Defend_G","Survivor","Neutralize","Burst","Backstab","Choke","Skewer+1","Predator","Skewer"],"relics":["Ring of the Snake","Regal Pillow"],"acts_visited":["Exordium"],"potions_floor_usage":[3,8],"damage_taken":[{"damage":2,"enemies":"2 Louse","floor":1,"turns":3},{"damage":0,"enemies":"Small Slimes","floor":2,"turns":3},{"damage":0,"enemies":"Jaw Worm","floor":3,"turns":1},{"damage":8,"enemies":"Lots of Slimes","floor":7,"turns":4},{"damage":32,"enemies":"Lagavulin","floor":8,"turns":5}],"seed_played":"7684149004671406288","potions_obtained":[{"floor":1,"key":"GamblersBrew"},{"floor":2,"key":"BlessingOfTheForge"}],"is_trial":false,"path_per_floor":["M","M","M","?","?","R","M","E"],"character_chosen":"THE_SILENT","items_purchased":[],"campfire_rested":0,"item_purchase_floors":[],"current_hp_per_floor":[42,42,42,42,31,31,23,0,0],"gold":155,"neow_bonus":"TRANSFORM_TWO_CARDS","is_daily":false,"chose_seed":false,"campfire_upgraded":1,"win_rate":0.0,"timestamp":1612027826,"path_taken":["M","M","M","?","?","R","M","E"],"items_purchased_type":[],"build_version":"2020-12-22","purchased_purges":0,"victory":false,"max_hp_per_floor":[66,66,66,66,66,66,66,66,66],"relic_stats":{"Regal Pillow":0,"counters":[5,16],"obtain_stats":[{"Regal Pillow":5,"Ring of the Snake":0},{"Regal Pillow":3,"Ring of the Snake":0},{"Regal Pillow":7,"Ring of the Snake":0}],"Ring of the Snake":[10]},"card_choices":[{"not_picked":["Bane","Deflect"],"picked":"Choke","floor":1},{"not_picked":["Dash","Backflip"],"picked":"Skewer","floor":2},{"not_picked":["Underhanded Strike","Acrobatics"],"picked":"Predator","floor":3},{"not_picked":["Deadly Poison","Outmaneuver"],"picked":"Skewer","floor":7}],"player_experience":1024118,"relics_obtained":[],"event_choices":[{"damage_healed":0,"gold_gain":0,"player_choice":"Leave","damage_taken":0,"max_hp_gain":0,"max_hp_loss":0,"event_name":"The Cleric","floor":4,"gold_loss":0},{"damage_healed":0,"gold_gain":0,"player_choice":"Success","damage_taken":11,"relics_obtained":["Regal Pillow"],"max_hp_gain":0,"max_hp_loss":0,"event_name":"Scrap Ooze","floor":5,"gold_loss":0}],"is_beta":false,"boss_relics":[],"items_purged_floors":[],"is_endless":false,"potions_floor_spawned":[1,2],"killed_by":"Lagavulin","ascension_level":19}}