{"host":"n0aqkby80ppfgdru","time":1612023625,"event":{"mods":["BaseMod","Block Reminder","Minty Spire (QoL Compilation)","Permanent Neow","Quick Restart"],"gold_per_floor":[118,118,137,137,151,151,226,226,307,307,307,307,375,8,8,131,131,145,164,189,208,258,258,258,258],"floor_reached":24,"language":"ENG","playtime":1327,"items_purged":[],"score":211,"play_id":"edad368f-8ae0-4c60-8489-c1356c3edf4a","local_time":"20210130112025","is_ascension_mode":false,"campfire_choices":[{"data":"Defend_G","floor":6.0,"key":"PURGE"},{"data":"Strike_G","floor":8.0,"key":"PURGE"},{"floor":12.0,"key":"REST"},{"floor":15.0,"key":"REST"},{"data":"A Thousand Cuts+1","floor":23,"key":"PURGE"}],"circlet_count":0,"master_deck":["Strike_G","Strike_G","Defend_G","Survivor","Neutralize","Tactician+1","PiercingWail+1","Slice","Acrobatics","Escape Plan","Escape Plan","Adrenaline","Night Terror+1","Accuracy+1","Prepared"],"relics":["Ring of the Snake","Peace Pipe","Golden Idol","Bottled Lightning","SsserpentHead","War Paint","Orrery","Astrolabe"],"acts_visited":["Exordium","TheCity"],"potions_floor_usage":[21],"damage_taken":[{"damage":0.0,"enemies":"Small Slimes","floor":1.0,"turns":4.0},{"damage":0.0,"enemies":"2 Louse","floor":3.0,"turns":2.0},{"damage":5.0,"enemies":"Cultist","floor":5.0,"turns":5.0},{"damage":9.0,"enemies":"Large Slime","floor":13.0,"turns":13.0},{"damage":51.0,"enemies":"The Guardian","floor":16.0,"turns":23.0},{"damage":0.0,"enemies":"Spheric Guardian","floor":18.0,"turns":2.0},{"damage":0.0,"enemies":"Chosen","floor":19.0,"turns":4.0},{"damage":0,"enemies":"Shelled Parasite and Fungi","floor":20,"turns":3},{"damage":1,"enemies":"Centurion and Healer","floor":21,"turns":2},{"damage":0,"enemies":"Cultist and Chosen","floor":24,"turns":4}],"seed_played":"-9133890308220027694","potions_obtained":[{"floor":3.0,"key":"LiquidBronze"},{"floor":13.0,"key":"SneckoOil"},{"floor":16.0,"key":"CunningPotion"},{"floor":18.0,"key":"Poison Potion"}],"is_trial":false,"path_per_floor":["M","?","M","?","M","R","?","R","T","?","?","R","M","$","R","B",null,"M","M","M","M","?","R","M"],"character_chosen":"THE_SILENT","items_purchased":["War Paint","Orrery","Escape Plan"],"campfire_rested":2,"item_purchase_floors":[14,14,14],"current_hp_per_floor":[63,48,48,48,43,43,32,32,32,25,25,43,34,34,52,1,63,63,63,63,62,62,62,62,62],"gold":258,"neow_bonus":"ONE_RARE_RELIC","is_daily":false,"chose_seed":false,"campfire_upgraded":0,"win_rate":0.0,"timestamp":1612023625,"path_taken":["M","?","M","?","?","R","?","R","T","?","?","R","?","$","R","BOSS","M","M","M","M","?","R","M"],"items_purchased_type":["Relic","Relic","Card"],"build_version":"2020-12-22","purchased_purges":0,"victory":false,"max_hp_per_floor":[63,63,63,63,63,63,63,63,63,63,63,63,63,63,63,63,63,63,63,63,63,63,63,63,63],"card_choices":[{"not_picked":["Dagger Spray","Blade Dance"],"picked":"Tactician","floor":1.0},{"not_picked":["Sucker Punch","Accuracy","Setup"],"picked":"SKIP","floor":3.0},{"not_picked":["Choke","Eviscerate","Dodge and Roll"],"picked":"SKIP","floor":5.0},{"not_picked":["Poisoned Stab","Sucker Punch"],"picked":"Slice","floor":13.0},{"not_picked":["Well Laid Plans","Footwork"],"picked":"Acrobatics","floor":14.0},{"not_picked":["Poisoned Stab","Deflect"],"picked":"Escape Plan","floor":14.0},{"not_picked":["After Image","Corpse Explosion"],"picked":"Adrenaline","floor":16.0},{"not_picked":["Noxious Fumes+1","Backstab","Flechettes"],"picked":"SKIP","floor":18.0},{"not_picked":["Sucker Punch+1","Dagger Spray","Choke"],"picked":"SKIP","floor":19.0},{"not_picked":["Blade Dance","Prepared","Dagger Throw"],"picked":"SKIP","floor":20},{"not_picked":["Flying Knee+1","Backflip","Deadly Poison"],"picked":"SKIP","floor":21}],"player_experience":1274440,"relics_obtained":[{"floor":9.0,"key":"Bottled Lightning"}],"event_choices":[{"damage_healed":0.0,"max_hp_gain":0.0,"max_hp_loss":0.0,"gold_gain":0.0,"event_name":"Golden Idol","player_choice":"Take Damage","floor":2.0,"gold_loss":0.0,"damage_taken":15.0,"relics_obtained":["Golden Idol"]},{"damage_healed":0.0,"max_hp_gain":0.0,"max_hp_loss":0.0,"gold_gain":0.0,"cards_transformed":["Strike_G"],"event_name":"Transmorgrifier","player_choice":"Transformed","floor":4.0,"gold_loss":0.0,"damage_taken":0.0,"cards_obtained":["PiercingWail"]},{"damage_healed":0.0,"max_hp_gain":0.0,"max_hp_loss":0.0,"gold_gain":75.0,"event_name":"World of Goop","player_choice":"Gather Gold","floor":7.0,"gold_loss":0.0,"damage_taken":11.0},{"cards_removed":["Defend_G"],"damage_healed":0.0,"max_hp_gain":0.0,"max_hp_loss":0.0,"gold_gain":0.0,"event_name":"Golden Wing","player_choice":"Card Removal","floor":10.0,"gold_loss":0.0,"damage_taken":7.0},{"damage_healed":0.0,"max_hp_gain":0.0,"max_hp_loss":0.0,"gold_gain":0.0,"event_name":"FaceTrader","player_choice":"Trade","floor":11.0,"gold_loss":0.0,"damage_taken":0.0,"relics_obtained":["SsserpentHead"]},{"damage_healed":0,"gold_gain":0,"player_choice":"Read","damage_taken":0,"max_hp_gain":0,"max_hp_loss":0,"event_name":"The Library","floor":22,"gold_loss":0,"cards_obtained":["Prepared"]}],"is_beta":false,"boss_relics":[{"not_picked":["Runic Dome","SlaversCollar"],"picked":"Astrolabe"}],"items_purged_floors":[],"is_endless":false,"potions_floor_spawned":[3,13,16,18],"killed_by":"Cultist and Chosen","ascension_level":0}}