{"host":"nxnzcl474ro3ewbj","time":1612044741,"event":{"mods":["2.2 Compatiblity","Act Like it!","BaseMod","Better Third Choice","Better-Laid Plans","Colored Map","Custom Start","Highlight Path","Keyboard Shortcuts","Minty Spire (QoL Compilation)","Quick Restart","Rare Cards Sparkle","Relic Stats","Shop Mod","Slay the Relics Exporter","StSLib","SuperFastMode"],"gold_per_floor":[118,118,129,145,145,145,174,261,297,325,337,381,393,29,29,101,101,118,18,51,51,71,71,91,91,91,104,104,104],"floor_reached":28,"language":"KOR","playtime":477,"items_purged":["Strike_R","Strike_R"],"score":418,"play_id":"052cafc5-a6e2-4f09-ab6c-d8fc1e1964dc","local_time":"20210131071221","is_ascension_mode":true,"campfire_choices":[{"data":"Armaments","floor":6.0,"key":"SMITH"},{"floor":11.0,"key":"REST"},{"data":"Flex","floor":15.0,"key":"SMITH"},{"floor":23,"key":"REST"},{"floor":25,"key":"REST"}],"circlet_count":0,"master_deck":["AscendersBane","Strike_R+1","Strike_R","Strike_R","Defend_R","Defend_R+1","Defend_R","Defend_R","Bash","Deep Breath","Armaments+1","Havoc+1","Disarm","Immolate","Flex+1","Feed+1","Barricade"],"relics":["Burning Blood","Boot","Akabeko","MawBank","War Paint","Happy Flower","Matryoshka","Sozu","Red Mask","Whetstone","Gremlin Horn"],"acts_visited":["Exordium","TheCity"],"potions_floor_usage":[20,28],"damage_taken":[{"damage":7.0,"enemies":"Cultist","floor":1.0,"turns":4.0},{"damage":4.0,"enemies":"2 Louse","floor":3.0,"turns":3.0},{"damage":21.0,"enemies":"Jaw Worm","floor":4.0,"turns":4.0},{"damage":35.0,"enemies":"Gremlin Nob","floor":7.0,"turns":5.0},{"damage":0.0,"enemies":"Exordium Wildlife","floor":10.0,"turns":1.0},{"damage":7.0,"enemies":"3 Sentries","floor":12.0,"turns":4.0},{"damage":25.0,"enemies":"The Guardian","floor":16.0,"turns":9.0},{"damage":12.0,"enemies":"3 Byrds","floor":18.0,"turns":3.0},{"damage":0,"enemies":"Masked Bandits","floor":20,"turns":1},{"damage":17,"enemies":"2 Thieves","floor":22,"turns":4},{"damage":48,"enemies":"Centurion and Healer","floor":24,"turns":5},{"damage":31,"enemies":"Snake Plant","floor":27,"turns":6},{"damage":22,"enemies":"Book of Stabbing","floor":28,"turns":3}],"seed_played":"-4137392946405714568","potions_obtained":[{"floor":3.0,"key":"Dexterity Potion"},{"floor":4.0,"key":"SpeedPotion"},{"floor":16.0,"key":"AttackPotion"}],"is_trial":false,"path_per_floor":["M","T","M","M","?","R","E","?","T","M","R","E","?","$","R","B",null,"M","$","?","?","M","R","M","R","T","M","E"],"character_chosen":"IRONCLAD","items_purchased":["Matryoshka","Flex"],"campfire_rested":3,"item_purchase_floors":[14,14],"current_hp_per_floor":[67,67,69,54,43,43,14,3,3,9,31,30,35,35,35,16,64,58,58,64,41,33,59,17,43,43,22,0,0],"gold":104,"neow_bonus":"RANDOM_COLORLESS","is_daily":false,"chose_seed":false,"campfire_upgraded":2,"win_rate":0.0,"timestamp":1612044741,"path_taken":["M","?","?","M","?","R","E","?","T","?","R","E","?","?","R","BOSS","M","$","?","?","M","R","M","R","T","M","E"],"items_purchased_type":["Relic","Card"],"build_version":"2020-12-22","purchased_purges":2,"victory":false,"max_hp_per_floor":[75,75,75,75,75,75,75,75,75,75,75,75,80,80,80,80,80,80,80,80,85,88,88,88,88,88,92,92,92],"relic_stats":{"Sozu":3,"Happy Flower":[10],"Gremlin Horn":[0,0],"counters":[13,52],"Whetstone":["Strike_R","Feed"],"War Paint":["Defend_R","Havoc"],"Boot":[10],"MawBank":84,"obtain_stats":[{"Sozu":17,"Matryoshka":14,"Happy Flower":12,"Gremlin Horn":26,"Red Mask":20,"Whetstone":26,"War Paint":9,"Boot":2,"MawBank":7,"Burning Blood":0,"Akabeko":5},{"Sozu":7,"Matryoshka":6,"Happy Flower":6,"Gremlin Horn":11,"Red Mask":9,"Whetstone":11,"War Paint":4,"Boot":1,"MawBank":4,"Burning Blood":0,"Akabeko":3},{"Sozu":30,"Matryoshka":21,"Happy Flower":21,"Gremlin Horn":43,"Red Mask":34,"Whetstone":43,"War Paint":16,"Boot":4,"MawBank":16,"Burning Blood":0,"Akabeko":11}],"Burning Blood":72},"card_choices":[{"not_picked":["Forethought","Impatience"],"picked":"Deep Breath","floor":0.0},{"not_picked":["True Grit","Body Slam"],"picked":"Armaments","floor":1.0},{"not_picked":["Armaments","Clash"],"picked":"Havoc","floor":3.0},{"not_picked":["Hemokinesis","Anger"],"picked":"Disarm","floor":4.0},{"not_picked":["Iron Wave","Warcry"],"picked":"Immolate","floor":7.0},{"not_picked":["Fire Breathing","Inflame","Havoc"],"picked":"SKIP","floor":10.0},{"not_picked":["Intimidate","Iron Wave","Heavy Blade"],"picked":"SKIP","floor":12.0},{"not_picked":["Brutality","Bludgeon"],"picked":"Feed","floor":16.0},{"not_picked":["Reckless Charge+1","Havoc","Rage"],"picked":"SKIP","floor":18.0},{"not_picked":["Fire Breathing","True Grit"],"picked":"Barricade","floor":22},{"not_picked":["Armaments+1","Pummel","Twin Strike"],"picked":"SKIP","floor":24},{"not_picked":["True Grit","Seeing Red","Perfected Strike"],"picked":"SKIP","floor":27}],"player_experience":82906,"relics_obtained":[{"floor":2.0,"key":"Boot"},{"floor":7.0,"key":"MawBank"},{"floor":9.0,"key":"War Paint"},{"floor":12.0,"key":"Happy Flower"},{"floor":20,"key":"Red Mask"},{"floor":26,"key":"Whetstone"},{"floor":26,"key":"Gremlin Horn"}],"event_choices":[{"damage_healed":0.0,"max_hp_gain":0.0,"max_hp_loss":0.0,"gold_gain":0.0,"event_name":"betterThird:BetterScrap","player_choice":"Relic ","floor":5.0,"gold_loss":0.0,"damage_taken":11.0,"cards_obtained":["Skewer"]},{"damage_healed":0.0,"max_hp_gain":0.0,"max_hp_loss":0.0,"gold_gain":75.0,"event_name":"betterThird:BetterGoop","player_choice":"Gold","floor":8.0,"gold_loss":0.0,"damage_taken":11.0},{"damage_healed":0.0,"max_hp_gain":5.0,"max_hp_loss":0.0,"gold_gain":0.0,"event_name":"Big Fish","player_choice":"Donut","floor":13.0,"gold_loss":0.0,"damage_taken":0.0},{"damage_healed":0,"gold_gain":0,"player_choice":"Fought Bandits","damage_taken":0,"max_hp_gain":0,"max_hp_loss":0,"event_name":"Masked Bandits","floor":20,"gold_loss":0},{"damage_healed":0,"gold_gain":0,"player_choice":"Shed Blood","damage_taken":28,"max_hp_gain":5,"max_hp_loss":0,"event_name":"Forgotten Altar","floor":21,"gold_loss":0}],"is_beta":false,"boss_relics":[{"not_picked":["SacredBark","Runic Dome"],"picked":"Sozu"}],"items_purged_floors":[14,19],"is_endless":false,"potions_floor_spawned":[3,4,16,20,22,27],"killed_by":"Book of Stabbing","ascension_level":17}}