{"host":"n1v11un6j7y72mz7","time":1612015511,"event":{"mods":["ATMod(°¢èªMod)","BaseMod","Downfall","KomeijiMod","Minty Spire (QoL Compilation)","READ ME - Guardian Mod","StSLib","Waifu the Spire"],"gold_per_floor":[349,349,362,382,399,399,399,413,313,339,360,12,12,29,60,164,164,164,264,281,299,319,319,319,329,359,378,378,390,390,12,22,124,124,124,142,92,111,123,143,143,163,181,181,181,181,181,196,212,212],"floor_reached":51,"language":"ZHS","playtime":2942,"items_purged":["bronze:Defend"],"score":952,"play_id":"c1adc439-9763-4c59-a8ff-202349a9a48f","local_time":"20210130220511","is_ascension_mode":false,"campfire_choices":[{"floor":1,"key":"RECALL"},{"data":"bronze:BuggyMess","floor":9,"key":"SMITH"},{"floor":13,"key":"REST"},{"data":"bronze:Mutator","floor":18,"key":"SMITH"},{"data":"bronze:FineTuning","floor":23,"key":"SMITH"},{"data":"bronze:SpaghettiCode","floor":28,"key":"SMITH"},{"data":"bronze:Goto","floor":30,"key":"SMITH"},{"data":"bronze:Assembly","floor":35,"key":"SMITH"},{"data":"bronze:Repulsor","floor":45,"key":"SMITH"},{"data":"bronze:Frontload","floor":47,"key":"SMITH"}],"circlet_count":0,"master_deck":["bronze:Strike","bronze:Strike","bronze:Defend","bronze:Defend+1","bronze:Defend","bronze:Replicate","bronze:Goto+1","bronze:BronzeOrb","bronze:Repulsor+1","bronze:BuggyMess+1","bronze:Fortify","bronze:BronzeOrb","bronze:BuggyMess","bronze:DelayedSlice","bronze:ItsAFeature","bronze:CutThrough","expansioncontent:PolyBeam","bronze:SpaghettiCode+1","bronze:BronzeOrb","bronze:Mutator+1","AT_EmpoweredMortalDraw","bronze:Branch","bronze:FineTuning+1","bronze:Flail+1","bronze:ChildClass+1","bronze:Frontload+1","bronze:Flail","bronze:WhirlingStrike+1","bronze:Overheat+1","bronze:FindAndReplace","bronze:Frontload","bronze:Assembly+1","bronze:Return","bronze:BuggyMess+1","bronze:MaxOutput","bronze:Iterate","bronze:CutThrough+1","bronze:WildBeam","bronze:Shell+1","bronze:Turbo+1","bronze:Format","bronze:Repulsor+1","bronze:Iterate+1","bronze:Repair","Parasite","bronze:CutThrough+1"],"relics":["bronze:BronzeCore","AT_ATBox","AT_LudenTempest","downfall:HeartBlessingRed","Blood Vial","Odd Mushroom","Toolbox","AT_MortalBlade","AT_ArcaneBoots","AT_EbonyIvory","Strange Spoon","Black Star","War Paint","Orrery","AT_TimeSand","bronze:BottledCode"],"acts_visited":["Exordium","TheCity","TheBeyond"],"potions_floor_usage":[11,11,16,16,26,50],"damage_taken":[{"damage":1,"enemies":"Cultist","floor":3,"turns":4},{"damage":0,"enemies":"Jaw Worm","floor":4,"turns":3},{"damage":8,"enemies":"Small Slimes","floor":5,"turns":6},{"damage":2,"enemies":"Blue Slaver","floor":8,"turns":3},{"damage":18,"enemies":"Lagavulin","floor":10,"turns":4},{"damage":0,"enemies":"The Mushroom Lair","floor":11,"turns":3},{"damage":4,"enemies":"downfall:FleeingMerchant","floor":12,"turns":4},{"damage":0,"enemies":"Lots of Slimes","floor":14,"turns":3},{"damage":0,"enemies":"3 Louse","floor":15,"turns":2},{"damage":5,"enemies":"WA_ARCHETYPE_RETAIN","floor":16,"turns":5},{"damage":0,"enemies":"Chosen","floor":20,"turns":1},{"damage":3,"enemies":"Snake Plant","floor":21,"turns":2},{"damage":0,"enemies":"Centurion and Healer","floor":22,"turns":2},{"damage":0,"enemies":"Cultist and Chosen","floor":25,"turns":4},{"damage":19,"enemies":"Gremlin Leader","floor":26,"turns":3},{"damage":0,"enemies":"Snecko","floor":27,"turns":2},{"damage":0,"enemies":"Snake Plant","floor":29,"turns":2},{"damage":0,"enemies":"downfall:FleeingMerchant","floor":31,"turns":4},{"damage":0,"enemies":"3 Cultists","floor":32,"turns":1},{"damage":8,"enemies":"IC_MUSHROOM_ARCHETYPE","floor":33,"turns":5},{"damage":0,"enemies":"Orb Walker","floor":36,"turns":2},{"damage":0,"enemies":"downfall:FleeingMerchant","floor":37,"turns":1},{"damage":22,"enemies":"3 Shapes","floor":38,"turns":2},{"damage":0,"enemies":"Maw","floor":39,"turns":3},{"damage":3,"enemies":"Writhing Mass","floor":40,"turns":2},{"damage":0,"enemies":"4 Shapes","floor":42,"turns":1},{"damage":4,"enemies":"Transient","floor":43,"turns":5},{"damage":0,"enemies":"Writhing Mass","floor":48,"turns":3},{"damage":0,"enemies":"Spire Growth","floor":49,"turns":2},{"damage":51,"enemies":"SI_POISON_ARCHETYPE","floor":50,"turns":6}],"seed_played":"-4252221789063736956","potions_obtained":[{"floor":5,"key":"BlessingOfTheForge"},{"floor":8,"key":"ColorlessPotion"},{"floor":10,"key":"DistilledChaos"},{"floor":14,"key":"GamblersBrew"},{"floor":15,"key":"Ancient Potion"},{"floor":21,"key":"CalmPotion"},{"floor":22,"key":"Weak Potion"},{"floor":29,"key":"JyouchiReiPotion"},{"floor":36,"key":"bronze:FreeFunctionsPotion"},{"floor":40,"key":"bronze:CleanCodePotion"},{"floor":42,"key":"bronze:CleanCodePotion"}],"is_trial":false,"path_per_floor":["R","?","M","M","M","?","T","M","R","E","?","$","R","M","M","B",null,"R","?","M","M","M","R","T","M","E","M","R","M","R","$","M","B",null,"R","M","$","M","M","M","T","M","M","?","R","?","R","M","M","B",null],"character_chosen":"THE_AUTOMATON","items_purchased":["bronze:ItsAFeature","bronze:CutThrough","Toolbox","expansioncontent:PolyBeam","Strange Spoon","bronze:FindAndReplace","bronze:MaxOutput","War Paint","Orrery"],"campfire_rested":1,"item_purchase_floors":[12,12,12,12,31,31,37,37,37],"current_hp_per_floor":[63,63,62,62,54,54,54,52,52,34,36,34,52,54,56,53,63,63,63,63,60,62,62,62,63,44,46,46,48,48,50,52,46,63,63,63,63,41,43,42,42,44,42,57,57,53,53,53,53,9],"gold":212,"neow_bonus":"TWO_FIFTY_GOLD","is_daily":false,"chose_seed":false,"campfire_upgraded":8,"win_rate":0.0,"timestamp":1612015511,"path_taken":["R","?","M","M","M","?","T","M","R","E","?","?","R","M","M","BOSS","R","?","M","M","M","R","T","M","E","M","R","M","R","$","M","BOSS","R","M","?","M","?","M","T","M","M","?","R","?","R","M","M","BOSS"],"items_purchased_type":["Card","Card","Relic","Card","Relic","Card","Card","Relic","Relic"],"build_version":"2020-12-22","purchased_purges":1,"victory":true,"max_hp_per_floor":[63,63,63,63,63,63,63,63,63,63,63,63,63,63,63,63,63,63,63,63,63,63,63,63,63,63,63,63,63,63,63,63,63,63,63,63,63,63,63,63,63,63,63,63,63,53,53,53,53,53],"card_choices":[{"not_picked":["bronze:Deprecate","bronze:DelayedGuard"],"picked":"bronze:BronzeOrb","floor":3},{"not_picked":["bronze:ForLoop","bronze:CutThrough"],"picked":"bronze:Repulsor","floor":4},{"not_picked":["bronze:Return","bronze:Allocate"],"picked":"bronze:BuggyMess","floor":5},{"not_picked":["bronze:Repair","bronze:ForLoop"],"picked":"bronze:Fortify","floor":8},{"not_picked":["bronze:DelayedGuard","bronze:Iterate"],"picked":"bronze:BronzeOrb","floor":10},{"not_picked":["bronze:DigitalCarnage","bronze:RecursiveStrike"],"picked":"bronze:BuggyMess","floor":11},{"not_picked":["bronze:BitShift","bronze:WhirlingStrike"],"picked":"bronze:DelayedSlice","floor":12},{"not_picked":["bronze:Return","bronze:Repulsor"],"picked":"bronze:SpaghettiCode","floor":14},{"not_picked":["bronze:Safeguard","bronze:DelayedSlice"],"picked":"bronze:BronzeOrb","floor":15},{"not_picked":["bronze:BurnOut","bronze:Verify"],"picked":"bronze:Mutator","floor":16},{"not_picked":["bronze:DelayedGuard+1","bronze:WhirlingStrike"],"picked":"bronze:Branch","floor":20},{"not_picked":["bronze:GetLatest","bronze:Repulsor"],"picked":"bronze:FineTuning","floor":21},{"not_picked":["bronze:WhirlingStrike","bronze:Repulsor"],"picked":"bronze:Flail+1","floor":22},{"not_picked":["bronze:ItsAFeature+1","bronze:BitShift"],"picked":"bronze:ChildClass","floor":25},{"not_picked":["bronze:CleanCode","bronze:BugBarrage"],"picked":"bronze:Frontload","floor":26},{"not_picked":["bronze:OilSpill","bronze:DelayedSlice"],"picked":"bronze:Flail","floor":27},{"not_picked":["bronze:Invalidate","bronze:BronzeArmor"],"picked":"bronze:WhirlingStrike+1","floor":29},{"not_picked":["bronze:FollowUp","bronze:Allocate"],"picked":"bronze:Overheat+1","floor":31},{"not_picked":["bronze:OilSpill+1","bronze:NullPointer+1"],"picked":"bronze:Frontload","floor":32},{"not_picked":["bronze:ThunderWave","bronze:Break"],"picked":"bronze:Assembly","floor":33},{"not_picked":["bronze:OilSpill+1","bronze:Repulsor"],"picked":"bronze:Return","floor":36},{"not_picked":["bronze:Philosophize+1","bronze:DelayedGuard+1"],"picked":"bronze:BuggyMess+1","floor":37},{"not_picked":["bronze:Philosophize+1","bronze:Deprecate"],"picked":"bronze:Iterate","floor":37},{"not_picked":["bronze:BronzeArmor","bronze:Shield"],"picked":"bronze:CutThrough+1","floor":37},{"not_picked":["bronze:Deprecate","bronze:BronzeArmor+1"],"picked":"bronze:WildBeam","floor":37},{"not_picked":["bronze:Frontload+1","bronze:Turbo"],"picked":"bronze:Shell+1","floor":37},{"not_picked":["bronze:Iterate+1","bronze:DelayedSlice"],"picked":"bronze:Turbo+1","floor":37},{"not_picked":["bronze:Frontload+1","bronze:ForceShield+1","bronze:Safeguard"],"picked":"SKIP","floor":38},{"not_picked":["bronze:FollowUp+1","bronze:CutThrough+1"],"picked":"bronze:Format","floor":39},{"not_picked":["bronze:Deprecate+1","bronze:ChildClass+1"],"picked":"bronze:Repulsor+1","floor":40},{"not_picked":["bronze:Deprecate","bronze:OilSpill+1"],"picked":"bronze:Iterate+1","floor":42},{"not_picked":["bronze:Overheat+1","bronze:Shield+1"],"picked":"bronze:Repair","floor":43},{"not_picked":["bronze:BuggyMess","bronze:Flail+1"],"picked":"bronze:CutThrough+1","floor":48},{"not_picked":["bronze:DelayedGuard+1","bronze:BuggyMess+1","bronze:Iterate"],"picked":"SKIP","floor":49}],"player_experience":159525,"relics_obtained":[{"floor":7,"key":"AT_LudenTempest"},{"floor":10,"key":"Blood Vial"},{"floor":11,"key":"Odd Mushroom"},{"floor":24,"key":"AT_SpeedBoots"},{"floor":26,"key":"AT_EbonyIvory"},{"floor":41,"key":"AT_TimeSand"}],"event_choices":[{"cards_removed":["bronze:Strike"],"damage_healed":0,"gold_gain":0,"player_choice":"Card Removal","damage_taken":0,"max_hp_gain":0,"max_hp_loss":0,"event_name":"The Cleric","floor":6,"gold_loss":0},{"damage_healed":0,"gold_gain":0,"player_choice":"Fought Mushrooms","damage_taken":0,"max_hp_gain":0,"max_hp_loss":0,"event_name":"Mushrooms","floor":11,"gold_loss":0}],"is_beta":false,"boss_relics":[{"not_picked":["bronze:MakeshiftBattery","Runic Dome"],"picked":"AT_MortalBlade"},{"not_picked":["Snecko Eye","SlaversCollar"],"picked":"Black Star"}],"items_purged_floors":[31],"is_endless":false,"potions_floor_spawned":[5,8,10,14,15,21,22,29,32,36,40,42,48],"ascension_level":0}}