{"host":"z7h0k8blg7jrnodm","time":1612034827,"event":{"mods":["BaseMod","Challenge The Spire","Colored Map","Colored Powertips","Custom Start","Downfall","Key Reminder","Minty Spire (QoL Compilation)","Quick Restart","Random Character Button","Relic Stats","StSLib","SuperFastMode","Unceasing Turn Reminder"],"gold_per_floor":[111,111,123,123,135,135,135,135,160,172,212,241,275,314,326,338,338],"floor_reached":16,"language":"ENG","playtime":455,"items_purged":[],"score":316,"play_id":"16496bce-0b38-492a-92dc-13d7ca205941","local_time":"20210130212707","is_ascension_mode":true,"campfire_choices":[{"floor":6,"key":"REST"},{"data":"Vengeance","floor":8,"key":"SMITH"},{"data":"Vigilance","floor":10,"key":"SMITH"},{"data":"BowlingBash","floor":15,"key":"SMITH"}],"circlet_count":0,"master_deck":["AscendersBane","Strike_P","Strike_P","Strike_P","Strike_P+1","Defend_P","Defend_P","Defend_P","Defend_P","Eruption+1","Vigilance+1","Vengeance+1","EmptyBody","BowlingBash+1","DeusExMachina"],"relics":["Snecko Eye","MawBank","Regal Pillow","Odd Mushroom","Darkstone Periapt"],"acts_visited":["Exordium"],"potions_floor_usage":[12,16],"damage_taken":[{"damage":0,"enemies":"Cultist","floor":1,"turns":4},{"damage":0,"enemies":"Small Slimes","floor":3,"turns":3},{"damage":11,"enemies":"2 Louse","floor":5,"turns":2},{"damage":0,"enemies":"Gremlin Nob","floor":11,"turns":3},{"damage":0,"enemies":"Large Slime","floor":12,"turns":3},{"damage":0,"enemies":"The Mushroom Lair","floor":13,"turns":3},{"damage":0,"enemies":"3 Sentries","floor":14,"turns":7},{"damage":59,"enemies":"Hexaghost","floor":16,"turns":11}],"seed_played":"-3665772785040232207","potions_obtained":[{"floor":5,"key":"AttackPotion"},{"floor":11,"key":"SteroidPotion"},{"floor":12,"key":"Guardian:BlockOnCardUsePotion"},{"floor":14,"key":"LiquidMemories"}],"is_trial":false,"path_per_floor":["M","?","M","?","M","R","?","R","T","R","E","M","?","E","R","B"],"character_chosen":"WATCHER","items_purchased":[],"campfire_rested":1,"item_purchase_floors":[],"current_hp_per_floor":[61,41,41,41,30,50,55,55,55,55,55,55,55,55,55,0,0],"gold":338,"neow_bonus":"BOSS_RELIC","is_daily":false,"chose_seed":false,"campfire_upgraded":3,"win_rate":0.0,"timestamp":1612034827,"path_taken":["M","?","M","?","M","R","?","R","T","R","E","M","?","E","R","BOSS"],"items_purchased_type":[],"build_version":"2020-12-22","purchased_purges":0,"victory":false,"max_hp_per_floor":[68,68,68,68,68,68,73,73,73,73,73,73,73,73,73,73,73],"relic_stats":{"Darkstone Periapt":0,"Regal Pillow":0,"counters":[8,36],"Snecko Eye":[66,57,44,61],"MawBank":84,"obtain_stats":[{"Darkstone Periapt":14,"Regal Pillow":11,"Snecko Eye":0,"PureWater":0,"Odd Mushroom":13,"MawBank":9},{"Darkstone Periapt":7,"Regal Pillow":4,"Snecko Eye":0,"PureWater":0,"Odd Mushroom":6,"MawBank":3},{"Darkstone Periapt":25,"Regal Pillow":12,"Snecko Eye":0,"PureWater":0,"Odd Mushroom":18,"MawBank":9}]},"card_choices":[{"not_picked":["Prostrate","ThirdEye"],"picked":"Vengeance","floor":1},{"not_picked":["Halt","Consecrate","FlyingSleeves"],"picked":"SKIP","floor":3},{"not_picked":["Prostrate","FollowUp"],"picked":"EmptyBody","floor":5},{"not_picked":["Prostrate","Perseverance","Evaluate"],"picked":"SKIP","floor":11},{"not_picked":["EmptyBody","Nirvana"],"picked":"BowlingBash","floor":12},{"not_picked":["FlurryOfBlows","Indignation"],"picked":"DeusExMachina","floor":13},{"not_picked":["Protect","Halt","Vengeance"],"picked":"SKIP","floor":14}],"player_experience":303938,"relics_obtained":[{"floor":9,"key":"MawBank"},{"floor":11,"key":"Regal Pillow"},{"floor":13,"key":"Odd Mushroom"},{"floor":14,"key":"Darkstone Periapt"}],"event_choices":[{"damage_healed":0,"gold_gain":0,"player_choice":"Entered Light","damage_taken":20,"max_hp_gain":0,"max_hp_loss":0,"event_name":"Shining Light","floor":2,"gold_loss":0,"cards_upgraded":["Eruption","Strike_P"]},{"damage_healed":0,"gold_gain":0,"player_choice":"Ignored","damage_taken":0,"max_hp_gain":0,"max_hp_loss":0,"event_name":"Liars Game","floor":4,"gold_loss":0},{"damage_healed":0,"gold_gain":0,"player_choice":"Donut","damage_taken":0,"max_hp_gain":5,"max_hp_loss":0,"event_name":"Big Fish","floor":7,"gold_loss":0},{"damage_healed":0,"gold_gain":0,"player_choice":"Fought Mushrooms","damage_taken":0,"max_hp_gain":0,"max_hp_loss":0,"event_name":"Mushrooms","floor":13,"gold_loss":0}],"is_beta":false,"boss_relics":[],"items_purged_floors":[],"is_endless":false,"potions_floor_spawned":[5,11,12,14],"killed_by":"Hexaghost","ascension_level":20}}