{"host":"4pckc3u5mqcilakq","time":1612024008,"event":{"mods":["AchievementEnabler","BaseMod","Colored Map","Colored Powertips","Highlight Path","Minty Spire (QoL Compilation)"],"gold_per_floor":[111,111,36,36,61,92,116,136,136,159,192,226,226,226],"floor_reached":13,"language":"ENG","playtime":1709,"items_purged":[],"score":156,"play_id":"1ed15ae1-34c3-43a4-a9dd-35f6796fc968","local_time":"20210130192648","is_ascension_mode":true,"campfire_choices":[],"circlet_count":0,"master_deck":["Strike_P","Strike_P+1","Strike_P","Strike_P+1","Defend_P","Defend_P","Defend_P","Defend_P","Eruption+1","Vigilance","ThirdEye","Worship","SashWhip","PathToVictory","EmptyFist","ThirdEye","Evaluate","ClearTheMind"],"relics":["PureWater","NeowsBlessing","Golden Idol","Boot","Whetstone","The Courier","Odd Mushroom"],"acts_visited":["Exordium"],"potions_floor_usage":[11],"damage_taken":[{"damage":0,"enemies":"2 Louse","floor":1,"turns":1},{"damage":0,"enemies":"Small Slimes","floor":5,"turns":1},{"damage":0,"enemies":"Lagavulin","floor":6,"turns":1},{"damage":0,"enemies":"Jaw Worm","floor":7,"turns":2},{"damage":8,"enemies":"Exordium Wildlife","floor":8,"turns":4},{"damage":2,"enemies":"2 Fungi Beasts","floor":10,"turns":3},{"damage":41,"enemies":"3 Sentries","floor":11,"turns":9},{"damage":0,"enemies":"The Mushroom Lair","floor":12,"turns":6},{"damage":22,"enemies":"Lagavulin","floor":13,"turns":7}],"seed_played":"-8841915564099598470","potions_obtained":[{"floor":5,"key":"EssenceOfSteel"},{"floor":6,"key":"Regen Potion"},{"floor":10,"key":"SmokeBomb"}],"is_trial":false,"path_per_floor":["M","?","$","?","M","E","M","M","T","M","E","?","E"],"character_chosen":"WATCHER","items_purchased":["Worship"],"campfire_rested":0,"item_purchase_floors":[3],"current_hp_per_floor":[65,65,65,65,65,65,65,57,57,55,29,29,7,7],"gold":226,"neow_bonus":"THREE_ENEMY_KILL","is_daily":false,"chose_seed":false,"campfire_upgraded":0,"win_rate":0.0,"timestamp":1612024008,"path_taken":["M","?","$","?","M","E","M","M","T","M","E","?","E"],"items_purchased_type":["Card"],"build_version":"2020-12-22","purchased_purges":0,"victory":false,"max_hp_per_floor":[72,72,72,67,67,67,67,67,67,67,67,67,67,67],"card_choices":[{"not_picked":["JustLucky","EmptyBody"],"picked":"ThirdEye","floor":1},{"not_picked":["Protect","Fasting2"],"picked":"SashWhip","floor":5},{"not_picked":["CrushJoints","Indignation"],"picked":"PathToVictory","floor":6},{"not_picked":["Vengeance","Consecrate"],"picked":"EmptyFist","floor":7},{"not_picked":["WaveOfTheHand","Tantrum","Nirvana"],"picked":"SKIP","floor":8},{"not_picked":["Prostrate","CrushJoints"],"picked":"ThirdEye","floor":10},{"not_picked":["CutThroughFate","Crescendo"],"picked":"Evaluate","floor":11},{"not_picked":["Brilliance","Crescendo"],"picked":"ClearTheMind","floor":12}],"player_experience":223358,"relics_obtained":[{"floor":6,"key":"Boot"},{"floor":9,"key":"Whetstone"},{"floor":11,"key":"The Courier"},{"floor":12,"key":"Odd Mushroom"}],"event_choices":[{"damage_healed":0,"gold_gain":0,"player_choice":"Grow","damage_taken":0,"max_hp_gain":0,"max_hp_loss":0,"event_name":"Living Wall","floor":2,"gold_loss":0,"cards_upgraded":["Eruption"]},{"damage_healed":0,"gold_gain":0,"player_choice":"Lose Max HP","damage_taken":0,"relics_obtained":["Golden Idol"],"max_hp_gain":0,"max_hp_loss":5,"event_name":"Golden Idol","floor":4,"gold_loss":0},{"damage_healed":0,"gold_gain":0,"player_choice":"Fought Mushrooms","damage_taken":0,"max_hp_gain":0,"max_hp_loss":0,"event_name":"Mushrooms","floor":12,"gold_loss":0}],"is_beta":false,"boss_relics":[],"items_purged_floors":[],"is_endless":false,"potions_floor_spawned":[5,6,10],"killed_by":"Lagavulin","ascension_level":6}}