{"host":"abdxwahegzejqccj","time":1612003657,"event":{"mods":["BaseMod","Better Note","BetterRewards","Colored Powertips","Downfall","Hermit","Minty Spire (QoL Compilation)","StSLib","The Cursed"],"gold_per_floor":[118,136,150,22,35,66,66,77,125,154,167,179,23,34,34,138,138,151,151,164,164,164,164],"floor_reached":22,"language":"ENG","playtime":1031,"items_purged":["Strike_G"],"score":240,"play_id":"1a8bde44-7f41-4d54-ac0d-0dc5f39d842c","local_time":"20210130214737","is_ascension_mode":true,"campfire_choices":[{"floor":7,"key":"REST"},{"floor":15,"key":"REST"}],"circlet_count":0,"master_deck":["Strike_G","Strike_G","Strike_G","Strike_G","Defend_G","Defend_G","Defend_G","Defend_G","Defend_G","Survivor","Neutralize","Trip","Leg Sweep","Well Laid Plans","Deadly Poison","Slice","Bouncing Flask","Sucker Punch","Infinite Blades","Quick Slash","Poisoned Stab","Crippling Poison","Footwork","Tools of the Trade","Dodge and Roll","Infinite Blades","Footwork"],"relics":["Ring of the Snake","Potion Belt","Shuriken","PreservedInsect","StrikeDummy","SacredBark"],"acts_visited":["Exordium","TheCity"],"potions_floor_usage":[6,10,16,16],"damage_taken":[{"damage":0,"enemies":"Cultist","floor":1,"turns":3},{"damage":2,"enemies":"Small Slimes","floor":2,"turns":4},{"damage":0,"enemies":"Jaw Worm","floor":3,"turns":4},{"damage":28,"enemies":"Lots of Slimes","floor":5,"turns":6},{"damage":14,"enemies":"Gremlin Nob","floor":6,"turns":4},{"damage":8,"enemies":"Exordium Wildlife","floor":8,"turns":5},{"damage":2,"enemies":"Lagavulin","floor":10,"turns":6},{"damage":7,"enemies":"Looter","floor":11,"turns":3},{"damage":9,"enemies":"Blue Slaver","floor":12,"turns":4},{"damage":5,"enemies":"Exordium Wildlife","floor":14,"turns":3},{"damage":18,"enemies":"Slime Boss","floor":16,"turns":6},{"damage":27,"enemies":"Spheric Guardian","floor":18,"turns":4},{"damage":48,"enemies":"3 Byrds","floor":20,"turns":7},{"damage":25,"enemies":"Cultist and Chosen","floor":22,"turns":7}],"seed_played":"4616189024377647007","potions_obtained":[{"floor":2,"key":"Weak Potion"},{"floor":8,"key":"FearPotion"},{"floor":12,"key":"AttackPotion"},{"floor":14,"key":"PowerPotion"}],"is_trial":false,"path_per_floor":["M","M","M","$","M","E","R","M","T","E","M","M","$","M","R","B",null,"M","?","M","?","M"],"character_chosen":"THE_SILENT","items_purchased":["Trip","Leg Sweep","Well Laid Plans","Deadly Poison","Potion Belt","Infinite Blades","Quick Slash","Infinite Blades"],"campfire_rested":2,"item_purchase_floors":[0,0,0,0,0,4,4,13],"current_hp_per_floor":[58,56,56,56,28,14,35,27,27,25,18,9,9,4,25,7,70,43,66,18,18,0,0],"gold":164,"neow_bonus":"","is_daily":false,"chose_seed":false,"campfire_upgraded":0,"win_rate":0.0,"timestamp":1612003657,"path_taken":["M","?","M","$","M","E","R","M","T","E","M","M","$","M","R","BOSS","M","?","M","?","?"],"items_purchased_type":["Card","Card","Card","Card","Relic","Card","Card","Card"],"build_version":"2020-12-22","purchased_purges":1,"victory":false,"max_hp_per_floor":[70,70,70,70,70,70,70,70,70,70,70,70,70,70,70,70,70,70,70,70,70,70,70],"card_choices":[{"not_picked":["Underhanded Strike","Acrobatics"],"picked":"Slice","floor":1},{"not_picked":["Dash","Bane"],"picked":"Bouncing Flask","floor":2},{"not_picked":["Riddle With Holes","Dagger Throw"],"picked":"Sucker Punch","floor":3},{"not_picked":["Deadly Poison","Blade Dance"],"picked":"Poisoned Stab","floor":5},{"not_picked":["Underhanded Strike","Dodge and Roll"],"picked":"Crippling Poison","floor":6},{"not_picked":["Blade Dance","Calculated Gamble"],"picked":"Footwork","floor":8},{"not_picked":["Dodge and Roll","Riddle With Holes","Quick Slash"],"picked":"SKIP","floor":10},{"not_picked":["Dash","Outmaneuver"],"picked":"Tools of the Trade","floor":11},{"not_picked":["Well Laid Plans","Prepared"],"picked":"Dodge and Roll","floor":12},{"not_picked":["Slice","Dagger Spray","Prepared"],"picked":"SKIP","floor":14},{"not_picked":["Flying Knee","Dodge and Roll"],"picked":"Footwork","floor":18},{"not_picked":["Underhanded Strike","Predator","Dodge and Roll"],"picked":"SKIP","floor":20}],"player_experience":395655,"relics_obtained":[{"floor":6,"key":"Shuriken"},{"floor":9,"key":"PreservedInsect"},{"floor":10,"key":"StrikeDummy"}],"event_choices":[{"damage_healed":23,"gold_gain":0,"player_choice":"Heal","damage_taken":0,"max_hp_gain":0,"max_hp_loss":0,"event_name":"The Library","floor":19,"gold_loss":0},{"damage_healed":0,"gold_gain":0,"player_choice":"Ignored","damage_taken":0,"max_hp_gain":0,"max_hp_loss":0,"event_name":"N\u0027loth","floor":21,"gold_loss":0}],"is_beta":false,"boss_relics":[{"not_picked":["Empty Cage","Ectoplasm"],"picked":"SacredBark"}],"items_purged_floors":[13],"is_endless":false,"potions_floor_spawned":[2,8,12,14],"killed_by":"Cultist and Chosen","ascension_level":4}}