{"host":"gnfs9pc52tj5b2xa","time":1612021723,"event":{"mods":["BaseMod","Minty Spire (QoL Compilation)","Relic Sorter","Relic Stats","Slay the Relics Exporter","ojb\u0027s Better Paths Mod","ojb\u0027s Info Mod"],"gold_per_floor":[111,122,197,210,210,240,240,271,271,290,322,333,333,383,383,457,457,474,156,175,175,195,230,230,257,257,257,285,315,355,379,391,475,487,515,545,557,588,616,653,665,691,703,715,756,342,342,361,361,361,361],"floor_reached":50,"language":"ENG","playtime":3918,"items_purged":["Strike_B","Shame"],"score":1304,"play_id":"7424d7f1-4137-41ec-b62a-14b5ac3acf8d","local_time":"20210130074843","is_ascension_mode":true,"campfire_choices":[{"floor":7,"key":"REST"},{"data":"Beam Cell","floor":13,"key":"SMITH"},{"data":"Auto Shields","floor":15,"key":"SMITH"},{"data":"Turbo","floor":24,"key":"SMITH"},{"data":"Electrodynamics","floor":27,"key":"SMITH"},{"floor":32,"key":"REST"},{"data":"Recycle","floor":41,"key":"SMITH"},{"data":"Capacitor","floor":44,"key":"SMITH"},{"floor":49,"key":"RECALL"}],"circlet_count":0,"master_deck":["AscendersBane","Strike_B","Strike_B+1","Strike_B","Defend_B","Defend_B","Defend_B","Defend_B","Zap","Dualcast","Rip and Tear+1","Beam Cell+1","Gash+1","Hyperbeam+1","Ball Lightning+1","Sweeping Beam+1","Auto Shields+1","Electrodynamics+1","Defragment+1","Compile Driver+1","Turbo+1","Reinforced Body+1","Force Field","Recycle+1","Glacier","Lockon+1","Turbo","BootSequence+1","Capacitor+1","Secret Weapon","Lockon+1"],"relics":["Nuclear Battery","Molten Egg 2","Mummified Hand","Mercury Hourglass","Mango","Runic Pyramid","Ancient Tea Set","Whetstone","Smiling Mask","Pear","MawBank","PreservedInsect","Cursed Key","Letter Opener","Regal Pillow","ClockworkSouvenir"],"acts_visited":["Exordium","TheCity","TheBeyond"],"potions_floor_usage":[6,16,23,25,28,30,30,33,33,45,50,50],"damage_taken":[{"damage":9,"enemies":"Jaw Worm","floor":1,"turns":4},{"damage":6,"enemies":"2 Louse","floor":2,"turns":2},{"damage":1,"enemies":"Cultist","floor":4,"turns":3},{"damage":12,"enemies":"3 Sentries","floor":6,"turns":11},{"damage":16,"enemies":"Lagavulin","floor":8,"turns":7},{"damage":13,"enemies":"Exordium Thugs","floor":10,"turns":3},{"damage":0,"enemies":"Gremlin Nob","floor":11,"turns":2},{"damage":0,"enemies":"3 Louse","floor":12,"turns":1},{"damage":22,"enemies":"Hexaghost","floor":16,"turns":8},{"damage":13,"enemies":"Chosen","floor":18,"turns":4},{"damage":1,"enemies":"3 Byrds","floor":20,"turns":2},{"damage":0,"enemies":"Centurion and Healer","floor":22,"turns":4},{"damage":11,"enemies":"Book of Stabbing","floor":23,"turns":4},{"damage":14,"enemies":"Slavers","floor":25,"turns":3},{"damage":26,"enemies":"Gremlin Leader","floor":28,"turns":6},{"damage":1,"enemies":"Cultist and Chosen","floor":29,"turns":4},{"damage":3,"enemies":"Book of Stabbing","floor":30,"turns":3},{"damage":0,"enemies":"3 Cultists","floor":31,"turns":4},{"damage":40,"enemies":"Collector","floor":33,"turns":12},{"damage":0,"enemies":"Orb Walker","floor":35,"turns":3},{"damage":0,"enemies":"3 Shapes","floor":36,"turns":3},{"damage":2,"enemies":"3 Darklings","floor":38,"turns":3},{"damage":3,"enemies":"Jaw Worm Horde","floor":39,"turns":4},{"damage":13,"enemies":"Nemesis","floor":40,"turns":5},{"damage":0,"enemies":"Transient","floor":42,"turns":6},{"damage":33,"enemies":"Giant Head","floor":45,"turns":8},{"damage":3,"enemies":"Spire Growth","floor":48,"turns":5},{"damage":32,"enemies":"Time Eater","floor":50,"turns":5}],"seed_played":"-6899083111422365711","potions_obtained":[{"floor":1,"key":"SteroidPotion"},{"floor":10,"key":"BlessingOfTheForge"},{"floor":11,"key":"LiquidBronze"},{"floor":12,"key":"Regen Potion"},{"floor":18,"key":"Strength Potion"},{"floor":20,"key":"Weak Potion"},{"floor":23,"key":"DistilledChaos"},{"floor":29,"key":"EntropicBrew"},{"floor":36,"key":"Regen Potion"},{"floor":39,"key":"Swift Potion"},{"floor":45,"key":"ColorlessPotion"}],"is_trial":false,"path_per_floor":["M","M","?","M","?","E","R","E","T","M","E","M","R","?","R","B",null,"M","$","M","?","M","E","R","E","T","R","E","M","E","M","R","B",null,"M","M","?","M","M","E","R","M","T","R","E","$","?","M","R","B"],"character_chosen":"DEFECT","items_purchased":["Ancient Tea Set","Defragment","ClockworkSouvenir","Secret Weapon"],"campfire_rested":2,"item_purchase_floors":[19,19,46,46],"current_hp_per_floor":[55,49,38,37,37,25,46,30,30,17,31,31,31,23,23,1,64,51,51,50,50,50,39,39,25,35,35,23,22,19,19,47,7,73,73,73,73,71,68,55,55,55,55,55,34,34,34,31,31,0,0],"gold":361,"neow_bonus":"BOSS_RELIC","is_daily":false,"chose_seed":false,"campfire_upgraded":6,"win_rate":0.0,"timestamp":1612021723,"path_taken":["M","M","?","M","?","E","R","E","T","?","E","M","R","?","R","BOSS","M","$","M","?","M","E","R","E","T","R","E","M","E","?","R","BOSS","M","M","?","M","M","E","R","M","T","R","E","$","?","M","R","BOSS"],"items_purchased_type":["Relic","Card","Relic","Card"],"build_version":"2020-12-22","purchased_purges":2,"victory":false,"max_hp_per_floor":[71,71,71,71,71,71,71,71,71,71,85,85,85,85,85,85,85,85,85,85,85,85,85,85,85,95,95,95,95,95,95,95,95,95,95,95,95,95,95,95,95,95,95,95,95,95,95,95,95,95,95],"relic_stats":{"Regal Pillow":0,"counters":[28,129],"Mummified Hand":[41],"PreservedInsect":180,"Whetstone":["Strike_B","Rip and Tear"],"Letter Opener":[60],"Smiling Mask":50,"MawBank":216,"Cursed Key":1,"obtain_stats":[{"Regal Pillow":45,"Pear":26,"Mango":11,"PreservedInsect":30,"Whetstone":23,"Letter Opener":40,"Ancient Tea Set":19,"Smiling Mask":25,"MawBank":28,"Cursed Key":34,"Nuclear Battery":0,"Mercury Hourglass":9,"ClockworkSouvenir":46,"Mummified Hand":8,"Molten Egg 2":6,"Cracked Core":0,"Runic Pyramid":17},{"Regal Pillow":26,"Pear":14,"Mango":7,"PreservedInsect":17,"Whetstone":13,"Letter Opener":24,"Ancient Tea Set":10,"Smiling Mask":14,"MawBank":15,"Cursed Key":19,"Nuclear Battery":0,"Mercury Hourglass":5,"ClockworkSouvenir":26,"Mummified Hand":5,"Molten Egg 2":4,"Cracked Core":0,"Runic Pyramid":9},{"Regal Pillow":119,"Pear":58,"Mango":32,"PreservedInsect":71,"Whetstone":55,"Letter Opener":105,"Ancient Tea Set":45,"Smiling Mask":58,"MawBank":64,"Cursed Key":87,"Nuclear Battery":0,"Mercury Hourglass":27,"ClockworkSouvenir":119,"Mummified Hand":27,"Molten Egg 2":20,"Cracked Core":0,"Runic Pyramid":41}],"Mercury Hourglass":[425]},"card_choices":[{"not_picked":["Lockon","Gash"],"picked":"Rip and Tear","floor":1},{"not_picked":["Double Energy","Reinforced Body"],"picked":"Chill","floor":2},{"not_picked":["Sunder","Stack"],"picked":"Beam Cell","floor":4},{"not_picked":["Auto Shields","Heatsinks"],"picked":"Gash+1","floor":6},{"not_picked":["Aggregate","FTL+1"],"picked":"Hyperbeam+1","floor":8},{"not_picked":["Go for the Eyes+1","Streamline+1"],"picked":"Ball Lightning+1","floor":10},{"not_picked":["Heatsinks","Biased Cognition"],"picked":"Sweeping Beam+1","floor":11},{"not_picked":["Steam","Chaos"],"picked":"Auto Shields","floor":12},{"not_picked":["Creative AI","Fission"],"picked":"Electrodynamics","floor":16},{"not_picked":["Stack","Cold Snap+1","Scrape+1"],"picked":"SKIP","floor":18},{"not_picked":["Turbo+1","Coolheaded"],"picked":"Compile Driver+1","floor":20},{"not_picked":["Coolheaded","Leap"],"picked":"Turbo","floor":22},{"not_picked":["Ball Lightning+1","Barrage+1"],"picked":"Reinforced Body","floor":23},{"not_picked":["Rainbow","Meteor Strike+1"],"picked":"Force Field","floor":25},{"not_picked":["Coolheaded","Turbo","Reprogram"],"picked":"SKIP","floor":28},{"not_picked":["Reinforced Body+1","Aggregate"],"picked":"Recycle","floor":29},{"not_picked":["Rebound+1","Compile Driver+1"],"picked":"Glacier","floor":30},{"not_picked":["Conserve Battery","Sweeping Beam+1"],"picked":"Lockon+1","floor":31},{"not_picked":["Rebound+1","Aggregate"],"picked":"Turbo","floor":35},{"not_picked":["Lockon+1","Cold Snap+1","Heatsinks"],"picked":"SKIP","floor":36},{"not_picked":["Beam Cell+1","Loop"],"picked":"BootSequence+1","floor":38},{"not_picked":["Redo","Barrage+1","Turbo"],"picked":"SKIP","floor":39},{"not_picked":["Steam","Barrage+1","Streamline+1"],"picked":"SKIP","floor":40},{"not_picked":["Sunder+1","Steam Power"],"picked":"Capacitor","floor":42},{"not_picked":["Ball Lightning+1","Redo","Thunder Strike+1"],"picked":"SKIP","floor":45},{"not_picked":["Aggregate+1","Conserve Battery"],"picked":"Lockon+1","floor":48}],"player_experience":1246998,"relics_obtained":[{"floor":6,"key":"Molten Egg 2"},{"floor":8,"key":"Mummified Hand"},{"floor":9,"key":"Mercury Hourglass"},{"floor":11,"key":"Mango"},{"floor":23,"key":"Whetstone"},{"floor":25,"key":"Smiling Mask"},{"floor":26,"key":"Pear"},{"floor":28,"key":"MawBank"},{"floor":30,"key":"PreservedInsect"},{"floor":40,"key":"Letter Opener"},{"floor":45,"key":"Regal Pillow"}],"event_choices":[{"damage_healed":0,"gold_gain":75,"player_choice":"Gather Gold","damage_taken":11,"max_hp_gain":0,"max_hp_loss":0,"event_name":"World of Goop","floor":3,"gold_loss":0},{"damage_healed":0,"gold_gain":0,"player_choice":"Ignored","damage_taken":0,"max_hp_gain":0,"max_hp_loss":0,"event_name":"Liars Game","floor":5,"gold_loss":0},{"damage_healed":0,"gold_gain":50,"player_choice":"Touch","damage_taken":8,"max_hp_gain":0,"max_hp_loss":0,"event_name":"FaceTrader","floor":14,"gold_loss":0},{"damage_healed":0,"gold_gain":0,"player_choice":"Upgraded","damage_taken":0,"max_hp_gain":0,"max_hp_loss":0,"event_name":"Upgrade Shrine","floor":21,"gold_loss":0,"cards_upgraded":["Defragment"]},{"damage_healed":0,"gold_gain":0,"player_choice":"Upgraded","damage_taken":0,"max_hp_gain":0,"max_hp_loss":0,"event_name":"Upgrade Shrine","floor":37,"gold_loss":0,"cards_upgraded":["Reinforced Body"]},{"cards_removed":["Chill"],"damage_healed":0,"gold_gain":0,"player_choice":"Removed Skill","damage_taken":0,"max_hp_gain":0,"max_hp_loss":0,"event_name":"Falling","floor":47,"gold_loss":0}],"is_beta":false,"boss_relics":[{"not_picked":["Coffee Dripper","Velvet Choker"],"picked":"Runic Pyramid"},{"not_picked":["SacredBark","SlaversCollar"],"picked":"Cursed Key"}],"items_purged_floors":[19,46],"is_endless":false,"potions_floor_spawned":[1,10,11,12,18,20,23,29,36,39,45],"killed_by":"Time Eater","ascension_level":20}}