{"host":"dxb4eoww080epc4n","time":1612044057,"event":{"mods":["AchievementEnabler","BaseMod","Better Note","BetterRewards","Colored Powertips","Conspire","Energized Spire","GifTheSpireLib","Gremlin Skip","Hubris","KinomotoSakuraMod(????)","Minty Spire (QoL Compilation)","Permanent Neow","Quick Restart","Rare Cards Sparkle","Relic Sorter","Replay The Spire","Shop Mod","Spikes Relics","StSLib","The Animator"],"gold_per_floor":[115,171,171,171,24,24,24],"floor_reached":6,"language":"ENG","playtime":449,"items_purged":[],"score":32,"play_id":"fb9f0855-64b0-48fc-b00b-ffa8ae95f84c","local_time":"20210130230057","is_ascension_mode":false,"campfire_choices":[],"circlet_count":0,"master_deck":["animator:Strike_Fate","animator:Defend_Fate","animator:Strike","animator:Strike","animator:Strike","animator:Defend","animator:Defend","animator:Defend","animator:Alexander","animator:Rider","animator:Zero","animator:Alexander","animator:Priestess","animator:Alexander"],"relics":["animator:LivingPicture","animator:TheMissingPiece","hubris:SlimyHat","hubris:MysteriousPyramids","MerchantsRug"],"acts_visited":["Exordium"],"potions_floor_usage":[6],"damage_taken":[{"damage":1,"enemies":"Jaw Worm","floor":1,"turns":4},{"damage":36,"enemies":"Lagavulin","floor":6,"turns":10}],"seed_played":"5144750627659420400","potions_obtained":[{"floor":2,"key":"ColorlessPotion"}],"is_trial":false,"path_per_floor":["M","?","?","?","$","E"],"character_chosen":"THE_ANIMATOR","items_purchased":["MerchantsRug"],"campfire_rested":0,"item_purchase_floors":[5],"current_hp_per_floor":[65,39,39,36,36,0,0],"gold":24,"neow_bonus":"RANDOM_COLORLESS","is_daily":false,"chose_seed":false,"campfire_upgraded":0,"win_rate":0.0,"timestamp":1612044057,"path_taken":["M","?","?","?","$","E"],"items_purchased_type":["Relic"],"build_version":"2020-12-22","purchased_purges":0,"victory":false,"max_hp_per_floor":[66,66,66,66,66,66,66],"card_choices":[{"not_picked":["animator:Shimakaze","animator:MisakiNakahara"],"picked":"animator:Zero","floor":0},{"not_picked":["animator:SilverFang","animator:Mitsuba"],"picked":"animator:Alexander","floor":1},{"not_picked":["animator:CrowleyEusford","animator:Yuuichirou"],"picked":"animator:Priestess","floor":2},{"not_picked":["animator:DwarfShaman","animator:Tatsumaki"],"picked":"animator:Alexander","floor":2}],"player_experience":187594,"relics_obtained":[{"floor":2,"key":"hubris:SlimyHat"}],"event_choices":[{"damage_healed":0,"gold_gain":0,"player_choice":"Ignored","damage_taken":0,"max_hp_gain":0,"max_hp_loss":0,"event_name":"Shining Light","floor":3,"gold_loss":0},{"damage_healed":0,"gold_gain":0,"player_choice":"Success","damage_taken":3,"relics_obtained":["hubris:MysteriousPyramids"],"max_hp_gain":0,"max_hp_loss":0,"event_name":"Scrap Ooze","floor":4,"gold_loss":0}],"is_beta":false,"boss_relics":[],"items_purged_floors":[],"is_endless":false,"potions_floor_spawned":[],"killed_by":"Lagavulin","ascension_level":0}}