{"host":"42xf941fomyavgzy","time":1612002990,"event":{"mods":["Act Like it!","Astrologer","BaseMod","Colored Map","Gensokyo","Minty Spire (QoL Compilation)","Shop Mod","StSLib","SuperFastMode","The Cursed"],"gold_per_floor":[110,110,128,128,128,128,158,177,200,228,228,228,228,254,254,254,254],"floor_reached":16,"language":"JPN","playtime":741,"items_purged":[],"score":141,"play_id":"59326812-2c40-4b4f-ab1d-dff669954882","local_time":"20210130193630","is_ascension_mode":false,"campfire_choices":[{"data":"TheCursedMod:SpitefulStrike","floor":6,"key":"SMITH"},{"floor":12,"key":"REST"},{"data":"TheCursedMod:VoidForm","floor":15,"key":"SMITH"}],"circlet_count":0,"master_deck":["TheCursedMod:Strike_TheCursed","TheCursedMod:Strike_TheCursed","TheCursedMod:Strike_TheCursed","TheCursedMod:Defend_TheCursed","TheCursedMod:Defend_TheCursed","TheCursedMod:Defend_TheCursed","TheCursedMod:CursedWand","TheCursedMod:CleanUpWorkshop","TheCursedMod:Dregs","TheCursedMod:CircleOfFlame","Clumsy","TheCursedMod:SpitefulStrike+1","Pain","TheCursedMod:VoidForm+1","TheCursedMod:TacticalStrike","TheCursedMod:CursedBlade","TheCursedMod:SoulReap"],"relics":["TheCursedMod:BlackMagic101","Gensokyo:NagashiBinaDoll","Gensokyo:LunaticRedEyes","Akabeko","Juzu Bracelet","The Courier","Bag of Preparation","Mango","Sundial"],"acts_visited":["Exordium"],"potions_floor_usage":[7,14],"damage_taken":[{"damage":0,"enemies":"Gensokyo:3_Fairies","floor":1,"turns":4},{"damage":0,"enemies":"Gensokyo:Python","floor":3,"turns":3},{"damage":34,"enemies":"Gensokyo:Mamizou","floor":7,"turns":9},{"damage":4,"enemies":"Gensokyo:2_Kodama","floor":8,"turns":2},{"damage":15,"enemies":"Gensokyo:Aya","floor":10,"turns":7},{"damage":2,"enemies":"Gensokyo:Cirno","floor":14,"turns":4},{"damage":39,"enemies":"Gensokyo:Reimu","floor":16,"turns":4}],"seed_played":"5929645998197844456","potions_obtained":[{"floor":1,"key":"Fruit Juice"},{"floor":10,"key":"Explosive Potion"}],"is_trial":false,"path_per_floor":["M","?","M","?","?","R","E","M","T","E","T","R","?","E","R","B"],"character_chosen":"THE_CURSED","items_purchased":[],"campfire_rested":1,"item_purchase_floors":[],"current_hp_per_floor":[68,68,68,68,68,68,39,35,35,20,20,41,34,32,32,0,0],"gold":254,"neow_bonus":"REMOVE_TWO","is_daily":false,"chose_seed":false,"campfire_upgraded":2,"win_rate":0.0,"timestamp":1612002990,"path_taken":["M","?","M","?","?","R","E","M","T","E","?","R","?","E","R","BOSS"],"items_purchased_type":[],"build_version":"2020-12-22","purchased_purges":0,"victory":false,"max_hp_per_floor":[68,68,68,68,68,68,73,73,73,73,73,73,87,87,87,87,87],"card_choices":[{"not_picked":["TheCursedMod:PrepareRite","TheCursedMod:EmpowerCircles"],"picked":"TheCursedMod:CircleOfFlame","floor":1},{"not_picked":["TheCursedMod:CursedAmulet","TheCursedMod:CircleOfFlame"],"picked":"TheCursedMod:SpitefulStrike","floor":3},{"not_picked":["TheCursedMod:Obscuration","TheCursedMod:CircleOfAmplification"],"picked":"TheCursedMod:VoidForm","floor":7},{"not_picked":["TheCursedMod:Wield","TheCursedMod:RavingStaff"],"picked":"TheCursedMod:TacticalStrike","floor":8},{"not_picked":["TheCursedMod:CircleOfAmplification","TheCursedMod:Grudge"],"picked":"TheCursedMod:CursedBlade","floor":10},{"not_picked":["TheCursedMod:RapidMovement","TheCursedMod:CircleOfFlame"],"picked":"TheCursedMod:SoulReap","floor":14}],"player_experience":434409,"relics_obtained":[{"floor":7,"key":"Akabeko"},{"floor":9,"key":"Juzu Bracelet"},{"floor":10,"key":"The Courier"},{"floor":11,"key":"Bag of Preparation"},{"floor":14,"key":"Sundial"}],"event_choices":[],"is_beta":false,"boss_relics":[],"items_purged_floors":[],"is_endless":false,"potions_floor_spawned":[1,10],"killed_by":"Gensokyo:Reimu","ascension_level":0}}