{"host":"kh1j1cf337zr4nij","time":1612013484,"event":{"mods":["2.2 Compatiblity","AchievementEnabler","Act Like it!","Aspiration","BaseMod","Beaked The Cultist","Bestiary","CCEM2","Colored Map","Colored Powertips","Conspire","Downfall","Energized Spire","Fireblade Mod","Friendly Minions","FruityMod","GifTheSpireLib","Glutton Mod","Halation","Hermit","Highlight Path","Hubris","Jedi Mod","JesterMod","Mad Scientist","Marisa????????","Melee Mod","Minty Spire (QoL Compilation)","Quick Restart","Random Character Button","Relic Stats","Reliquary","Shade Mod","Slumbering Mod","Spikes Relics","StSLib","Stuff the Spire","SuperFastMode","Synergy Search","The Blackbeard","The Construct","The Cursed","The Disciple","The Druid","The Forsaken","The Hierophant","The Judge","The Juggle","The Marked","The Mystic","The Necromancer","The Runesmith","The Servant 0.9.4","The Spell Scribe","The Valiant","TheFirefly","Trackpad"],"gold_per_floor":[349,361,223,223,235,261,284,284,284,317,330,343,243,128,146,251,251,251,271,9,19,19,4,4,4,20,34,59,59,59,71,89,89,89,89],"floor_reached":33,"language":"ENG","playtime":1969,"items_purged":["Slimebound:Strike_Slimebound","Slimebound:Strike_Slimebound","Slimebound:Defend_Slimebound"],"score":291,"play_id":"d4b982c1-da29-433c-839f-303192eb2135","local_time":"20210130083124","is_ascension_mode":true,"campfire_choices":[{"data":"Slimebound:Split","floor":1,"key":"SMITH"},{"floor":9,"key":"RECALL"},{"data":"Slimebound:ServeAndProtect","floor":13,"key":"SMITH"},{"data":"Slimebound:MassRepurpose","floor":18,"key":"SMITH"},{"data":"Slimebound:DivideAndConquer","floor":25,"key":"SMITH"},{"floor":29,"key":"REST"}],"circlet_count":0,"master_deck":["Slimebound:Strike_Slimebound","Slimebound:Tackle","Slimebound:Defend_Slimebound","Slimebound:Defend_Slimebound","Slimebound:Defend_Slimebound","Slimebound:Split+1","Slimebound:CorrosiveSpit","Slimebound:SlimeSpikes","Slimebound:SplitLeeching","Slimebound:GoopSpray","Slimebound:RainOfGoop","Slimebound:ServeAndProtect+1","Slimebound:DivideAndConquer+1","Slimebound:PressTheAttack","Slimebound:LeechingTouch","Slimebound:Replication","Slimebound:MassRepurpose+1","Slimebound:SplitSpecialist","Slimebound:SplitLeeching","Slimebound:LeadByExample","Slimebound:SlimeSpikes+1","Slimebound:LivingWall","Slimebound:RallyTheTroops","Slimebound:RollThrough+1"],"relics":["Slimebound:AbsorbEndCombat","trackpad:Mousetrap","reliquary:RoseTintedGlasses","hubris:Towel","Nunchaku","downfall:HeartBlessingRed","conspire:SeveredTorchhead","halation:PenCase"],"acts_visited":["Exordium","TheCity"],"potions_floor_usage":[20,23],"damage_taken":[{"damage":0,"enemies":"theSlumbering:NewCultist","floor":2,"turns":3},{"damage":5,"enemies":"downfall:FleeingMerchant","floor":3,"turns":4},{"damage":0,"enemies":"conspire:RoseBush","floor":5,"turns":3},{"damage":2,"enemies":"Lagavulin","floor":6,"turns":6},{"damage":9,"enemies":"theSlumbering:Adrasteia","floor":10,"turns":8},{"damage":0,"enemies":"2 Louse","floor":11,"turns":2},{"damage":0,"enemies":"2 Fungi Beasts","floor":12,"turns":2},{"damage":5,"enemies":"downfall:FleeingMerchant","floor":14,"turns":4},{"damage":1,"enemies":"Lots of Slimes","floor":15,"turns":5},{"damage":3,"enemies":"IC_STATUS_ARCHETYPE","floor":16,"turns":8},{"damage":7,"enemies":"conspire:FuzzyDice","floor":19,"turns":5},{"damage":0,"enemies":"downfall:FleeingMerchant","floor":20,"turns":4},{"damage":7,"enemies":"Shell Parasite","floor":21,"turns":3},{"damage":13,"enemies":"downfall:FleeingMerchant","floor":23,"turns":4},{"damage":12,"enemies":"Snake Plant","floor":26,"turns":4},{"damage":0,"enemies":"conspire:HollyBat","floor":27,"turns":6},{"damage":21,"enemies":"conspire:SneckoGhost","floor":28,"turns":11},{"damage":2,"enemies":"Snecko","floor":31,"turns":3},{"damage":19,"enemies":"Shelled Parasite and Fungi","floor":32,"turns":5},{"damage":36,"enemies":"SI_MIRROR_ARCHETYPE","floor":33,"turns":8}],"seed_played":"-2726324682859857980","potions_obtained":[{"floor":5,"key":"BlessingOfTheForge"},{"floor":10,"key":"jedi:wingpotion"},{"floor":15,"key":"Slimebound:SlimedPotion"},{"floor":16,"key":"EssenceOfSteel"},{"floor":21,"key":"Slimebound:SlimyTonguePotion"},{"floor":27,"key":"EssenceOfSteel"},{"floor":31,"key":"Energy Potion"}],"is_trial":false,"path_per_floor":["R","M","$","?","M","E","T","?","R","E","M","M","R","$","M","B",null,"R","M","$","M","?","$","T","R","M","M","E","R","?","M","M","B"],"character_chosen":"SLIMEBOUND","items_purchased":["Slimebound:GoopSpray","Slimebound:SplitLeeching","Slimebound:LeadByExample"],"campfire_rested":1,"item_purchase_floors":[3,20,20],"current_hp_per_floor":[59,59,56,56,59,59,59,59,59,54,54,58,58,59,59,58,59,59,55,59,52,52,41,41,41,33,39,24,41,41,39,24,0,0,0],"gold":89,"neow_bonus":"TWO_FIFTY_GOLD","is_daily":false,"chose_seed":false,"campfire_upgraded":4,"win_rate":0.0,"timestamp":1612013484,"path_taken":["R","M","$","?","M","E","T","?","R","E","M","M","R","$","M","BOSS","R","M","$","M","?","$","T","R","M","M","E","R","?","M","M","BOSS"],"items_purchased_type":["Card","Card","Card"],"build_version":"2020-12-22","purchased_purges":3,"victory":false,"max_hp_per_floor":[59,59,59,59,59,59,59,59,59,59,59,59,59,59,59,59,59,59,59,59,59,59,59,59,59,59,59,59,59,59,59,59,59,59,59],"relic_stats":{"Nunchaku":[6],"counters":[20,97],"obtain_stats":[{"conspire:SeveredTorchhead":17,"trackpad:Mousetrap":6,"Nunchaku":10,"downfall:HeartBlessingRed":13,"halation:PenCase":28,"reliquary:RoseTintedGlasses":7,"Slimebound:AbsorbEndCombat":0,"hubris:Towel":8,"halation:StarCompass":4},{"conspire:SeveredTorchhead":10,"trackpad:Mousetrap":4,"Nunchaku":5,"downfall:HeartBlessingRed":7,"halation:PenCase":17,"reliquary:RoseTintedGlasses":4,"Slimebound:AbsorbEndCombat":0,"hubris:Towel":4,"halation:StarCompass":2},{"conspire:SeveredTorchhead":45,"trackpad:Mousetrap":16,"Nunchaku":24,"downfall:HeartBlessingRed":28,"halation:PenCase":81,"reliquary:RoseTintedGlasses":16,"Slimebound:AbsorbEndCombat":0,"hubris:Towel":16,"halation:StarCompass":7}]},"card_choices":[{"not_picked":["Slimebound:RollThrough","Slimebound:SlimeTap"],"picked":"Slimebound:SlimeSpikes","floor":2},{"not_picked":["Slimebound:DouseInSlime","Slimebound:FinishingTackle"],"picked":"Slimebound:SplitLeeching","floor":3},{"not_picked":["Slimebound:TongueLash","Slimebound:Dissolve"],"picked":"Slimebound:RainOfGoop","floor":5},{"not_picked":["Slimebound:Gluttony","Slimebound:RollThrough"],"picked":"Slimebound:ServeAndProtect","floor":6},{"not_picked":["Slimebound:RainOfGoop","Slimebound:SlimeBrawl"],"picked":"Slimebound:DivideAndConquer","floor":10},{"not_picked":["Slimebound:DuplicatedForm","Slimebound:LivingWall"],"picked":"Slimebound:PressTheAttack","floor":11},{"not_picked":["Slimebound:GoopTackle","Slimebound:DivideAndConquer","Slimebound:SplitAcid"],"picked":"SKIP","floor":12},{"not_picked":["Slimebound:ServeAndProtect","Slimebound:ForwardTackle"],"picked":"Slimebound:LeechingTouch","floor":14},{"not_picked":["Slimebound:RollThrough","Slimebound:DivideAndConquer"],"picked":"Slimebound:Replication","floor":15},{"not_picked":["Slimebound:Overexert","Slimebound:PrepareCrush"],"picked":"Slimebound:MassRepurpose","floor":16},{"not_picked":["Slimebound:Nibble","Slimebound:ComboTackle"],"picked":"Slimebound:SplitSpecialist","floor":19},{"not_picked":["Slimebound:SamplingLick","Slimebound:GoopSpray","Slimebound:GoopTackle"],"picked":"SKIP","floor":20},{"not_picked":["Slimebound:SplitSpecialist","Slimebound:LivingWall"],"picked":"Slimebound:SlimeSpikes+1","floor":21},{"not_picked":["Slimebound:SplitBruiser","Slimebound:GoopTackle","Slimebound:LivingWall"],"picked":"SKIP","floor":23},{"not_picked":["Slimebound:SplitSpecialist","Slimebound:ComboTackle","Slimebound:LeechEnergy"],"picked":"SKIP","floor":26},{"not_picked":["Slimebound:GoopSpray","Slimebound:RollThrough"],"picked":"Slimebound:LivingWall","floor":27},{"not_picked":["Slimebound:Nibble","Slimebound:Dissolve"],"picked":"Slimebound:RallyTheTroops","floor":28},{"not_picked":["Slimebound:SamplingLick+1","Slimebound:MegaLick","Slimebound:FinishingTackle"],"picked":"SKIP","floor":31},{"not_picked":["Slimebound:HauntingLick","Slimebound:LeechEnergy"],"picked":"Slimebound:RollThrough+1","floor":32}],"player_experience":45859,"relics_obtained":[{"floor":6,"key":"trackpad:Mousetrap"},{"floor":7,"key":"reliquary:RoseTintedGlasses"},{"floor":10,"key":"Nunchaku"},{"floor":28,"key":"halation:PenCase"}],"event_choices":[],"is_beta":false,"boss_relics":[{"not_picked":["Runesmith:UraniumAnvil","Runic Dome"],"picked":"conspire:SeveredTorchhead"}],"items_purged_floors":[3,14,20],"is_endless":false,"potions_floor_spawned":[5,10,15,16,21,27,31],"killed_by":"SI_MIRROR_ARCHETYPE","ascension_level":1}}