{"host":"nug5xkek4sujf8as","time":1612040771,"event":{"mods":["Act Like it!","Aspiration","BaseMod","Booster Modes","CapriCore","Colored Powertips","Conspire","Energized Spire","Gensokyo","Minty Spire (QoL Compilation)","Permanent Neow","Quick Restart","Replay The Spire","Shop Mod","Spicy Shops","StSLib","¡¾¹¦ÄÜMod¡¿»ìãçÖ®»·ÐÞ¸´²¹¶¡","¡¾ÒÅÎï¿¨ÅÆ¡¿REMEMod","óô»ðÖ¸ÄÏ"],"gold_per_floor":[153,215,309,309,367,419,419,445,494,494,459,459,15,75,75,183,183,220,270,319,319,364,116,204,55,137,220,289,301,379,467,479,491,221,452,464,503,556,615,697,771,831,843,988,1000,665,733,45,103,21,21,68,68,280,7,62,62],"floor_reached":58,"language":"ZHS","playtime":2649,"items_purged":["Bite","Defend_P","Defend_P","Defend_P","Defend_P+1","Bite","SandsOfTime","Bite"],"score":2642,"play_id":"8b2ef8d9-c96f-40a2-a2d9-f69e24817686","local_time":"20210131050611","is_ascension_mode":true,"campfire_choices":[{"data":"Recycle","floor":7.0,"key":"SMITH"},{"floor":10.0,"key":"REST"},{"data":"HandOfGreed","floor":12.0,"key":"SMITH"},{"floor":15.0,"key":"RECALL"},{"data":"Omniscience","floor":51.0,"key":"SMITH"}],"circlet_count":0,"master_deck":["AscendersBane","Eruption+1","Vigilance","HandOfGreed+1","Recycle+1","Hologram","Pot Of Greed+1","Pot Of Greed+1","Offering","ReplayTheSpireMod:Omega Cannon+1","Crescendo+1","Bite","Bite","WheelKick+1","Pot Of Greed+1","ReplayTheSpireMod:GoodbyeWorld","DevaForm+1","REME_WheelOfFate","LessonLearned","InnerPeace","Glacier+1","Omniscience+1","Recycle","Recycle","Adaptation"],"relics":["PureWater","REME_ComplimentaryCards","Iron Core","Burning Blood","StoneCalendar","CeramicFish","Magic Flower","OrangePellets","Grinning Jar","Philosopher\u0027s Stone","ReplayTheSpireMod:Ring of Collecting","ReplayTheSpireMod:Ring of Addiction","Toy Ornithopter","White Beast Statue","Bag of Preparation","Ring of Misfortune","Replay:Bottled Snecko","Dead Branch","Incense Burner","energizedSpire:NeverEndingSparkler","Blue Doll","Ring of Searing","Vajra","Garlic","Ring of Fury","Turnip","Smiling Mask","ReplayTheSpireMod:CursedCoin","Magic Flower","Membership Card","MerchantsRug","Magic Flower","Unceasing Top","Replay:Rubber Ducky","Medical Kit","Magic Flower","Magic Flower","REME_HandOfSuture","Bottled Lightning"],"acts_visited":["Exordium","TheCity","TheBeyond","TheEnding"],"potions_floor_usage":[52,57],"damage_taken":[{"damage":1.0,"enemies":"2 Louse","floor":1.0,"turns":4.0},{"damage":8.0,"enemies":"Small Slimes","floor":5.0,"turns":4.0},{"damage":2.0,"enemies":"Lagavulin","floor":6.0,"turns":5.0},{"damage":22.0,"enemies":"Gremlin Nob","floor":8.0,"turns":3.0},{"damage":19.0,"enemies":"Lagavulin","floor":14.0,"turns":5.0},{"damage":26.0,"enemies":"Hexaghost","floor":16.0,"turns":6.0},{"damage":0.0,"enemies":"Spheric Guardian","floor":18.0,"turns":2.0},{"damage":25.0,"enemies":"2 Thieves","floor":20.0,"turns":4.0},{"damage":17.0,"enemies":"Gremlin Leader","floor":24.0,"turns":5.0},{"damage":0.0,"enemies":"3 Cultists","floor":27.0,"turns":1.0},{"damage":0.0,"enemies":"Slavers","floor":28.0,"turns":1.0},{"damage":3.0,"enemies":"Snake Plant","floor":30.0,"turns":1.0},{"damage":50.0,"enemies":"Book of Stabbing","floor":31.0,"turns":2.0},{"damage":31.0,"enemies":"conspire:MysteriousRune","floor":35.0,"turns":4.0},{"damage":19.0,"enemies":"3 Shapes","floor":37.0,"turns":5.0},{"damage":3.0,"enemies":"Orb Walker","floor":38.0,"turns":1.0},{"damage":0.0,"enemies":"Jaw Worm Horde","floor":39.0,"turns":1.0},{"damage":28.0,"enemies":"4 Shapes","floor":41.0,"turns":3.0},{"damage":22.0,"enemies":"R_Hoarder","floor":42.0,"turns":6.0},{"damage":43.0,"enemies":"Nemesis","floor":44.0,"turns":3.0},{"damage":0.0,"enemies":"Sphere and 2 Shapes","floor":47.0,"turns":1.0},{"damage":18.0,"enemies":"R_Hoarder","floor":49.0,"turns":4.0},{"damage":10,"enemies":"Time Eater","floor":52,"turns":3},{"damage":0,"enemies":"Shield and Spear","floor":56,"turns":1},{"damage":40,"enemies":"The Heart","floor":57,"turns":6}],"seed_played":"-8637365893627687039","potions_obtained":[{"floor":14.0,"key":"Dexterity Potion"},{"floor":20.0,"key":"AttackPotion"},{"floor":21.0,"key":"Adrenaline Potion"},{"floor":24.0,"key":"LiquidMemories"},{"floor":27.0,"key":"LiquidMemories"},{"floor":30.0,"key":"SkillPotion"},{"floor":31.0,"key":"FearPotion"},{"floor":35.0,"key":"StancePotion"},{"floor":37.0,"key":"Fruit Juice"},{"floor":38.0,"key":"CultistPotion"},{"floor":39.0,"key":"BottledMiracle"},{"floor":41.0,"key":"Explosive Potion"},{"floor":42.0,"key":"Fire Potion"},{"floor":47.0,"key":"PowerPotion"},{"floor":49.0,"key":"SpeedPotion"},{"floor":56,"key":"Ancient Potion"}],"is_trial":false,"path_per_floor":["M","?","?","?","M","E","R","E","T","R","?","R","$","E","R","B",null,"M","?","M","?","?","R","E","R","T","M","E","$","M","E","PTL","PTL","R","B",null,"M","M","M","T","M","E","?","E","T","R","M","R","E","$","R","B",null,"R","$","E","B",null],"character_chosen":"WATCHER","items_purchased":["Omamori","Magic Flower","OrangePellets","MawBank","Bag of Preparation","REME_WheelOfFate","Smiling Mask","ReplayTheSpireMod:CursedCoin","Recycle","Magic Flower","Membership Card","MerchantsRug","Magic Flower","Unceasing Top","Replay:Rubber Ducky","Strawberry","Medical Kit","Magic Flower","Adaptation","Magic Flower"],"campfire_rested":1,"item_purchase_floors":[13,13,13,23,25,34,46,46,46,46,48,48,48,48,48,48,50,54,55,55],"current_hp_per_floor":[60,60,33,33,25,23,23,7,7,27,44,44,44,34,34,17,55,64,58,42,42,42,42,47,47,47,47,47,47,47,15,15,15,15,19,39,37,50,50,50,40,41,41,20,20,20,48,55,55,55,55,55,55,55,55,53,53],"gold":62,"neow_bonus":"NOSTALGIA","is_daily":false,"chose_seed":false,"campfire_upgraded":3,"win_rate":0.0,"timestamp":1612040771,"path_taken":["M","?","?","?","?","E","R","E","T","R","?","R","?","E","R","BOSS","M","?","?","?","?","R","E","R","T","?","E","$","M","E","PTL","PTL","R","BOSS","M","?","M","?","M","E","?","E","T","R","M","R","E","$","R","BOSS","R","$","E","BOSS"],"items_purchased_type":["Relic","Relic","Relic","Relic","Relic","Card","Relic","Relic","Card","Relic","Relic","Relic","Relic","Relic","Relic","Relic","Relic","Relic","Card","Relic"],"build_version":"2020-12-22","purchased_purges":8,"victory":true,"max_hp_per_floor":[68,68,68,68,68,68,68,68,68,68,68,68,68,68,68,68,68,68,68,68,68,47,47,47,47,47,47,47,47,47,47,47,47,47,45,45,45,50,50,50,50,48,48,48,48,48,48,55,55,55,55,55,55,55,55,53,53],"card_choices":[{"not_picked":["Halt","JustLucky"],"picked":"SandsOfTime","floor":1.0},{"not_picked":["EmptyFist","CrushJoints"],"picked":"Recycle","floor":3.0},{"not_picked":["Wallop","CutThroughFate","Wireheading"],"picked":"SKIP","floor":5.0},{"not_picked":["Halt","REME_EmptyShield"],"picked":"Hologram","floor":6.0},{"not_picked":["Crescendo","LikeWater","CarveReality"],"picked":"SKIP","floor":8.0},{"not_picked":["Heavy Blade","Replay:BluntJabs"],"picked":"Offering","floor":14.0},{"not_picked":["Firewall","Ragnarok"],"picked":"ReplayTheSpireMod:Omega Cannon","floor":16.0},{"not_picked":["Replay:ManipulateFuture+1","EmptyFist","EmptyBody"],"picked":"SKIP","floor":18.0},{"not_picked":["Cold Snap","Capacitor"],"picked":"Crescendo+1","floor":20.0},{"not_picked":["Collect","Steam Power"],"picked":"WheelKick","floor":24.0},{"not_picked":["Beam Cell","ForeignInfluence"],"picked":"ReplayTheSpireMod:GoodbyeWorld","floor":27.0},{"not_picked":["Seeing Red","Recycle","Consecrate"],"picked":"SKIP","floor":28.0},{"not_picked":["Protect","Genetic Algorithm","FlurryOfBlows"],"picked":"SKIP","floor":30.0},{"not_picked":["Rebound","Weave"],"picked":"DevaForm","floor":31.0},{"not_picked":["Firewall","Judgement"],"picked":"LessonLearned","floor":35.0},{"not_picked":["Indignation+1","Warcry","Defragment"],"picked":"SKIP","floor":37.0},{"not_picked":["FlurryOfBlows","Iron Wave+1"],"picked":"InnerPeace","floor":38.0},{"not_picked":["Evaluate+1","Turbo"],"picked":"Glacier+1","floor":39.0},{"not_picked":["Genetic Algorithm+1","Hologram","Wallop"],"picked":"SKIP","floor":41.0},{"not_picked":["ReplayReversal","Glacier"],"picked":"Omniscience","floor":42.0},{"not_picked":["ReplayTheSpireMod:Repulse","Anger","Flex"],"picked":"SKIP","floor":44.0},{"not_picked":["ReachHeaven+1","Indignation+1","DeceiveReality+1"],"picked":"SKIP","floor":47.0},{"not_picked":["BowlingBash","Clash","EmptyMind"],"picked":"SKIP","floor":49.0},{"not_picked":["Replay:Hum","Replay:Battleflow","Replay:Anticipation"],"picked":"SKIP","floor":56}],"player_experience":721770,"relics_obtained":[{"floor":3.0,"key":"REME_PuzzleBoxRelic"},{"floor":6.0,"key":"aspiration:SeaSaltIceCream"},{"floor":8.0,"key":"StoneCalendar"},{"floor":9.0,"key":"CeramicFish"},{"floor":14.0,"key":"Grinning Jar"},{"floor":21.0,"key":"ReplayTheSpireMod:Ring of Collecting"},{"floor":21.0,"key":"ReplayTheSpireMod:Ring of Addiction"},{"floor":21.0,"key":"Toy Ornithopter"},{"floor":21.0,"key":"White Beast Statue"},{"floor":24.0,"key":"Replay:Bandana"},{"floor":26.0,"key":"Ring of Misfortune"},{"floor":26.0,"key":"Replay:Bottled Snecko"},{"floor":28.0,"key":"Dead Branch"},{"floor":31.0,"key":"Incense Burner"},{"floor":40.0,"key":"Ring of Searing"},{"floor":42.0,"key":"conspire:GiftBox"},{"floor":44.0,"key":"Garlic"},{"floor":45.0,"key":"Ring of Fury"},{"floor":45.0,"key":"Turnip"},{"floor":49.0,"key":"Akabeko"},{"floor":56,"key":"Bottled Lightning"}],"event_choices":[{"damage_healed":0.0,"max_hp_gain":0.0,"max_hp_loss":0.0,"gold_gain":62.0,"event_name":"Golden Wing","player_choice":"Gained Gold","floor":2.0,"gold_loss":0.0,"damage_taken":0.0},{"damage_healed":0.0,"max_hp_gain":0.0,"max_hp_loss":0.0,"gold_gain":0.0,"event_name":"Accursed Blacksmith","player_choice":"Forge","floor":4.0,"gold_loss":0.0,"damage_taken":0.0,"cards_upgraded":["Eruption"]},{"damage_healed":17.0,"max_hp_gain":0.0,"max_hp_loss":0.0,"gold_gain":0.0,"event_name":"The Cleric","player_choice":"Healed","floor":11.0,"gold_loss":35.0,"damage_taken":0.0},{"damage_healed":0.0,"max_hp_gain":0.0,"max_hp_loss":0.0,"gold_gain":50.0,"event_name":"FaceTrader","player_choice":"Touch","floor":19.0,"gold_loss":0.0,"damage_taken":6.0},{"damage_healed":0.0,"max_hp_gain":0.0,"max_hp_loss":21.0,"gold_gain":0.0,"event_name":"Vampires","player_choice":"Became a vampire","floor":22.0,"gold_loss":0.0,"damage_taken":0.0,"cards_obtained":["Bite","Bite","Bite","Bite","Bite"]},{"damage_healed":0.0,"max_hp_gain":0.0,"max_hp_loss":0.0,"gold_gain":0.0,"event_name":"Tomb of Lord Red Mask","player_choice":"Ignored","floor":43.0,"gold_loss":0.0,"damage_taken":0.0}],"is_beta":false,"boss_relics":[{"not_picked":["Velvet Choker","aspiration:FutureDiary"],"picked":"Philosopher\u0027s Stone"},{"not_picked":["aspiration:DefectSkillbook","energizedSpire:EnergizedDie"],"picked":"energizedSpire:NeverEndingSparkler"}],"items_purged_floors":[23,34,46,48,50,54,55,55],"is_endless":false,"potions_floor_spawned":[14,20,24,27,28,30,31,35,37,38,39,41,42,44,47,49,56],"ascension_level":18}}