{"host":"kkntor5wdjky96yl","time":1612015301,"event":{"mods":["AchievementEnabler","BaseMod","Colored Map","KOR Keyword Fix","Minty Spire (QoL Compilation)","Shop Mod","StSLib","SuperFastMode","Swap Starting Deck Mod"],"gold_per_floor":[119,119,119,135,135,135,166,116,116,135,135,149,168,185,185,289,289,302,302,332,431,346,346,378,378,403,428,142,142,142,142,142,142,142],"floor_reached":33,"language":"KOR","playtime":1016,"items_purged":[],"score":415,"play_id":"4b87b84b-d1f8-4d62-baa6-cfd08a68f47f","local_time":"20210130230141","is_ascension_mode":true,"campfire_choices":[{"data":"Iron Wave","floor":6,"key":"SMITH"},{"data":"Pommel Strike","floor":11,"key":"SMITH"},{"data":"Armaments","floor":15,"key":"SMITH"},{"data":"Double Tap","floor":23,"key":"SMITH"},{"data":"Pommel Strike","floor":25,"key":"SMITH"},{"data":"Fire Breathing","floor":29,"key":"SMITH"},{"floor":32,"key":"REST"}],"circlet_count":0,"master_deck":["Defend_R","Defend_R","Defend_R","Bash+1","Twin Strike+1","Iron Wave+1","Impervious","Pommel Strike+1","Armaments+1","Pommel Strike+1","Double Tap+1","Bite","Bite","Bite","Bite","Bite","Infernal Blade+1","Fire Breathing+1"],"relics":["Burning Blood","NeowsBlessing","Pen Nib","Sozu","Red Mask","Red Skull","Meat on the Bone","MerchantsRug","Frozen Egg 2"],"acts_visited":["Exordium","TheCity"],"potions_floor_usage":[20],"damage_taken":[{"damage":0,"enemies":"Jaw Worm","floor":1,"turns":1},{"damage":0,"enemies":"Small Slimes","floor":4,"turns":1},{"damage":0,"enemies":"3 Sentries","floor":7,"turns":1},{"damage":0,"enemies":"2 Louse","floor":10,"turns":2},{"damage":14,"enemies":"Blue Slaver","floor":12,"turns":3},{"damage":9,"enemies":"2 Fungi Beasts","floor":13,"turns":3},{"damage":0,"enemies":"Large Slime","floor":14,"turns":4},{"damage":82,"enemies":"Hexaghost","floor":16,"turns":8},{"damage":14,"enemies":"3 Byrds","floor":18,"turns":4},{"damage":29,"enemies":"Masked Bandits","floor":20,"turns":4},{"damage":31,"enemies":"Slavers","floor":24,"turns":6},{"damage":19,"enemies":"Book of Stabbing","floor":27,"turns":4},{"damage":138,"enemies":"Automaton","floor":33,"turns":10}],"seed_played":"982181324721668170","potions_obtained":[{"floor":10,"key":"Ancient Potion"},{"floor":12,"key":"BlessingOfTheForge"},{"floor":13,"key":"SpeedPotion"}],"is_trial":false,"path_per_floor":["M","?","?","M","?","R","E","?","T","M","R","M","M","M","R","B",null,"M","?","?","?","?","R","E","R","T","E","$","R","$","?","R","B"],"character_chosen":"IRONCLAD","items_purchased":["MerchantsRug","Frozen Egg 2"],"campfire_rested":1,"item_purchase_floors":[28,28],"current_hp_per_floor":[80,64,68,74,74,74,80,80,80,87,87,79,78,86,86,11,87,79,79,64,64,64,64,53,53,53,60,60,60,60,60,89,0,0],"gold":142,"neow_bonus":"THREE_ENEMY_KILL","is_daily":false,"chose_seed":false,"campfire_upgraded":6,"win_rate":0.0,"timestamp":1612015301,"path_taken":["M","?","?","M","?","R","E","?","T","M","R","?","M","M","R","BOSS","M","?","?","?","?","R","E","R","T","E","$","R","$","?","R","BOSS"],"items_purchased_type":["Relic","Relic"],"build_version":"2020-12-22","purchased_purges":0,"victory":false,"max_hp_per_floor":[80,80,87,87,87,87,87,87,87,87,87,87,87,87,87,87,87,87,87,87,87,87,87,87,87,87,97,97,97,97,97,97,97,97],"card_choices":[{"not_picked":["Sword Boomerang","Armaments"],"picked":"Twin Strike","floor":1},{"not_picked":["Clash","Searing Blow"],"picked":"Iron Wave","floor":4},{"not_picked":["Evolve","Warcry"],"picked":"Impervious","floor":7},{"not_picked":["True Grit","Havoc"],"picked":"Pommel Strike","floor":10},{"not_picked":["Havoc","Rage"],"picked":"Armaments","floor":12},{"not_picked":["Clothesline","Wild Strike","Flex"],"picked":"SKIP","floor":13},{"not_picked":["Juggernaut","Metallicize"],"picked":"Pommel Strike","floor":14},{"not_picked":["Offering","Juggernaut"],"picked":"Double Tap","floor":16},{"not_picked":["Shockwave","Sword Boomerang","True Grit"],"picked":"SKIP","floor":18},{"not_picked":["Sword Boomerang","Headbutt"],"picked":"Infernal Blade+1","floor":24},{"not_picked":["Perfected Strike","Ghostly Armor+1"],"picked":"Fire Breathing","floor":27}],"player_experience":116264,"relics_obtained":[{"floor":7,"key":"Blood Vial"},{"floor":9,"key":"Pen Nib"},{"floor":20,"key":"Red Mask"},{"floor":24,"key":"Meat on the Bone"},{"floor":26,"key":"Art of War"},{"floor":27,"key":"Pear"}],"event_choices":[{"damage_healed":0,"gold_gain":0,"player_choice":"Entered Light","damage_taken":16,"max_hp_gain":0,"max_hp_loss":0,"event_name":"Shining Light","floor":2,"gold_loss":0,"cards_upgraded":["Strike_R","Twin Strike"]},{"damage_healed":0,"gold_gain":0,"player_choice":"Success","damage_taken":3,"relics_obtained":["Strawberry"],"max_hp_gain":0,"max_hp_loss":0,"event_name":"Scrap Ooze","floor":3,"gold_loss":0},{"damage_healed":0,"gold_gain":0,"player_choice":"Grow","damage_taken":0,"max_hp_gain":0,"max_hp_loss":0,"event_name":"Living Wall","floor":5,"gold_loss":0,"cards_upgraded":["Bash"]},{"cards_removed":["Defend_R"],"damage_healed":0,"gold_gain":0,"player_choice":"Card Removal","damage_taken":0,"max_hp_gain":0,"max_hp_loss":0,"event_name":"The Cleric","floor":8,"gold_loss":50},{"damage_healed":0,"gold_gain":0,"player_choice":"Became a vampire (Vial)","damage_taken":0,"max_hp_gain":0,"max_hp_loss":0,"event_name":"Vampires","floor":19,"relics_lost":["Blood Vial"],"gold_loss":0,"cards_obtained":["Bite","Bite","Bite","Bite","Bite"]},{"damage_healed":0,"gold_gain":0,"player_choice":"Fought Bandits","damage_taken":0,"max_hp_gain":0,"max_hp_loss":0,"event_name":"Masked Bandits","floor":20,"gold_loss":0},{"damage_healed":0,"gold_gain":99,"player_choice":"Stole From Cult","damage_taken":0,"max_hp_gain":0,"max_hp_loss":0,"event_name":"Nest","floor":21,"gold_loss":0},{"damage_healed":0,"gold_gain":0,"player_choice":"Obtained Relic","damage_taken":0,"relics_obtained":["Red Skull"],"max_hp_gain":0,"max_hp_loss":0,"event_name":"Addict","floor":22,"gold_loss":85},{"damage_healed":0,"gold_gain":0,"player_choice":"Ignored","damage_taken":0,"max_hp_gain":0,"max_hp_loss":0,"event_name":"The Mausoleum","floor":31,"gold_loss":0}],"is_beta":false,"boss_relics":[{"not_picked":["Runic Dome","Velvet Choker"],"picked":"Sozu"}],"items_purged_floors":[],"is_endless":false,"potions_floor_spawned":[10,12,13,24,27],"killed_by":"Automaton","ascension_level":4}}