{"host":"jumrmhf584hajrnz","time":1612032530,"event":{"mods":["BaseMod","Duelist Mod","GifTheSpireLib","Minty Spire (QoL Compilation)","Quick Restart","StSLib"],"gold_per_floor":[138,191,205,223,237,262,262,262,262,412,412,430,455,470,470,470,470],"floor_reached":16,"language":"ENG","playtime":910,"items_purged":[],"score":228,"play_id":"5ce81962-8239-491f-b2e9-6fa2f4ebd30b","local_time":"20210130194850","is_ascension_mode":true,"campfire_choices":[{"floor":8,"key":"REST"},{"floor":11,"key":"REST"},{"floor":15,"key":"REST"}],"circlet_count":0,"master_deck":["AscendersBane","theDuelist:Biofalcon","theDuelist:CastleWalls","theDuelist:CastleWalls","theDuelist:Deskbot004","theDuelist:Deskbot004","theDuelist:Deskbot005","theDuelist:Deskbot005","theDuelist:GreenGadget","theDuelist:Sparks","theDuelist:Sparks","theDuelist:BlockGolem","theDuelist:JadeKnight","theDuelist:Kuribohrn","theDuelist:MetalDetector","theDuelist:JunkWarrior","Doubt","Apotheosis","theDuelist:Deskbot002","theDuelist:YellowGadget"],"relics":["theDuelist:MillenniumPuzzle","theDuelist:CardPoolRelic","theDuelist:CardPoolBasicRelic","theDuelist:BoosterPackPoolRelic","theDuelist:CardPoolAddRelic","theDuelist:CardPoolMinusRelic","theDuelist:CardPoolSaveRelic","theDuelist:CardPoolOptionsRelic","NeowsBlessing","Unceasing Top","Art of War"],"acts_visited":["Exordium"],"potions_floor_usage":[6,7,16,16],"damage_taken":[{"damage":0,"enemies":"Small Slimes","floor":1,"turns":1},{"damage":0,"enemies":"2 Louse","floor":3,"turns":1},{"damage":0,"enemies":"Cultist","floor":4,"turns":1},{"damage":0,"enemies":"Looter","floor":5,"turns":4},{"damage":61,"enemies":"Gremlin Nob","floor":6,"turns":6},{"damage":0,"enemies":"Large Slime","floor":7,"turns":1},{"damage":4,"enemies":"Blue Slaver","floor":12,"turns":5},{"damage":22,"enemies":"3 Sentries","floor":13,"turns":10},{"damage":3,"enemies":"Red Slaver","floor":14,"turns":4},{"damage":34,"enemies":"Slime Boss","floor":16,"turns":8}],"seed_played":"4005609593514150505","potions_obtained":[{"floor":5,"key":"Fire Potion"},{"floor":6,"key":"SmokeBomb"},{"floor":12,"key":"Energy Potion"},{"floor":13,"key":"theDuelist:SealedPack"}],"is_trial":false,"path_per_floor":["M","?","M","M","M","E","M","R","T","?","R","M","E","M","R","B"],"character_chosen":"THE_DUELIST","items_purchased":[],"campfire_rested":3,"item_purchase_floors":[],"current_hp_per_floor":[63,63,63,63,63,2,2,23,23,23,44,40,18,15,36,2,2],"gold":470,"neow_bonus":"THREE_ENEMY_KILL","is_daily":false,"chose_seed":false,"campfire_upgraded":0,"win_rate":0.0,"timestamp":1612032530,"path_taken":["M","?","M","M","M","E","M","R","T","?","R","M","E","M","R","BOSS"],"items_purchased_type":[],"build_version":"2020-12-22","purchased_purges":0,"victory":false,"max_hp_per_floor":[70,70,70,70,70,70,70,70,70,70,70,70,70,70,70,70,70],"card_choices":[{"not_picked":["theDuelist:PowerGiant","theDuelist:FutureFusion","theDuelist:GemElephant","theDuelist:ShardGreed"],"picked":"theDuelist:BlockGolem","floor":1},{"not_picked":["theDuelist:CoreBlaster","theDuelist:CannonSoldier","theDuelist:BarrelDragon","theDuelist:AncientGearChimera"],"picked":"theDuelist:JadeKnight","floor":3},{"not_picked":["theDuelist:PowerGiant","theDuelist:GracefulCharity","theDuelist:IronCall","theDuelist:Kuriboh"],"picked":"theDuelist:Kuribohrn","floor":4},{"not_picked":["theDuelist:TokenVacuum","theDuelist:PortableBatteryPack","theDuelist:CemetaryBomb","theDuelist:BlastingFuse"],"picked":"theDuelist:MetalDetector","floor":5},{"not_picked":["theDuelist:Geargiauger","theDuelist:DoubleTool","theDuelist:CyberArchfiend","theDuelist:MetalDragon"],"picked":"theDuelist:JunkWarrior","floor":6},{"not_picked":["Dark Shackles","Enlightenment","Sadistic Nature"],"picked":"Apotheosis","floor":12},{"not_picked":["theDuelist:BlastWithChain","theDuelist:Deskbot003","theDuelist:AncientGearGadjiltron","theDuelist:RoboticKnight"],"picked":"theDuelist:Deskbot002","floor":13},{"not_picked":["theDuelist:FrontlineObserver","theDuelist:Geargiauger","theDuelist:CoreBlaster","theDuelist:CyberRaider"],"picked":"theDuelist:YellowGadget","floor":14}],"player_experience":1636839,"relics_obtained":[{"floor":6,"key":"Unceasing Top"},{"floor":13,"key":"Art of War"}],"event_choices":[{"damage_healed":0,"gold_gain":53,"player_choice":"Gained Gold","damage_taken":0,"max_hp_gain":0,"max_hp_loss":0,"event_name":"Golden Wing","floor":2,"gold_loss":0},{"damage_healed":0,"gold_gain":150,"player_choice":"AGREE","damage_taken":0,"max_hp_gain":0,"max_hp_loss":0,"event_name":"Liars Game","floor":10,"gold_loss":0,"cards_obtained":["Doubt"]}],"is_beta":false,"boss_relics":[],"items_purged_floors":[],"is_endless":false,"potions_floor_spawned":[5,6,7,12,13],"killed_by":"Slime Boss","ascension_level":20}}