{"host":"p4v0hquynnreu717","time":1612019911,"event":{"mods":["BaseMod","Better Vampires","DeckTracker","Googly Eyes","Minty Spire (QoL Compilation)","Quick Restart","StSLib","SuperFastMode"],"gold_per_floor":[109,159,49,63,9,9,37,37,62,62,62,78,41,51,51,124,124,142,67,81,105,123,123,134,134,134,134,58,86,99,119,119,193,193,208,227,127,127,2,2,2,2],"floor_reached":41,"language":"ZHS","playtime":922,"items_purged":["Strike_R","Strike_R+1","Twin Strike"],"score":760,"play_id":"b571c66c-7662-433f-8857-a1c02c1f8ec6","local_time":"20210130231831","is_ascension_mode":true,"campfire_choices":[{"data":"Armaments","floor":6.0,"key":"SMITH"},{"data":"Shockwave","floor":8.0,"key":"SMITH"},{"data":"Blood for Blood","floor":10.0,"key":"SMITH"},{"data":"Disarm","floor":15.0,"key":"SMITH"},{"data":"Inflame","floor":23.0,"key":"SMITH"},{"data":"Entrench","floor":25.0,"key":"SMITH"},{"data":"Feel No Pain","floor":27.0,"key":"SMITH"},{"data":"Limit Break","floor":32.0,"key":"SMITH"},{"data":"Dark Embrace","floor":40.0,"key":"SMITH"}],"circlet_count":0,"master_deck":["AscendersBane","Defend_R","Defend_R","Defend_R","Defend_R","Bash+1","Shockwave+1","Sever Soul","Armaments+1","Blood for Blood+1","Entrench+1","Inflame+1","Disarm+1","Reaper","Berserk+1","Disarm+1","Feel No Pain+1","Dark Embrace+1","Spot Weakness","Limit Break+1","Limit Break","True Grit+1","Disarm"],"relics":["Burning Blood","NeowsBlessing","PreservedInsect","Centennial Puzzle","Astrolabe","Gremlin Horn","Vajra","Coffee Dripper"],"acts_visited":["Exordium","TheCity","TheBeyond"],"potions_floor_usage":[],"damage_taken":[{"damage":0.0,"enemies":"Jaw Worm","floor":1.0,"turns":1.0},{"damage":0.0,"enemies":"Cultist","floor":4.0,"turns":1.0},{"damage":0.0,"enemies":"Lagavulin","floor":7.0,"turns":1.0},{"damage":4.0,"enemies":"2 Louse","floor":12.0,"turns":3.0},{"damage":19.0,"enemies":"Exordium Thugs","floor":14.0,"turns":4.0},{"damage":11.0,"enemies":"Hexaghost","floor":16.0,"turns":9.0},{"damage":13.0,"enemies":"Chosen","floor":18.0,"turns":4.0},{"damage":45.0,"enemies":"Spheric Guardian","floor":20.0,"turns":6.0},{"damage":6.0,"enemies":"Snecko","floor":22.0,"turns":6.0},{"damage":3.0,"enemies":"Snake Plant","floor":24.0,"turns":4.0},{"damage":10.0,"enemies":"Book of Stabbing","floor":29.0,"turns":5.0},{"damage":23.0,"enemies":"Centurion and Healer","floor":30.0,"turns":5.0},{"damage":22.0,"enemies":"Snecko","floor":31.0,"turns":5.0},{"damage":71.0,"enemies":"Collector","floor":33.0,"turns":9.0},{"damage":48.0,"enemies":"3 Darklings","floor":35.0,"turns":5.0},{"damage":12.0,"enemies":"Orb Walker","floor":36.0,"turns":6.0},{"damage":78,"enemies":"Sphere and 2 Shapes","floor":41,"turns":5}],"seed_played":"5603184241109065827","potions_obtained":[{"floor":1.0,"key":"AttackPotion"},{"floor":14.0,"key":"FairyPotion"},{"floor":20.0,"key":"FairyPotion"},{"floor":35.0,"key":"SpeedPotion"}],"is_trial":false,"path_per_floor":["M","?","$","M","$","R","E","R","T","R","?","M","$","M","R","B",null,"M","?","M","T","M","R","M","R","T","R","$","E","M","M","R","B",null,"M","M","$","?","$","R","M"],"character_chosen":"IRONCLAD","items_purchased":["Sever Soul","Armaments","Inflame","Dark Embrace"],"campfire_rested":0,"item_purchase_floors":[3,5,13,28],"current_hp_per_floor":[74,74,74,75,75,75,75,75,75,75,52,54,54,41,41,36,65,58,58,19,19,29,29,32,32,32,32,32,28,27,14,14,28,63,21,15,15,61,61,61,5,5],"gold":2,"neow_bonus":"THREE_ENEMY_KILL","is_daily":false,"chose_seed":false,"campfire_upgraded":9,"win_rate":0.0,"timestamp":1612019911,"path_taken":["M","?","?","?","$","R","E","R","T","R","?","M","?","M","R","BOSS","M","?","M","?","?","R","M","R","T","R","$","E","?","M","R","BOSS","M","?","?","?","$","R","M"],"items_purchased_type":["Card","Card","Card","Card"],"build_version":"2020-12-22","purchased_purges":3,"victory":false,"max_hp_per_floor":[75,75,75,75,75,75,75,75,75,75,75,75,75,75,75,75,75,75,75,75,75,75,75,75,75,75,75,75,75,75,75,75,75,75,75,75,75,61,61,61,61,61],"card_choices":[{"not_picked":["Uppercut","Flex"],"picked":"Shockwave","floor":1.0},{"not_picked":["Anger","Thunderclap"],"picked":"Twin Strike","floor":4.0},{"not_picked":["Anger","Clothesline"],"picked":"Blood for Blood","floor":7.0},{"not_picked":["Warcry","Cleave"],"picked":"Entrench","floor":12.0},{"not_picked":["Feel No Pain","Thunderclap"],"picked":"Disarm","floor":14.0},{"not_picked":["Berserk","Immolate"],"picked":"Reaper","floor":16.0},{"not_picked":["Perfected Strike","Armaments","Warcry"],"picked":"SKIP","floor":18.0},{"not_picked":["Anger","Warcry"],"picked":"Feel No Pain","floor":20.0},{"not_picked":["Fire Breathing","Seeing Red","Carnage"],"picked":"SKIP","floor":22.0},{"not_picked":["Flex","Armaments","Thunderclap+1"],"picked":"SKIP","floor":24.0},{"not_picked":["Flex","Entrench"],"picked":"Spot Weakness","floor":29.0},{"not_picked":["Heavy Blade","Body Slam","Iron Wave"],"picked":"SKIP","floor":30.0},{"not_picked":["Clothesline+1","Twin Strike"],"picked":"Limit Break","floor":31.0},{"not_picked":["Berserk","Impervious"],"picked":"Limit Break","floor":33.0},{"not_picked":["Headbutt","Clash+1"],"picked":"True Grit+1","floor":35.0},{"not_picked":["Carnage","Seeing Red"],"picked":"Disarm","floor":36.0}],"player_experience":802638,"relics_obtained":[{"floor":7.0,"key":"PreservedInsect"},{"floor":9.0,"key":"Centennial Puzzle"},{"floor":26.0,"key":"Gremlin Horn"},{"floor":29.0,"key":"Vajra"}],"event_choices":[{"damage_healed":0.0,"max_hp_gain":0.0,"max_hp_loss":0.0,"gold_gain":50.0,"event_name":"Golden Shrine","player_choice":"Pray","floor":2.0,"gold_loss":0.0,"damage_taken":0.0},{"damage_healed":0.0,"max_hp_gain":0.0,"max_hp_loss":0.0,"gold_gain":0.0,"event_name":"Shining Light","player_choice":"Entered Light","floor":11.0,"gold_loss":0.0,"damage_taken":23.0,"cards_upgraded":["Strike_R","Bash"]},{"cards_removed":["Combust"],"damage_healed":0.0,"max_hp_gain":0.0,"max_hp_loss":0.0,"gold_gain":0.0,"event_name":"Beggar","player_choice":"Gave Gold","floor":19.0,"gold_loss":75.0,"damage_taken":0.0},{"damage_healed":61.0,"max_hp_gain":0.0,"max_hp_loss":14.0,"gold_gain":0.0,"event_name":"The Moai Head","player_choice":"Heal","floor":38.0,"gold_loss":0.0,"damage_taken":0.0}],"is_beta":false,"boss_relics":[{"not_picked":["Pandora\u0027s Box","Velvet Choker"],"picked":"Astrolabe"},{"not_picked":["Runic Cube","Runic Dome"],"picked":"Coffee Dripper"}],"items_purged_floors":[3,37,39],"is_endless":false,"potions_floor_spawned":[1,14,20,24,29,31,35],"killed_by":"Sphere and 2 Shapes","ascension_level":15}}