{"host":"bm58huo5vqbiw0g8","time":1612012329,"event":{"mods":["AchievementEnabler","BaseMod","Better Note","BetterRewards","Colored Map","Colored Powertips","Highlight Path","Minty Spire (QoL Compilation)","StSLib"],"gold_per_floor":[116,116,116,116,136,136,180,180,205,205,205,55,86,110,110,240,240,265,265,286,336,350,385,385,410,480,126,142,142,185,228,228,357,357,375,375,43,106,120,120,163,385,385,385,385,70,70,93,93,93,93,93,93,127,127,127],"floor_reached":55,"language":"ENG","playtime":5222,"items_purged":["Flechettes","Tactician+1"],"score":1034,"play_id":"eeec0320-54ec-4c0b-a3ba-dae289edba0d","local_time":"20210130141209","is_ascension_mode":true,"campfire_choices":[{"data":"Poisoned Stab","floor":6,"key":"SMITH"},{"data":"Neutralize","floor":8,"key":"SMITH"},{"data":"Survivor","floor":11,"key":"SMITH"},{"data":"Dodge and Roll","floor":15,"key":"SMITH"},{"data":"Envenom","floor":24,"key":"SMITH"},{"data":"Dagger Spray","floor":29,"key":"SMITH"},{"data":"Accuracy","floor":32,"key":"SMITH"},{"data":"Noxious Fumes","floor":40,"key":"SMITH"},{"data":"Poisoned Stab","floor":44,"key":"SMITH"},{"floor":45,"key":"RECALL"},{"data":"Blade Dance","floor":47,"key":"SMITH"},{"data":"Caltrops","floor":49,"key":"SMITH"},{"data":"Flash of Steel","floor":52,"key":"SMITH"}],"circlet_count":0,"master_deck":["Survivor+1","Neutralize+1","Poisoned Stab+1","Escape Plan+1","Blade Dance+1","Dodge and Roll+1","After Image","Deflect","Poisoned Stab+1","Envenom+1","Caltrops+1","Blur","Backstab","Backflip+1","Flying Knee+1","Bane+1","Venomology","Infinite Blades","Flash of Steel+1","Accuracy+1","Accuracy+1","Predator+1","Backstab+1","Noxious Fumes+1","Bane+1"],"relics":["Ring of the Snake","Toy Ornithopter","Happy Flower","TheAbacus","Pantograph","Golden Idol","Darkstone Periapt","Oddly Smooth Stone","Shuriken","War Paint","Regal Pillow","Pandora\u0027s Box","Bag of Marbles","Singing Bowl","Blood Vial","Juzu Bracelet","Red Mask","Astrolabe","Strawberry","WingedGreaves","Pen Nib","Calipers","Blue Candle"],"acts_visited":["Exordium","TheCity","TheBeyond","TheEnding"],"potions_floor_usage":[7,13,16,25,30,31,33,33,33,38,48,50,54,55,55,55],"damage_taken":[{"damage":0,"enemies":"2 Louse","floor":1,"turns":4},{"damage":3,"enemies":"Small Slimes","floor":5,"turns":5},{"damage":19,"enemies":"3 Sentries","floor":7,"turns":8},{"damage":3,"enemies":"Gremlin Nob","floor":13,"turns":4},{"damage":0,"enemies":"Jaw Worm","floor":14,"turns":2},{"damage":0,"enemies":"Hexaghost","floor":16,"turns":8},{"damage":9,"enemies":"Shell Parasite","floor":18,"turns":4},{"damage":0,"enemies":"3 Byrds","floor":20,"turns":2},{"damage":0,"enemies":"Snake Plant","floor":22,"turns":5},{"damage":2,"enemies":"Book of Stabbing","floor":23,"turns":6},{"damage":0,"enemies":"Snecko","floor":25,"turns":4},{"damage":0,"enemies":"3 Cultists","floor":28,"turns":4},{"damage":8,"enemies":"Slavers","floor":30,"turns":5},{"damage":13,"enemies":"Masked Bandits","floor":31,"turns":3},{"damage":22,"enemies":"Automaton","floor":33,"turns":6},{"damage":5,"enemies":"Orb Walker","floor":35,"turns":4},{"damage":0,"enemies":"Mind Bloom Boss Battle","floor":38,"turns":5},{"damage":0,"enemies":"3 Shapes","floor":39,"turns":3},{"damage":17,"enemies":"Giant Head","floor":41,"turns":7},{"damage":3,"enemies":"Jaw Worm Horde","floor":48,"turns":4},{"damage":41,"enemies":"Donu and Deca","floor":50,"turns":7},{"damage":77,"enemies":"Shield and Spear","floor":54,"turns":7},{"damage":70,"enemies":"The Heart","floor":55,"turns":3}],"seed_played":"3486863408442769309","potions_obtained":[{"floor":1,"key":"PowerPotion"},{"floor":7,"key":"Swift Potion"},{"floor":14,"key":"AttackPotion"},{"floor":16,"key":"Block Potion"},{"floor":22,"key":"SkillPotion"},{"floor":25,"key":"SkillPotion"},{"floor":28,"key":"LiquidBronze"},{"floor":39,"key":"DistilledChaos"},{"floor":41,"key":"Fire Potion"},{"floor":54,"key":"Fruit Juice"}],"is_trial":false,"path_per_floor":["M","?","?","?","M","R","E","R","T","T","R","$","E","M","R","B",null,"M","?","M","?","M","E","R","M","T","$","M","R","E","?","R","B",null,"M","?","$","?","M","R","E","?","T","R","R","$","R","M","R","B",null,"R","$","E","B"],"character_chosen":"THE_SILENT","items_purchased":["Toy Ornithopter","Happy Flower","TheAbacus","War Paint","Blood Vial","Infinite Blades","Flash of Steel","Noxious Fumes","Strawberry","Calipers"],"campfire_rested":0,"item_purchase_floors":[0,0,0,12,27,27,27,37,37,46],"current_hp_per_floor":[63,56,39,39,36,36,22,22,22,22,22,22,24,24,24,54,70,61,61,61,61,61,59,59,64,64,64,68,68,67,63,63,54,76,71,71,78,85,87,87,72,72,72,72,72,72,72,76,76,53,89,89,89,19,0,0],"gold":127,"neow_bonus":"","is_daily":false,"chose_seed":false,"campfire_upgraded":12,"win_rate":0.0,"timestamp":1612012329,"path_taken":["M","?","?","?","M","R","E","R","T","?","R","?","E","M","R","BOSS","M","?","M","?","?","E","R","M","T","$","M","R","E","?","R","BOSS","M","?","$","?","M","R","E","?","T","R","R","?","R","M","R","BOSS","R","$","E","BOSS"],"items_purchased_type":["Relic","Relic","Relic","Relic","Relic","Card","Card","Card","Relic","Relic"],"build_version":"2020-12-22","purchased_purges":2,"victory":false,"max_hp_per_floor":[70,70,70,70,70,70,70,70,70,70,70,70,70,70,70,70,70,70,70,70,70,70,70,70,70,70,70,72,72,72,74,74,76,76,76,76,83,85,87,87,89,89,89,89,89,89,89,89,89,89,89,89,89,91,96,96],"card_choices":[{"not_picked":["Acrobatics","Underhanded Strike"],"picked":"Calculated Gamble","floor":1},{"not_picked":["Choke","Backflip"],"picked":"Poisoned Stab","floor":5},{"not_picked":["A Thousand Cuts","Leg Sweep"],"picked":"Escape Plan","floor":7},{"not_picked":["Unload","Bouncing Flask"],"picked":"Blade Dance","floor":13},{"not_picked":["Prepared","Footwork"],"picked":"Dodge and Roll","floor":14},{"not_picked":["Bullet Time","Malaise"],"picked":"After Image","floor":16},{"not_picked":["Blade Dance","Dagger Spray"],"picked":"Backflip+1","floor":18},{"not_picked":["Calculated Gamble","Backflip"],"picked":"Flying Knee+1","floor":20},{"not_picked":["Deadly Poison","Blade Dance+1"],"picked":"Bane+1","floor":22},{"not_picked":["Deflect+1","Cloak And Dagger"],"picked":"Venomology","floor":23},{"not_picked":["Sucker Punch","Blur","Outmaneuver"],"picked":"SKIP","floor":25},{"not_picked":["Blade Dance","Backflip","Predator"],"picked":"Singing Bowl","floor":28},{"not_picked":["Flying Knee","A Thousand Cuts"],"picked":"Accuracy","floor":30},{"not_picked":["Poisoned Stab","Sucker Punch+1","Accuracy"],"picked":"Singing Bowl","floor":31},{"not_picked":["Malaise","Corpse Explosion","Envenom"],"picked":"Singing Bowl","floor":33},{"not_picked":["Reflex","Expertise+1"],"picked":"Backstab+1","floor":35},{"not_picked":["Deflect","Outmaneuver","Skewer+1"],"picked":"Singing Bowl","floor":38},{"not_picked":["Dash+1","Bane","Skewer"],"picked":"Singing Bowl","floor":39},{"not_picked":["Masterful Stab","Underhanded Strike+1","Bouncing Flask"],"picked":"Singing Bowl","floor":41},{"not_picked":["Prepared","Acrobatics"],"picked":"Bane+1","floor":48},{"not_picked":["Flying Knee+1","Unload","Dodge and Roll+1"],"picked":"Singing Bowl","floor":54}],"player_experience":283387,"relics_obtained":[{"floor":7,"key":"Darkstone Periapt"},{"floor":9,"key":"Oddly Smooth Stone"},{"floor":10,"key":"Shuriken"},{"floor":13,"key":"Regal Pillow"},{"floor":23,"key":"Bag of Marbles"},{"floor":26,"key":"Singing Bowl"},{"floor":30,"key":"Juzu Bracelet"},{"floor":31,"key":"Red Mask"},{"floor":38,"key":"WingedGreaves"},{"floor":41,"key":"Pen Nib"},{"floor":54,"key":"Blue Candle"}],"event_choices":[{"damage_healed":0,"gold_gain":0,"player_choice":"Success","damage_taken":7,"relics_obtained":["Pantograph"],"max_hp_gain":0,"max_hp_loss":0,"event_name":"Scrap Ooze","floor":2,"gold_loss":0},{"damage_healed":0,"gold_gain":0,"player_choice":"Take Damage","damage_taken":17,"relics_obtained":["Golden Idol"],"max_hp_gain":0,"max_hp_loss":0,"event_name":"Golden Idol","floor":3,"gold_loss":0},{"damage_healed":0,"gold_gain":0,"player_choice":"Ignored","damage_taken":0,"max_hp_gain":0,"max_hp_loss":0,"event_name":"Liars Game","floor":4,"gold_loss":0},{"cards_removed":["Poisoned Stab"],"damage_healed":0,"gold_gain":0,"player_choice":"Give","damage_taken":0,"max_hp_gain":0,"max_hp_loss":0,"event_name":"betterNote:BetterNote","floor":19,"gold_loss":0,"cards_obtained":["None"]},{"damage_healed":0,"gold_gain":100,"player_choice":"Bet on Murderer","damage_taken":0,"max_hp_gain":0,"max_hp_loss":0,"event_name":"The Joust","floor":21,"gold_loss":50},{"damage_healed":0,"gold_gain":0,"player_choice":"Fought Bandits","damage_taken":0,"max_hp_gain":0,"max_hp_loss":0,"event_name":"Masked Bandits","floor":31,"gold_loss":0},{"cards_removed":["Dagger Spray"],"damage_healed":0,"gold_gain":0,"player_choice":"Removed Attack","damage_taken":0,"max_hp_gain":0,"max_hp_loss":0,"event_name":"Falling","floor":36,"gold_loss":0},{"damage_healed":0,"gold_gain":0,"player_choice":"Fight","damage_taken":0,"max_hp_gain":0,"max_hp_loss":0,"event_name":"MindBloom","floor":38,"gold_loss":0},{"damage_healed":0,"gold_gain":222,"player_choice":"Wore Mask","damage_taken":0,"max_hp_gain":0,"max_hp_loss":0,"event_name":"Tomb of Lord Red Mask","floor":42,"gold_loss":0}],"is_beta":false,"boss_relics":[{"not_picked":["Runic Pyramid","Busted Crown"],"picked":"Pandora\u0027s Box"},{"not_picked":["Fusion Hammer","Coffee Dripper"],"picked":"Astrolabe"}],"items_purged_floors":[27,37],"is_endless":false,"potions_floor_spawned":[1,7,14,16,22,25,28,30,39,41,54],"killed_by":"The Heart","ascension_level":1}}