{"host":"6qo42zgaknezulyg","time":1612014576,"event":{"mods":["2.2 Compatiblity","BaseMod","Faster Ascension Climbing","Keyboard Shortcuts","Minty Spire (QoL Compilation)","Permanent Neow","Quick Restart","StSLib","SuperFastMode","The Necromancer"],"gold_per_floor":[11,25,25,45,45,45,78,78,102,122,122,166,200,209,209,313,313,336,336,35,58,58,58,58],"floor_reached":23,"language":"ENG","playtime":706,"items_purged":[],"score":398,"play_id":"b3712ca7-6a4f-40fa-bb7f-7d8b3e605922","local_time":"20210130224936","is_ascension_mode":true,"campfire_choices":[{"data":"Blood_Shield","floor":6.0,"key":"SMITH"},{"data":"Scare","floor":8,"key":"SMITH"},{"data":"Plague_Bolt","floor":11,"key":"SMITH"},{"data":"Shackles_Of_Pain","floor":15,"key":"SMITH"}],"circlet_count":0,"master_deck":["AscendersBane","Defend_W","Defend_W","Defend_W","Defend_W","Negative_Energy_Arrows","Bone_Wall","Siphon_Strength","Vampiric_Strike","Necrotic_Claws+1","Plague_Bolt+1","Blood_Shield+1","Scare+1","Violent_Necrosis","Shackles_Of_Pain+1","Summon_Undead","Hellfire","Cloudkill"],"relics":["Vampire_Amulet","Golden Idol","Ancient Tea Set","CeramicFish","Matryoshka","Snecko Eye","The Courier","Bottled Lightning","Membership Card","Pantograph","Happy Flower"],"acts_visited":["Exordium","TheCity"],"potions_floor_usage":[7,12,23],"damage_taken":[{"damage":2.0,"enemies":"Small Slimes","floor":1.0,"turns":5.0},{"damage":0.0,"enemies":"Jaw Worm","floor":2.0,"turns":3.0},{"damage":0.0,"enemies":"Cultist","floor":4.0,"turns":3.0},{"damage":16,"enemies":"Gremlin Nob","floor":7,"turns":4},{"damage":5,"enemies":"Blue Slaver","floor":10,"turns":4},{"damage":8,"enemies":"Lagavulin","floor":12,"turns":5},{"damage":11,"enemies":"Red Slaver","floor":13,"turns":4},{"damage":11,"enemies":"Hexaghost","floor":16,"turns":10},{"damage":25,"enemies":"2 Thieves","floor":18,"turns":4},{"damage":10,"enemies":"Chosen","floor":21,"turns":4},{"damage":41,"enemies":"Slavers","floor":23,"turns":3}],"seed_played":"-7655801445899789273","potions_obtained":[{"floor":2.0,"key":"FearPotion"},{"floor":10,"key":"Swift Potion"},{"floor":21,"key":"Weak Potion"}],"is_trial":false,"path_per_floor":["M","M","?","M","?","R","E","R","T","M","R","E","M","?","R","B",null,"M","T","$","M","?","E"],"character_chosen":"NECROMANCER","items_purchased":["Membership Card","Pantograph","Happy Flower"],"campfire_rested":0,"item_purchase_floors":[20,20,20],"current_hp_per_floor":[70,71,64,64,57,57,46,46,46,43,43,40,34,34,34,40,58,48,48,48,40,40,2,2],"gold":58,"neow_bonus":"TRANSFORM_TWO_CARDS","is_daily":false,"chose_seed":true,"campfire_upgraded":4,"win_rate":0.0,"timestamp":1612014576,"path_taken":["M","M","?","M","?","R","E","R","T","M","R","E","M","?","R","BOSS","M","?","$","M","?","E"],"items_purchased_type":["Relic","Relic","Relic"],"build_version":"2020-12-22","purchased_purges":0,"victory":false,"max_hp_per_floor":[71,71,64,64,64,64,64,64,64,64,64,64,64,64,64,64,64,64,64,64,64,64,64,64],"card_choices":[{"not_picked":["Death_Coil","Acid_Javelin"],"picked":"Necrotic_Claws","floor":1.0},{"not_picked":["Negative_Energy_Shield","Death_March_Dance"],"picked":"Plague_Bolt","floor":2.0},{"not_picked":["Strike_from_Beyond","Necrotic_Claws"],"picked":"Blood_Shield","floor":4.0},{"not_picked":["Finger_Of_Death","Blood_Shield"],"picked":"Scare","floor":7},{"not_picked":["Thousand_Bone_Knives","Toxic_Smoke_Screen","Bone_Armor"],"picked":"SKIP","floor":10},{"not_picked":["Necrotic_Claws","Death_Coil"],"picked":"Violent_Necrosis","floor":12},{"not_picked":["Toxic_Smoke_Screen","Negative_Energy_Sphere"],"picked":"Shackles_Of_Pain","floor":13},{"not_picked":["Detonate_Bones","Blood_Magic"],"picked":"Hellfire","floor":16},{"not_picked":["Negative_Energy_Javelin+1","Negative_Energy_Mist","Blood_Curse"],"picked":"SKIP","floor":18},{"not_picked":["Life_Tap","Negative_Energy_Burst"],"picked":"Cloudkill","floor":21}],"player_experience":730220,"relics_obtained":[{"floor":7,"key":"Ancient Tea Set"},{"floor":9,"key":"CeramicFish"},{"floor":12,"key":"Matryoshka"},{"floor":19,"key":"The Courier"},{"floor":19,"key":"Bottled Lightning"}],"event_choices":[{"damage_healed":0.0,"max_hp_gain":0.0,"max_hp_loss":7.0,"gold_gain":0.0,"event_name":"Golden Idol","player_choice":"Lose Max HP","floor":3.0,"gold_loss":0.0,"damage_taken":0.0,"relics_obtained":["Golden Idol"]},{"cards_removed":["Strike_W"],"damage_healed":0.0,"max_hp_gain":0.0,"max_hp_loss":0.0,"gold_gain":0.0,"event_name":"Golden Wing","player_choice":"Card Removal","floor":5.0,"gold_loss":0.0,"damage_taken":7.0},{"damage_healed":0,"gold_gain":0,"cards_transformed":["Strike_W"],"player_choice":"Transformed","damage_taken":0,"max_hp_gain":0,"max_hp_loss":0,"event_name":"Transmorgrifier","floor":14,"gold_loss":0,"cards_obtained":["Summon_Undead"]},{"damage_healed":0,"gold_gain":0,"player_choice":"Forge","damage_taken":0,"max_hp_gain":0,"max_hp_loss":0,"event_name":"Accursed Blacksmith","floor":22,"gold_loss":0,"cards_upgraded":["Necrotic_Claws"]}],"is_beta":false,"boss_relics":[{"not_picked":["Empty Cage","Astrolabe"],"picked":"Snecko Eye"}],"items_purged_floors":[],"is_endless":false,"potions_floor_spawned":[2,10,21],"killed_by":"Slavers","ascension_level":20}}