{"host":"w3d3m1yxg9zt90yy","time":1612040272,"event":{"mods":["BaseMod","Colored Map","Infinite Spire","Minty Spire (QoL Compilation)","Quick Restart","Replay The Spire","Shop Mod","StSLib","The Bladedancer","The Necromancer"],"gold_per_floor":[109,127,127,176,176,211,230,230,230,230,257,257,96,107,107,206,256,267,21,32,49,65,97,114,114,140,140,164,164,164,195,195,298,298,312,322,322,322],"floor_reached":37,"language":"ENG","playtime":1831,"items_purged":["Strike_W"],"score":487,"play_id":"ce633780-c5f1-4b04-92d3-b06ee5b6a957","local_time":"20210130145752","is_ascension_mode":true,"campfire_choices":[{"data":"Bone_Bullets","floor":8.0,"key":"SMITH"},{"data":"Blood_Shield","floor":10.0,"key":"SMITH"},{"data":"Bone_Wall","floor":15.0,"key":"SMITH"},{"floor":25.0,"key":"REST"},{"data":"Finger_Of_Death","floor":27.0,"key":"SMITH"}],"circlet_count":0,"master_deck":["Defend_W","Defend_W","Defend_W","Defend_W","Negative_Energy_Arrows","Bone_Wall+1","Bone_Bullets+1","Summon_Undead+1","Blood_Shield+1","Negative_Energy_Sphere","Whirlwind_of_Bones+1","Summon_Undead_Army+1","Bone_Armor+1","Summon_Vampire_Lady+1","Exploit","Bones_to_Steel+1","Bone_Armory+1","Mayhem+1","Summon_Lich","Finger_Of_Death+1","Bone_Shift+1","Life_Tap","Skeleton_Dragon+1","Flesh_Made_Foul"],"relics":["Vampire_Amulet","TungstenRod","Orichalcum","Vajra","Replay:Bottled Steam","Juzu Bracelet","Golden Egg","Tiny House","Pear","Art of War","ReplayTheSpireMod:Lightbulb","Pet Ghost","Nloth\u0027s Gift","Blood Vial","Empty Cage"],"acts_visited":["Exordium","TheCity","TheBeyond"],"potions_floor_usage":[37],"damage_taken":[{"damage":0.0,"enemies":"Small Slimes","floor":1.0,"turns":1.0},{"damage":0.0,"enemies":"Gremlin Nob","floor":6.0,"turns":1.0},{"damage":0.0,"enemies":"Jaw Worm","floor":7.0,"turns":1.0},{"damage":6.0,"enemies":"Lagavulin","floor":11.0,"turns":7.0},{"damage":0.0,"enemies":"2 Louse","floor":14.0,"turns":2.0},{"damage":17.0,"enemies":"Fading Forest","floor":16.0,"turns":11.0},{"damage":0.0,"enemies":"Spheric Guardian","floor":18.0,"turns":3.0},{"damage":14.0,"enemies":"Chosen","floor":20.0,"turns":5.0},{"damage":30.0,"enemies":"Centurion and Healer","floor":21.0,"turns":7.0},{"damage":16.0,"enemies":"Shelled Parasite and Fungi","floor":22.0,"turns":5.0},{"damage":64.0,"enemies":"Slavers","floor":23.0,"turns":6.0},{"damage":23.0,"enemies":"Snake Plant","floor":24.0,"turns":5.0},{"damage":4.0,"enemies":"Book of Stabbing","floor":31.0,"turns":6.0},{"damage":28.0,"enemies":"Champ","floor":33.0,"turns":12.0},{"damage":29.0,"enemies":"Orb Walker","floor":35.0,"turns":5.0},{"damage":30.0,"enemies":"3 Shapes","floor":36.0,"turns":5.0},{"damage":58,"enemies":"Transient","floor":37,"turns":5}],"seed_played":"-2946929056216595142","potions_obtained":[{"floor":7.0,"key":"Weak Potion"},{"floor":11.0,"key":"Fire Potion"},{"floor":14.0,"key":"Strength Potion"},{"floor":17.0,"key":"LifebloodPotion"},{"floor":22.0,"key":"Elixir"},{"floor":31.0,"key":"Cursed Concoction"}],"is_trial":false,"path_per_floor":["M","?","?","T","?","E","M","R","T","R","E","?","$","M","R","B",null,"M","$","M","M","M","E","M","R","T","R","T","?","?","E","R_BF","B",null,"M","M","M"],"character_chosen":"NECROMANCER","items_purchased":["Summon_Undead_Army","Bone_Armor","Bone_Armory","Mayhem"],"campfire_rested":1,"item_purchase_floors":[13,13,19,19],"current_hp_per_floor":[75,57,57,57,57,59,61,61,61,61,57,57,57,67,67,75,80,80,80,71,60,54,30,12,39,39,39,39,39,39,43,70,90,90,75,56,0,0],"gold":322,"neow_bonus":"THREE_ENEMY_KILL","is_daily":false,"chose_seed":false,"campfire_upgraded":4,"win_rate":0.0,"timestamp":1612040272,"path_taken":["M","?","?","?","?","E","M","R","T","R","E","?","?","M","R","BOSS","M","$","M","M","M","E","M","R","T","R","?","?","?","E","R_BF","BOSS","M","M","M"],"items_purchased_type":["Card","Card","Card","Card"],"build_version":"2020-12-22","purchased_purges":1,"victory":false,"max_hp_per_floor":[75,75,75,75,75,75,75,75,75,75,75,75,75,75,75,75,80,80,80,80,80,80,90,90,90,90,90,90,90,90,90,90,90,90,90,90,90,90],"card_choices":[{"not_picked":["Finger_Of_Death","Necromantic_Selection"],"picked":"Bone_Bullets","floor":1.0},{"not_picked":["Hellfire","Chill_Blood"],"picked":"Summon_Undead","floor":2.0},{"not_picked":["Bone_Prison","Epidemic"],"picked":"Blood_Shield","floor":6.0},{"not_picked":["Violent_Necrosis","Corrupt"],"picked":"Negative_Energy_Sphere","floor":7.0},{"not_picked":["Strike_from_Beyond","Death_Coil"],"picked":"Whirlwind_of_Bones","floor":11.0},{"not_picked":["Negative_Energy_Mist","Siphon_Strength","Plague_Bolt"],"picked":"SKIP","floor":14.0},{"not_picked":["Grasp_Heart","Blood_Magic"],"picked":"Summon_Vampire_Lady","floor":16.0},{"not_picked":["Negative_Energy_Burst","Negative_Energy_Shield"],"picked":"Exploit","floor":17.0},{"not_picked":["Finger_Of_Death","Negative_Energy_Shield"],"picked":"Bones_to_Steel","floor":18.0},{"not_picked":["Shackles_Of_Pain","Negative_Energy_Sphere"],"picked":"Summon_Lich","floor":20.0},{"not_picked":["Negative_Energy_Shield","Negative_Energy_Mist"],"picked":"Finger_Of_Death","floor":21.0},{"not_picked":["Blood_Curse","Scare"],"picked":"Bone_Shift+1","floor":22.0},{"not_picked":["Bones_to_Steel","Consume_Illness","Blood_Curse"],"picked":"SKIP","floor":23.0},{"not_picked":["Necromantic_Selection","Blood_Magic"],"picked":"Life_Tap","floor":24.0},{"not_picked":["Reap_The_Weak","Necrotic_Claws+1","Shackles_Of_Pain"],"picked":"SKIP","floor":31.0},{"not_picked":["Reap_The_Weak","Grasp_Heart"],"picked":"Skeleton_Dragon","floor":33.0},{"not_picked":["Negative_Energy_Javelin","Slay_Living+1","Toxic_Smoke_Screen"],"picked":"SKIP","floor":35.0},{"not_picked":["Finger_Of_Death","Blood_for_Blood"],"picked":"Flesh_Made_Foul","floor":36}],"player_experience":163021,"relics_obtained":[{"floor":2.0,"key":"TungstenRod"},{"floor":4.0,"key":"Orichalcum"},{"floor":6.0,"key":"Vajra"},{"floor":9.0,"key":"Replay:Bottled Steam"},{"floor":11.0,"key":"Juzu Bracelet"},{"floor":23.0,"key":"Pear"},{"floor":26.0,"key":"Art of War"},{"floor":28.0,"key":"ReplayTheSpireMod:Lightbulb"},{"floor":31.0,"key":"Blood Vial"}],"event_choices":[{"cards_removed":["Strike_W"],"damage_healed":0.0,"max_hp_gain":0.0,"max_hp_loss":0.0,"gold_gain":0.0,"event_name":"Living Wall","player_choice":"Forget","floor":3.0,"gold_loss":0.0,"damage_taken":0.0},{"damage_healed":0.0,"max_hp_gain":0.0,"max_hp_loss":0.0,"gold_gain":0.0,"event_name":"WeMeetAgain","player_choice":"Gave Potion","floor":12.0,"gold_loss":0.0,"damage_taken":0.0,"relics_obtained":["Golden Egg"]},{"damage_healed":0.0,"max_hp_gain":0.0,"max_hp_loss":0.0,"gold_gain":0.0,"event_name":"N\u0027loth","player_choice":"Traded Relic","floor":30.0,"relics_lost":["NeowsBlessing"],"gold_loss":0.0,"damage_taken":0.0,"relics_obtained":["Nloth\u0027s Gift"]}],"is_beta":false,"boss_relics":[{"not_picked":["Fusion Hammer","ChewingGum"],"picked":"Tiny House"},{"not_picked":["Replay:Wanted Poster","Replay:Ancient Bell"],"picked":"Empty Cage"}],"items_purged_floors":[13],"is_endless":false,"potions_floor_spawned":[7,11,14,20,22,31,35,36],"killed_by":"Transient","ascension_level":1}}