{"host":"5p9hybygolzp0efr","time":1612010517,"event":{"mods":["AchievementEnabler","BaseMod","Bestiary","Colored Map","Minty Spire (QoL Compilation)","Permanent Neow","Relic Stats","StSLib"],"gold_per_floor":[116,132,142,153,153,185,185,42,42,42,55,89,107,123,123,123,123],"floor_reached":16,"language":"ENG","playtime":608,"items_purged":[],"score":160,"play_id":"d2cdaaa4-36ea-453e-a9c6-5e226e9af8dd","local_time":"20210130204157","is_ascension_mode":true,"campfire_choices":[{"data":"Eruption","floor":7,"key":"SMITH"},{"data":"PathToVictory","floor":10,"key":"SMITH"},{"data":"Halt","floor":15,"key":"SMITH"}],"circlet_count":0,"master_deck":["Strike_P","Strike_P","Strike_P","Defend_P","Defend_P","Defend_P","Defend_P","Eruption+1","Vigilance","PathToVictory+1","Protect","Prostrate","ThirdEye","Consecrate","Meditate","Halt+1"],"relics":["Coffee Dripper","Strawberry","Vajra","Darkstone Periapt","Turnip"],"acts_visited":["Exordium"],"potions_floor_usage":[12,12,16],"damage_taken":[{"damage":0,"enemies":"Cultist","floor":1,"turns":3},{"damage":1,"enemies":"Small Slimes","floor":2,"turns":3},{"damage":7,"enemies":"2 Louse","floor":3,"turns":2},{"damage":21,"enemies":"Lots of Slimes","floor":4,"turns":7},{"damage":17,"enemies":"Lagavulin","floor":6,"turns":8},{"damage":3,"enemies":"3 Louse","floor":11,"turns":3},{"damage":5,"enemies":"Gremlin Nob","floor":12,"turns":3},{"damage":0,"enemies":"Exordium Wildlife","floor":13,"turns":2},{"damage":10,"enemies":"Gremlin Gang","floor":14,"turns":6},{"damage":54,"enemies":"Slime Boss","floor":16,"turns":3}],"seed_played":"-2900171803230828065","potions_obtained":[{"floor":1,"key":"Dexterity Potion"},{"floor":3,"key":"Strength Potion"},{"floor":6,"key":"FearPotion"},{"floor":14,"key":"Fire Potion"}],"is_trial":false,"path_per_floor":["M","M","M","M","?","E","R","$","T","R","M","E","M","M","R","B"],"character_chosen":"WATCHER","items_purchased":["Vajra"],"campfire_rested":0,"item_purchase_floors":[8],"current_hp_per_floor":[65,64,57,36,36,26,26,26,26,26,23,18,18,8,8,0,0],"gold":123,"neow_bonus":"BOSS_RELIC","is_daily":false,"chose_seed":false,"campfire_upgraded":3,"win_rate":0.0,"timestamp":1612010517,"path_taken":["M","M","?","M","?","E","R","?","T","R","M","E","M","M","R","BOSS"],"items_purchased_type":["Relic"],"build_version":"2020-12-22","purchased_purges":0,"victory":false,"max_hp_per_floor":[72,72,72,72,72,79,79,79,79,79,79,79,79,79,79,79,79],"relic_stats":{"Darkstone Periapt":0,"counters":[10,40],"Turnip":[0],"obtain_stats":[{"Darkstone Periapt":9,"Strawberry":6,"Vajra":8,"Turnip":12,"Coffee Dripper":0,"PureWater":0},{"Darkstone Periapt":5,"Strawberry":5,"Vajra":5,"Turnip":7,"Coffee Dripper":0,"PureWater":0},{"Darkstone Periapt":23,"Strawberry":23,"Vajra":23,"Turnip":29,"Coffee Dripper":0,"PureWater":0}]},"card_choices":[{"not_picked":["FollowUp","EmptyBody"],"picked":"PathToVictory","floor":1},{"not_picked":["Fasting2","ForeignInfluence"],"picked":"Protect","floor":2},{"not_picked":["Evaluate","FlurryOfBlows"],"picked":"Prostrate","floor":3},{"not_picked":["Study","SpiritShield","EmptyBody"],"picked":"SKIP","floor":4},{"not_picked":["DeusExMachina","EmptyFist"],"picked":"ThirdEye","floor":6},{"not_picked":["Vengeance","SashWhip"],"picked":"Consecrate","floor":11},{"not_picked":["Adaptation","EmptyMind"],"picked":"Meditate","floor":12},{"not_picked":["FlyingSleeves","Consecrate","WaveOfTheHand"],"picked":"SKIP","floor":13},{"not_picked":["FollowUp","FlyingSleeves"],"picked":"Halt","floor":14}],"player_experience":575328,"relics_obtained":[{"floor":6,"key":"Strawberry"},{"floor":9,"key":"Darkstone Periapt"},{"floor":12,"key":"Turnip"}],"event_choices":[{"cards_removed":["Strike_P"],"damage_healed":0,"gold_gain":0,"player_choice":"Offered Basic","damage_taken":0,"max_hp_gain":0,"max_hp_loss":0,"event_name":"Bonfire Elementals","floor":5,"gold_loss":0}],"is_beta":false,"boss_relics":[],"items_purged_floors":[],"is_endless":false,"potions_floor_spawned":[1,3,6,14],"killed_by":"Slime Boss","ascension_level":8}}