{"host":"k0n8pgjylnovu342","time":1612044586,"event":{"mods":["BaseMod","Beaked The Cultist","Colored Powertips","Downfall","Fox Events","Hermit","Hubris","Minty Spire (QoL Compilation)","Replay The Spire","Shop Mod","Spikes Relics","StSLib","The Cursed","The Disciple","The Jungle","The Runesmith","The Servant 0.9.4","The Witch","TheBandit"],"gold_per_floor":[153,210,267,297,351,453,19,121,121,199,280,376,55,139,139,442,442,493,119,158,158,27,132,222,327,379,484,586,631,103,187,187,493,493,532,285,336,55,55,168,258,360,360,462,462,54,140,192,516,558],"floor_reached":51,"language":"ENG","playtime":11274,"items_purged":["Runesmith:Duplicate","Runesmith:MetallurgicalResearch","Runesmith:CraftFirestone","Runesmith:Duplicate"],"score":1355,"play_id":"387b1e68-f418-4917-80cb-d5e28ef804cc","local_time":"20210130170946","daily_mods":["Heirloom","Flight","DeadlyEvents","Elite Swarm","Midas"],"is_ascension_mode":false,"campfire_choices":[{"floor":15.0,"key":"REST"}],"circlet_count":0,"master_deck":["Runesmith:RunicBlueprint","Runesmith:Fortify","Runesmith:HeatedChisel","Runesmith:HeatExchange","Runesmith:RunicBlueprint","Runesmith:UnstableHammer","Runesmith:Firestorm","Master of Strategy","Magnetism","Secret Technique","Sharp Hide","Runesmith:UnlimitedPower","Runesmith:MetallurgicalResearch","Runesmith:LithiumIon","Runesmith:LithiumIon","Bandage Up+1","Runesmith:CraftIncendium+1","Runesmith:EarthShield","Runesmith:ArcReactor","Runesmith:ArcReactor","Runesmith:DuctTape","Runesmith:EnergizedChisel","Runesmith:MetallurgicalResearch","Runesmith:BackupBattery","Runesmith:EnergizedChisel","Runesmith:WhiteBalance","Runesmith:BackupBattery","Runesmith:CraftIncendium+1","Runesmith:LithiumIon","Runesmith:Duplicate","HandOfGreed","PlatinumSkin","Runesmith:CraftProtectio+1","Apotheosis","Runesmith:Firestorm","Runesmith:ReplicatingBarrier","Runesmith:GenerateForcefield","Runesmith:FissionHammer","Runesmith:Supernova","ReplayTheSpireMod:Necrogeddon+1","Flash of Steel+1","Runesmith:CraftPrismatica","Runesmith:ElementalConversion","Runesmith:CraftIndustria","Pot Of Greed+1","Pot Of Greed+1","Pot Of Greed+1","Pot Of Greed+1","Runesmith:Terraform+1","Pot Of Greed+1","Mind Blast+1","Runesmith:Terraform+1","Runesmith:Firestorm","Runesmith:Repurpose+1","Panache+1","Runesmith:CraftPrismatica","Runesmith:CraftIndustria","Runesmith:Supernova","Runesmith:WhiteBalance","Runesmith:Firestorm","Runesmith:Accelerate","Runesmith:HeatExchange","Pot Of Greed+1"],"relics":["Runesmith:BrokenRuby","replay:Trail_Library","Bird Faced Urn","Omamori","Bag of Preparation","ReplayTheSpireMod:ShopPack","Iron Hammer","Mummified Hand","Runesmith:MiniCore","hubris:Teleporter","RetroEgg","Membership Card","Replay:Wax Seal","hubris:DeckOfHolding","Pandora\u0027s Box","sneckomod:BlankCard","Guardian:BottledAnomaly","hubris:BundleOfHerbs","WizardHat","Orichalcum","Replay:Baseball","hubris:Potato","SpikesRelics:ToyHorsey","RoseTintedShades","hubris:EmptyBottle","BlackRope","MealTicket","hubris:Backtick","Grinning Jar","CeramicFish","Runesmith:AutoHammer","BargainBundle","Onion Ring","bronze:BronzeIdol","CaptainsWheel","Bronze Scales","Replay:Bandana","ReplayTheSpireMod:TigerMarble","hubris:SphereOfDissonance","TheAbacus","Blue Candle","SnailShell","hexamod:BolsterEngine","Toy Ornithopter"],"acts_visited":["Exordium","theJungle:Jungle","TheBeyond"],"potions_floor_usage":[31,31,35,37,40,40,42,50,50,50,50,50],"damage_taken":[{"damage":0.0,"enemies":"Cultist","floor":1.0,"turns":3.0},{"damage":4.0,"enemies":"2 Louse","floor":2.0,"turns":3.0},{"damage":4.0,"enemies":"Jaw Worm","floor":3.0,"turns":4.0},{"damage":3.0,"enemies":"2 Fungi Beasts","floor":4.0,"turns":4.0},{"damage":4.0,"enemies":"3 Louse","floor":5.0,"turns":2.0},{"damage":21.0,"enemies":"Gremlin Nob","floor":6.0,"turns":4.0},{"damage":16.0,"enemies":"Lagavulin","floor":8.0,"turns":6.0},{"damage":6.0,"enemies":"Gremlin Nob","floor":10.0,"turns":3.0},{"damage":0.0,"enemies":"Lagavulin","floor":11.0,"turns":5.0},{"damage":0.0,"enemies":"Gremlin Nob","floor":12.0,"turns":3.0},{"damage":0.0,"enemies":"Replay:BlueRogue","floor":14.0,"turns":4.0},{"damage":25.0,"enemies":"Hexaghost","floor":16.0,"turns":5.0},{"damage":1.0,"enemies":"theJungle:5_Spyders","floor":18.0,"turns":3.0},{"damage":0.0,"enemies":"Shell Parasite","floor":20.0,"turns":1.0},{"damage":0.0,"enemies":"theJungle:2_Phrogs","floor":23.0,"turns":4.0},{"damage":24.0,"enemies":"theJungle:MamaSnecko","floor":24.0,"turns":7.0},{"damage":4.0,"enemies":"theJungle:Cassacara","floor":25.0,"turns":4.0},{"damage":0.0,"enemies":"theJungle:2_Phrogs","floor":27.0,"turns":5.0},{"damage":3.0,"enemies":"theJungle:Cassacara","floor":28.0,"turns":5.0},{"damage":23,"enemies":"theJungle:2_Flameangoes","floor":29,"turns":4},{"damage":2,"enemies":"theJungle:MamaSnecko","floor":31,"turns":4},{"damage":0,"enemies":"theJungle:TotemBoss","floor":33,"turns":4},{"damage":7,"enemies":"Orb Walker","floor":35,"turns":4},{"damage":0,"enemies":"3 Darklings","floor":37,"turns":2},{"damage":7,"enemies":"Giant Head","floor":40,"turns":4},{"damage":4,"enemies":"R_Hoarder","floor":41,"turns":6},{"damage":19,"enemies":"Reptomancer","floor":42,"turns":4},{"damage":0,"enemies":"Nemesis","floor":44,"turns":5},{"damage":21,"enemies":"R_Hoarder","floor":47,"turns":6},{"damage":3,"enemies":"Donu and Deca","floor":50,"turns":5}],"seed_played":"5013637334236851117","potions_obtained":[{"floor":2.0,"key":"Regen Potion"},{"floor":3.0,"key":"GamblersBrew"},{"floor":5.0,"key":"Adrenaline Potion"},{"floor":6.0,"key":"hexamod:SoulburnPotion"},{"floor":11.0,"key":"Adrenaline Potion"},{"floor":14.0,"key":"GamblersBrew"},{"floor":20.0,"key":"Venom Potion"},{"floor":24.0,"key":"Flashbang"},{"floor":27.0,"key":"SkillPotion"},{"floor":29,"key":"SteroidPotion"},{"floor":33,"key":"hexamod:SoulburnPotion"},{"floor":35,"key":"BlessingOfTheForge"},{"floor":42,"key":"Fire Potion"},{"floor":44,"key":"AttackPotion"}],"is_trial":true,"path_per_floor":["M","M","M","M","M","E","$","E","T","E","E","E","$","E","R","B",null,"M","$","M","?","$","E","E","E","T","E","E","M","$","E","R","B",null,"M","$","M","$","?","E","E","E","T","E","?","$","E","T","R","B",null],"character_chosen":"RUNESMITH_CLASS","items_purchased":["Bag of Preparation","ReplayTheSpireMod:ShopPack","Master of Strategy","Membership Card","Replay:Wax Seal","Runesmith:LithiumIon","Bandage Up","Runesmith:CraftIncendium","Runesmith:EarthShield","Runesmith:LithiumIon","Runesmith:Duplicate","HandOfGreed","PlatinumSkin","sneckomod:BlankCard","Guardian:BottledAnomaly","Apotheosis","Runesmith:Firestorm","RoseTintedShades","hubris:EmptyBottle","ReplayTheSpireMod:Necrogeddon","Flash of Steel","BlackRope","Mind Blast","CeramicFish","Runesmith:AutoHammer","BargainBundle","Onion Ring","bronze:BronzeIdol","Runesmith:Firestorm","Runesmith:Repurpose","Panache","TheAbacus","Blue Candle","SnailShell","Runesmith:WhiteBalance","Runesmith:Firestorm"],"campfire_rested":1,"item_purchase_floors":[7,7,7,13,13,13,13,13,13,19,19,19,19,19,19,22,22,30,30,30,30,30,36,36,36,38,38,38,38,38,38,46,46,46,46,46],"current_hp_per_floor":[70,66,62,59,55,48,48,36,36,32,36,42,42,58,70,55,70,70,70,70,70,70,70,67,70,70,70,70,61,61,70,70,70,70,70,70,70,70,70,70,70,66,66,70,70,70,59,59,59,70],"gold":558,"neow_bonus":"","is_daily":false,"chose_seed":false,"campfire_upgraded":0,"win_rate":0.0,"timestamp":1612044586,"path_taken":["M","M","M","M","M","E","$","E","T","E","E","E","$","E","R","BOSS","M","$","?","?","$","E","E","E","T","E","E","M","$","E","R","BOSS","M","$","M","$","?","E","E","E","T","E","?","$","E","?","R","BOSS"],"items_purchased_type":["Relic","Relic","Card","Relic","Relic","Card","Card","Card","Card","Card","Card","Card","Card","Relic","Relic","Card","Card","Relic","Relic","Card","Card","Relic","Card","Relic","Relic","Relic","Relic","Relic","Card","Card","Card","Relic","Relic","Relic","Card","Card"],"build_version":"2020-12-22","purchased_purges":4,"victory":true,"max_hp_per_floor":[70,70,70,70,70,70,70,70,70,70,70,70,70,70,70,70,70,70,70,70,70,70,70,70,70,70,70,70,70,70,70,70,70,70,70,70,70,70,70,70,70,70,70,70,70,70,70,70,70,70],"card_choices":[{"not_picked":["Runesmith:CraftProtectio","Runesmith:Electrocute"],"picked":"Runesmith:HeatedChisel","floor":1.0},{"not_picked":["Runesmith:RuneHurl","Runesmith:Empowerment"],"picked":"Runesmith:HeatExchange","floor":2.0},{"not_picked":["Runesmith:ChiselStab","Runesmith:MakeshiftArmor"],"picked":"Runesmith:RunicBlueprint","floor":3.0},{"not_picked":["Runesmith:Overpower","Runesmith:ShiftingStrike"],"picked":"Runesmith:UnstableHammer","floor":4.0},{"not_picked":["Runesmith:Accelerate","Runesmith:BackupBattery"],"picked":"Runesmith:Firestorm","floor":5.0},{"not_picked":["Runesmith:ArcReactor","Runesmith:LightningRod"],"picked":"Runesmith:Duplicate","floor":6.0},{"not_picked":["Violence","hubris:EnhanceAbility"],"picked":"Magnetism","floor":7.0},{"not_picked":["Forethought","Dark Shackles"],"picked":"Secret Technique","floor":7.0},{"not_picked":["Replay:Parry","Replay:Sssssssssstrike"],"picked":"Sharp Hide","floor":7.0},{"not_picked":["Runesmith:DuctTape","Runesmith:CreatorForm"],"picked":"Runesmith:MetallurgicalResearch","floor":8.0},{"not_picked":["Runesmith:CreatorForm","Runesmith:CraftPrismatica"],"picked":"Runesmith:UnlimitedPower","floor":10.0},{"not_picked":["Runesmith:Supernova","Runesmith:GrandSlam"],"picked":"Runesmith:MetallurgicalResearch","floor":11.0},{"not_picked":["Runesmith:FissionHammer","Runesmith:Duplicate","Runesmith:GenerateForcefield"],"picked":"SKIP","floor":12.0},{"not_picked":["Runesmith:MetallurgicalResearch","Runesmith:FissionHammer"],"picked":"Runesmith:ArcReactor","floor":14.0},{"not_picked":["Runesmith:MetallurgicalResearch","Runesmith:Supernova"],"picked":"Runesmith:ArcReactor","floor":16.0},{"not_picked":["Runesmith:Repurpose","Runesmith:ShiftingStrike"],"picked":"Runesmith:CraftIncendium","floor":18.0},{"not_picked":["Runesmith:RuneHurl","Runesmith:ElementalConversion+1"],"picked":"Runesmith:CraftProtectio","floor":20.0},{"not_picked":["Runesmith:Supernova","Runesmith:DuctTape"],"picked":"Runesmith:ReplicatingBarrier","floor":23.0},{"not_picked":["Runesmith:LastStand","Runesmith:FissionHammer"],"picked":"Runesmith:GenerateForcefield","floor":24.0},{"not_picked":["Runesmith:ReplicatingBarrier","Runesmith:GrandSlam"],"picked":"Runesmith:FissionHammer","floor":25.0},{"not_picked":["Runesmith:ReplicatingBarrier","Runesmith:CreatorForm"],"picked":"Runesmith:Supernova","floor":27.0},{"not_picked":["Runesmith:ArcReactor","Runesmith:CraftMedicinae","Runesmith:FissionHammer"],"picked":"SKIP","floor":28},{"not_picked":["Runesmith:FieryHammer+1","Runesmith:MakeshiftArmor","Runesmith:FrozenChisel"],"picked":"SKIP","floor":29},{"not_picked":["Runesmith:GenerateForcefield","Runesmith:UnlimitedPower"],"picked":"Runesmith:CraftPrismatica","floor":31},{"not_picked":["Runesmith:CraftMedicinae","Runesmith:LastStand"],"picked":"Runesmith:CraftIndustria","floor":33},{"not_picked":["Runesmith:ChiselStab","Runesmith:EnergizedChisel+1"],"picked":"Runesmith:Terraform+1","floor":35},{"not_picked":["Runesmith:BackupBattery","Runesmith:CraftProtectio+1"],"picked":"Runesmith:Terraform+1","floor":37},{"not_picked":["Runesmith:ArcReactor","Runesmith:LightningRod","Runesmith:MetallurgicalResearch"],"picked":"SKIP","floor":40},{"not_picked":["Runesmith:ReplicatingBarrier","Runesmith:MetallurgicalResearch"],"picked":"Runesmith:CraftPrismatica","floor":41},{"not_picked":["Runesmith:Duplicate","Runesmith:UnlimitedPower"],"picked":"Runesmith:CraftIndustria","floor":42},{"not_picked":["Runesmith:CraftMedicinae","Runesmith:ReplicatingBarrier"],"picked":"Runesmith:Supernova","floor":44},{"not_picked":["Runesmith:LightningRod","Runesmith:FissionHammer","Runesmith:UnlimitedPower"],"picked":"SKIP","floor":47},{"not_picked":["Runesmith:ChiselStab+1","Runesmith:CraftMagma+1"],"picked":"Runesmith:HeatExchange","floor":49}],"player_experience":189056,"relics_obtained":[{"floor":6.0,"key":"Omamori"},{"floor":8.0,"key":"Iron Hammer"},{"floor":9.0,"key":"Mummified Hand"},{"floor":10.0,"key":"Runesmith:MiniCore"},{"floor":11.0,"key":"hubris:Teleporter"},{"floor":12.0,"key":"RetroEgg"},{"floor":14.0,"key":"hubris:DeckOfHolding"},{"floor":23.0,"key":"hubris:BundleOfHerbs"},{"floor":24.0,"key":"WizardHat"},{"floor":25.0,"key":"Orichalcum"},{"floor":26.0,"key":"Replay:Baseball"},{"floor":27.0,"key":"hubris:Potato"},{"floor":28,"key":"SpikesRelics:ToyHorsey"},{"floor":31,"key":"MealTicket"},{"floor":40,"key":"CaptainsWheel"},{"floor":41,"key":"Bronze Scales"},{"floor":42,"key":"Replay:Bandana"},{"floor":43,"key":"ReplayTheSpireMod:TigerMarble"},{"floor":44,"key":"hubris:SphereOfDissonance"},{"floor":47,"key":"hexamod:BolsterEngine"},{"floor":48,"key":"Toy Ornithopter"}],"event_choices":[],"is_beta":false,"boss_relics":[{"not_picked":["Sandwich","Abe\u0027s Treasure"],"picked":"Pandora\u0027s Box"},{"not_picked":["CosmicIsotope","Astrolabe"],"picked":"hubris:Backtick"}],"items_purged_floors":[30,36,38,46],"is_endless":false,"potions_floor_spawned":[2,3,5,6,11,14,20,24,27,29,33,35,42,44],"ascension_level":0}}