{"host":"gcl0wx4kxpuh49bt","time":1612016718,"event":{"mods":["AchievementEnabler","BaseMod","DeckTracker","Minty Spire (QoL Compilation)","StSLib"],"gold_per_floor":[118,218,229,244,194,227,227,258,282,282,298,313,81,96,96,191,191,201,212,212,212],"floor_reached":20,"language":"KOR","playtime":826,"items_purged":["Strike_R"],"score":251,"play_id":"0e74b41e-0317-451b-9166-b966140fe72e","local_time":"20210130232518","is_ascension_mode":true,"campfire_choices":[{"floor":7,"key":"REST"},{"data":"Armaments","floor":10,"key":"SMITH"},{"data":"Fire Breathing","floor":15,"key":"SMITH"}],"circlet_count":0,"master_deck":["Strike_R","Defend_R","Defend_R","Defend_R","Bash","Headbutt","Armaments+1","Twin Strike","Pommel Strike","Demon Form","Sever Soul","Fire Breathing+1","Wild Strike","Corruption","Sever Soul+1","Pummel+1","Inflame+1","Thunderclap+1"],"relics":["Burning Blood","NeowsBlessing","PreservedInsect","Toy Ornithopter","Regal Pillow","Anchor","Astrolabe"],"acts_visited":["Exordium","TheCity"],"potions_floor_usage":[6,8,16],"damage_taken":[{"damage":0,"enemies":"Cultist","floor":1,"turns":1},{"damage":0,"enemies":"Small Slimes","floor":3,"turns":1},{"damage":0,"enemies":"2 Louse","floor":4,"turns":1},{"damage":51,"enemies":"Lagavulin","floor":6,"turns":7},{"damage":22,"enemies":"3 Sentries","floor":8,"turns":7},{"damage":6,"enemies":"2 Fungi Beasts","floor":11,"turns":4},{"damage":21,"enemies":"Lots of Slimes","floor":12,"turns":4},{"damage":10,"enemies":"Exordium Thugs","floor":14,"turns":6},{"damage":33,"enemies":"Hexaghost","floor":16,"turns":7},{"damage":41,"enemies":"Shell Parasite","floor":18,"turns":5},{"damage":19,"enemies":"3 Byrds","floor":19,"turns":5},{"damage":25,"enemies":"Cultist and Chosen","floor":20,"turns":3}],"seed_played":"-5234515038322864800","potions_obtained":[{"floor":1,"key":"Energy Potion"},{"floor":3,"key":"Regen Potion"},{"floor":4,"key":"SteroidPotion"}],"is_trial":false,"path_per_floor":["M","?","M","M","?","E","R","E","T","R","M","M","$","M","R","B",null,"M","M","M"],"character_chosen":"IRONCLAD","items_purchased":["Anchor"],"campfire_rested":1,"item_purchase_floors":[13],"current_hp_per_floor":[78,78,80,80,80,35,59,58,58,58,58,43,43,39,39,17,64,29,16,0,0],"gold":212,"neow_bonus":"THREE_ENEMY_KILL","is_daily":false,"chose_seed":false,"campfire_upgraded":2,"win_rate":0.0,"timestamp":1612016718,"path_taken":["M","?","M","?","?","E","R","E","T","R","M","M","$","M","R","BOSS","M","M","M"],"items_purchased_type":["Relic"],"build_version":"2020-12-22","purchased_purges":1,"victory":false,"max_hp_per_floor":[80,80,80,80,80,80,80,80,80,80,80,80,80,80,80,80,80,80,80,80,80],"card_choices":[{"not_picked":["Seeing Red","Clothesline"],"picked":"Headbutt","floor":1},{"not_picked":["Pommel Strike","Thunderclap"],"picked":"Armaments","floor":3},{"not_picked":["Clash","Wild Strike"],"picked":"Twin Strike","floor":4},{"not_picked":["Clash","Bloodletting"],"picked":"Pommel Strike","floor":6},{"not_picked":["Iron Wave","Perfected Strike"],"picked":"Demon Form","floor":8},{"not_picked":["Clothesline","Warcry"],"picked":"Sever Soul","floor":11},{"not_picked":["Havoc","Clothesline"],"picked":"Fire Breathing","floor":12},{"not_picked":["Intimidate","Cleave"],"picked":"Wild Strike","floor":14},{"not_picked":["Impervious","Fiend Fire"],"picked":"Corruption","floor":16},{"not_picked":["Flex","Iron Wave+1"],"picked":"Thunderclap+1","floor":18},{"not_picked":["Thunderclap","Anger","Berserk"],"picked":"SKIP","floor":19}],"player_experience":168156,"relics_obtained":[{"floor":6,"key":"PreservedInsect"},{"floor":8,"key":"Toy Ornithopter"},{"floor":9,"key":"Regal Pillow"}],"event_choices":[{"damage_healed":0,"gold_gain":100,"player_choice":"Gold","damage_taken":0,"max_hp_gain":0,"max_hp_loss":0,"event_name":"Wheel of Change","floor":2,"gold_loss":0},{"cards_removed":["Strike_R"],"damage_healed":0,"gold_gain":0,"player_choice":"Card Removal","damage_taken":0,"max_hp_gain":0,"max_hp_loss":0,"event_name":"The Cleric","floor":5,"gold_loss":50}],"is_beta":false,"boss_relics":[{"not_picked":["Cursed Key","Runic Pyramid"],"picked":"Astrolabe"}],"items_purged_floors":[13],"is_endless":false,"potions_floor_spawned":[1,3,4],"killed_by":"Cultist and Chosen","ascension_level":7}}