{"host":"ygr55oy7qe9vv2jr","time":1612002336,"event":{"mods":["BaseMod","Better Third Choice","Downfall","Minty Spire (QoL Compilation)","Replay The Spire","StSLib"],"gold_per_floor":[99,116,131,131,34,47,92,77,112,131,131,61,61,92,111,207,207,207],"floor_reached":16,"language":"ENG","playtime":918,"items_purged":[],"score":176,"play_id":"68645a5d-2652-44a9-b352-5eed65f5bdac","local_time":"20210130042536","is_ascension_mode":true,"campfire_choices":[{"data":"bronze:Replicate","floor":1,"key":"SMITH"},{"data":"bronze:Return","floor":11,"key":"SMITH"},{"floor":13,"key":"REST"}],"circlet_count":0,"master_deck":["bronze:Strike","bronze:Strike","bronze:Strike","bronze:Defend","bronze:Defend","bronze:Defend","bronze:Defend","bronze:Replicate+1","bronze:Goto","bronze:Overheat","bronze:GetLatest","bronze:Verify","bronze:DigitalCarnage","bronze:Boost","bronze:InfiniteBeams","bronze:Return+1","bronze:Repair","bronze:ChosenStrike","bronze:ChosenStrike","bronze:Fortify"],"relics":["bronze:BronzeCore","ReplayFunnel","Regal Pillow","Replay:Multitool"],"acts_visited":["Exordium"],"potions_floor_usage":[9,12,16],"damage_taken":[{"damage":6,"enemies":"2 Louse","floor":2,"turns":3},{"damage":1,"enemies":"Cultist","floor":3,"turns":3},{"damage":0,"enemies":"downfall:FleeingMerchant","floor":5,"turns":4},{"damage":2,"enemies":"Jaw Worm","floor":6,"turns":3},{"damage":2,"enemies":"downfall:FleeingMerchant","floor":8,"turns":4},{"damage":10,"enemies":"Gremlin Nob","floor":9,"turns":3},{"damage":11,"enemies":"Exordium Thugs","floor":10,"turns":4},{"damage":9,"enemies":"downfall:FleeingMerchant","floor":12,"turns":4},{"damage":11,"enemies":"3 Sentries","floor":14,"turns":6},{"damage":12,"enemies":"Lots of Slimes","floor":15,"turns":4},{"damage":29,"enemies":"IC_STATUS_ARCHETYPE","floor":16,"turns":11}],"seed_played":"3840119740989248703","potions_obtained":[{"floor":0,"key":"hexamod:SoulburnPotion"},{"floor":0,"key":"SmokeBomb"},{"floor":0,"key":"Languid Potion"},{"floor":3,"key":"SkillPotion"},{"floor":10,"key":"SkillPotion"},{"floor":14,"key":"FearPotion"},{"floor":15,"key":"LifebloodPotion"},{"floor":16,"key":"ColorlessPotion"}],"is_trial":false,"path_per_floor":["R","M","M","?","$","M","T","$","E","M","R","$","R","E","M","B"],"character_chosen":"THE_AUTOMATON","items_purchased":["bronze:DigitalCarnage","bronze:ChosenStrike"],"campfire_rested":1,"item_purchase_floors":[5,12],"current_hp_per_floor":[70,64,63,63,63,61,61,59,49,38,38,29,65,61,56,34,34,34],"gold":207,"neow_bonus":"THREE_SMALL_POTIONS","is_daily":false,"chose_seed":false,"campfire_upgraded":2,"win_rate":0.0,"timestamp":1612002336,"path_taken":["R","M","M","?","?","M","T","$","E","?","R","$","R","E","M","BOSS"],"items_purchased_type":["Card","Card"],"build_version":"2020-12-22","purchased_purges":0,"victory":false,"max_hp_per_floor":[70,70,70,70,70,70,70,70,70,70,70,70,70,70,70,70,70,70],"card_choices":[{"not_picked":["bronze:Invalidate","bronze:Frontload"],"picked":"bronze:Overheat","floor":2},{"not_picked":["bronze:Deprecate","bronze:Overload"],"picked":"bronze:GetLatest","floor":3},{"not_picked":["bronze:Flail","bronze:Frontload"],"picked":"bronze:Verify","floor":5},{"not_picked":["bronze:BitShift","bronze:InfiniteBeams"],"picked":"bronze:Boost","floor":6},{"not_picked":["bronze:Terminator","bronze:DelayedGuard","bronze:BitShift"],"picked":"SKIP","floor":8},{"not_picked":["bronze:GetLatest","bronze:Turbo"],"picked":"bronze:InfiniteBeams","floor":9},{"not_picked":["bronze:OilSpill","bronze:ClassDefault"],"picked":"bronze:Return","floor":10},{"not_picked":["bronze:DelayedGuard","bronze:Deprecate"],"picked":"bronze:Repair","floor":12},{"not_picked":["bronze:DigitalCarnage","bronze:Refactor","bronze:InfiniteBeams"],"picked":"SKIP","floor":14},{"not_picked":["bronze:Invalidate","bronze:DigitalCarnage"],"picked":"bronze:Fortify","floor":15}],"player_experience":813813,"relics_obtained":[{"floor":7,"key":"ReplayFunnel"},{"floor":9,"key":"Regal Pillow"},{"floor":14,"key":"Replay:Multitool"}],"event_choices":[],"is_beta":false,"boss_relics":[],"items_purged_floors":[],"is_endless":false,"potions_floor_spawned":[3,6,10,14,15,16],"killed_by":"IC_STATUS_ARCHETYPE","ascension_level":2}}