{"host":"rs956zbefct9hzhl","time":1612019731,"event":{"mods":["BaseMod","BetterRewards","Minty Spire (QoL Compilation)","Shop Mod","Spikes Relics","StSLib","The Dragon Tamer"],"gold_per_floor":[117,67,67,86,98,127,141,159,186,361,374,74,84,84,84,179,179,189,77,92,46,46,80,95,95,122,122,122,139,239,239,239,341,341,428,514,514,604,604,710,813,825,837,970,534,619,619,729,729,729,729,729,284,388,388,388,388],"floor_reached":55,"language":"ENG","playtime":2598,"items_purged":["Pain"],"score":922,"play_id":"b903bcb2-707c-4adb-9eaa-0184bc2f06a3","local_time":"20210130161531","is_ascension_mode":false,"metric_token":467,"campfire_choices":[{"data":"DTMod:EchoTactic","floor":15,"key":"SMITH"},{"data":"DTMod:HeadStart","floor":27,"key":"SMITH"},{"data":"DTMod:ForkedFire","floor":32,"key":"SMITH"},{"floor":42,"key":"RECALL"},{"floor":47,"key":"DIG"},{"floor":49,"key":"DIG"},{"floor":52,"key":"DIG"}],"dtmod_dragon_data":[0,50,3,4,14,1],"circlet_count":0,"master_deck":["DTMod:Strike+1","DTMod:Strike+1","DTMod:Strike+1","DTMod:DoubleHit+1","DTMod:TargetDefense+1","DTMod:TargetDefense+1","DTMod:TargetDefense+1","DTMod:TargetDefense+1","DTMod:SwitchingTactic","DTMod:CalculatedDefense","DTMod:CleansingStrike+1","DTMod:ForkedFire+1","DTMod:Conduct","DTMod:ComboAttack","DTMod:MagiciansMark+1","DTMod:Training","DTMod:TagTeam","DTMod:EchoTactic+1","DTMod:HeadStart+1","DTMod:Shift+1","DTMod:MagiciansMark","DTMod:InvisibleFlame","DTMod:ComboAttack","DTMod:Feint","DTMod:FlameSlash","DTMod:DarkBreath+1","DTMod:HeatWave+1","DTMod:HeadStart","DTMod:BurningEnergy+1","DTMod:HeadStart+1","DTMod:OpeningTactic"],"relics":["DTMod:PactStone","WarpedTongs","Pen Nib","Vajra","Tiny Chest","Sozu","Rawhide","Akabeko","Bottled Flame","SpikesRelics:DaevaFist","Lizard Tail","Blue Candle","Fusion Hammer","MawBank","Shovel","DTMod:BindingString","War Paint","Whetstone","SnailShell","Potion Belt","Blood Vial","ShockBauble","DTMod:OddArmor","Lantern","Bag of Marbles","Calipers"],"acts_visited":["Exordium","TheCity","TheBeyond","TheEnding"],"potions_floor_usage":[7,11,11],"damage_taken":[{"damage":0,"enemies":"Cultist","floor":1,"turns":3},{"damage":0,"enemies":"2 Louse","floor":4,"turns":2},{"damage":0,"enemies":"Small Slimes","floor":5,"turns":4},{"damage":26,"enemies":"3 Sentries","floor":6,"turns":8},{"damage":0,"enemies":"Gremlin Gang","floor":7,"turns":4},{"damage":0,"enemies":"Exordium Thugs","floor":8,"turns":5},{"damage":0,"enemies":"2 Fungi Beasts","floor":11,"turns":4},{"damage":0,"enemies":"3 Louse","floor":13,"turns":2},{"damage":0,"enemies":"Slime Boss","floor":16,"turns":9},{"damage":0,"enemies":"Spheric Guardian","floor":18,"turns":3},{"damage":0,"enemies":"3 Byrds","floor":20,"turns":3},{"damage":3,"enemies":"Book of Stabbing","floor":23,"turns":6},{"damage":0,"enemies":"Snake Plant","floor":24,"turns":1},{"damage":0,"enemies":"Shelled Parasite and Fungi","floor":29,"turns":1},{"damage":0,"enemies":"Colosseum Slavers","floor":30,"turns":1},{"damage":0,"enemies":"Colosseum Nobs","floor":30,"turns":1},{"damage":27,"enemies":"Automaton","floor":33,"turns":7},{"damage":0,"enemies":"3 Darklings","floor":35,"turns":1},{"damage":0,"enemies":"Orb Walker","floor":36,"turns":1},{"damage":0,"enemies":"Jaw Worm Horde","floor":38,"turns":1},{"damage":0,"enemies":"Nemesis","floor":40,"turns":5},{"damage":0,"enemies":"Spire Growth","floor":41,"turns":3},{"damage":0,"enemies":"2 Orb Walkers","floor":44,"turns":1},{"damage":0,"enemies":"4 Shapes","floor":46,"turns":1},{"damage":0,"enemies":"Reptomancer","floor":48,"turns":1},{"damage":15,"enemies":"Donu and Deca","floor":50,"turns":4},{"damage":0,"enemies":"Shield and Spear","floor":54,"turns":1},{"damage":0,"enemies":"The Heart","floor":55,"turns":6}],"seed_played":"-4634593413120100443","potions_obtained":[{"floor":1,"key":"SteroidPotion"},{"floor":5,"key":"Swift Potion"},{"floor":7,"key":"BlessingOfTheForge"},{"floor":16,"key":"FairyPotion"}],"is_trial":false,"path_per_floor":["M","?","?","M","M","E","M","M","T","?","M","$","M","?","R","B",null,"M","$","M","$","T","E","M","T","T","R","?","M","?","?","R","B",null,"M","M","T","M","?","E","M","R","T","?","$","M","R","E","R","B",null,"R","$","E","B"],"character_chosen":"THE_DT","items_purchased":["DTMod:TagTeam","Tiny Chest","DTMod:Shift","DTMod:MagiciansMark","DTMod:ComboAttack","DTMod:HeadStart","War Paint","Whetstone","DTMod:OddArmor","Lantern","Bag of Marbles"],"campfire_rested":0,"item_purchase_floors":[12,12,19,19,21,45,45,45,53,53,53],"current_hp_per_floor":[45,45,45,45,45,19,19,19,19,19,19,19,19,19,19,19,45,45,45,45,45,45,42,42,42,42,42,42,42,42,42,42,15,45,45,45,45,45,45,45,45,45,45,45,45,45,45,45,45,30,45,45,45,45,45,45,45],"gold":388,"neow_bonus":"UPGRADE_CARD","is_daily":false,"chose_seed":false,"campfire_upgraded":3,"win_rate":0.0,"timestamp":1612019731,"path_taken":["M","?","?","?","M","E","M","M","T","?","M","$","M","?","R","BOSS","M","$","M","$","?","E","?","?","T","R","?","M","?","?","R","BOSS","M","M","?","?","?","E","M","R","T","?","$","M","R","E","R","BOSS","R","$","E","BOSS"],"items_purchased_type":["Card","Relic","Card","Card","Card","Card","Relic","Relic","Relic","Relic","Relic"],"build_version":"2020-12-22","purchased_purges":1,"victory":false,"max_hp_per_floor":[45,45,45,45,45,45,45,45,45,45,45,45,45,45,45,45,45,45,45,45,45,45,45,45,45,45,45,45,45,45,45,45,45,45,45,45,45,45,45,45,45,45,45,45,45,45,45,45,45,45,45,45,45,45,45,45,45],"card_choices":[{"not_picked":["DTMod:SneakAttack","DTMod:TauntingStrike"],"picked":"DTMod:CalculatedDefense","floor":1},{"not_picked":["DTMod:BuildUp","DTMod:MasterPlan"],"picked":"DTMod:CleansingStrike","floor":4},{"not_picked":["DTMod:DeepFocus","DTMod:Feint"],"picked":"DTMod:ForkedFire","floor":5},{"not_picked":["DTMod:GhostSkin","DTMod:BizarreTactic"],"picked":"DTMod:Conduct","floor":6},{"not_picked":["DTMod:MaximumCharge","DTMod:BuildUp"],"picked":"DTMod:ComboAttack","floor":7},{"not_picked":["DTMod:BurningEnergy","DTMod:Feint"],"picked":"DTMod:MagiciansMark","floor":8},{"not_picked":["DTMod:HeatWave","DTMod:Punisher"],"picked":"DTMod:Training","floor":11},{"not_picked":["DTMod:Adaptation","DTMod:Conduct"],"picked":"DTMod:EchoTactic","floor":13},{"not_picked":["DTMod:RepeatStrike","DTMod:TriAttack"],"picked":"DTMod:HeadStart","floor":16},{"not_picked":["DTMod:BlazingStrike+1","DTMod:BizarreTactic","DTMod:BuildUp+1"],"picked":"SKIP","floor":18},{"not_picked":["DTMod:Hide","DTMod:BreakAttack"],"picked":"DTMod:InvisibleFlame","floor":20},{"not_picked":["DTMod:Cover+1","DTMod:Punisher+1"],"picked":"DTMod:Feint","floor":23},{"not_picked":["DTMod:Adaptation","DTMod:CleansingStrike+1"],"picked":"DTMod:FlameSlash","floor":24},{"not_picked":["DTMod:BurningEnergy+1","DTMod:GhostSkin+1"],"picked":"DTMod:DarkBreath+1","floor":29},{"not_picked":["DTMod:BuildUp","DTMod:Feint"],"picked":"DTMod:HeatWave+1","floor":30},{"not_picked":["DTMod:TriAttack","DTMod:Outburst"],"picked":"DTMod:HeadStart","floor":33},{"not_picked":["DTMod:InvisibleFlame","DTMod:QuickFly","DTMod:MagiciansMark+1"],"picked":"SKIP","floor":35},{"not_picked":["DTMod:Cover","DTMod:LastStand","DTMod:DeepFocus+1"],"picked":"SKIP","floor":36},{"not_picked":["DTMod:BreakAttack","DTMod:BuildUp","DTMod:Feint"],"picked":"SKIP","floor":38},{"not_picked":["DTMod:HeatWave+1","DTMod:SealedStrike","DTMod:MagicField"],"picked":"SKIP","floor":40},{"not_picked":["DTMod:Punisher","DTMod:ShieldDrain+1"],"picked":"DTMod:BurningEnergy+1","floor":41},{"not_picked":["DTMod:SneakAttack+1","DTMod:Hide","DTMod:QuickFly+1"],"picked":"SKIP","floor":46},{"not_picked":["DTMod:BlazingStrike","DTMod:MagicField+1"],"picked":"DTMod:OpeningTactic","floor":48},{"not_picked":["DTMod:ShadowImage","DTMod:GhostSkin","DTMod:Hide+1"],"picked":"SKIP","floor":54}],"player_experience":473971,"relics_obtained":[{"floor":6,"key":"Pen Nib"},{"floor":9,"key":"Vajra"},{"floor":22,"key":"Rawhide"},{"floor":23,"key":"Akabeko"},{"floor":25,"key":"Bottled Flame"},{"floor":26,"key":"SpikesRelics:DaevaFist"},{"floor":30,"key":"Lizard Tail"},{"floor":30,"key":"Blue Candle"},{"floor":40,"key":"MawBank"},{"floor":43,"key":"Shovel"},{"floor":44,"key":"DTMod:BindingString"},{"floor":47,"key":"SnailShell"},{"floor":48,"key":"Potion Belt"},{"floor":49,"key":"Blood Vial"},{"floor":52,"key":"ShockBauble"},{"floor":54,"key":"Calipers"}],"event_choices":[{"cards_removed":["DTMod:Strike"],"damage_healed":0,"gold_gain":0,"player_choice":"Card Removal","damage_taken":0,"max_hp_gain":0,"max_hp_loss":0,"event_name":"The Cleric","floor":2,"gold_loss":50},{"damage_healed":0,"gold_gain":0,"player_choice":"Rummage","damage_taken":0,"relics_obtained":["WarpedTongs"],"max_hp_gain":0,"max_hp_loss":0,"event_name":"Accursed Blacksmith","floor":3,"gold_loss":0,"cards_obtained":["Pain"]},{"damage_healed":0,"gold_gain":175,"player_choice":"AGREE","damage_taken":0,"max_hp_gain":0,"max_hp_loss":0,"event_name":"Liars Game","floor":10,"gold_loss":0,"cards_obtained":["Doubt"]},{"cards_removed":["Doubt"],"damage_healed":0,"gold_gain":0,"player_choice":"Purged","damage_taken":0,"max_hp_gain":0,"max_hp_loss":0,"event_name":"Purifier","floor":14,"gold_loss":0},{"damage_healed":0,"gold_gain":0,"player_choice":"Simplicity","damage_taken":0,"max_hp_gain":0,"max_hp_loss":0,"event_name":"Back to Basics","floor":28,"gold_loss":0,"cards_upgraded":["DTMod:Strike","DTMod:Strike","DTMod:Strike","DTMod:TargetDefense","DTMod:TargetDefense","DTMod:TargetDefense","DTMod:TargetDefense"]},{"damage_healed":0,"gold_gain":0,"player_choice":"Fight","damage_taken":0,"max_hp_gain":0,"max_hp_loss":0,"event_name":"Colosseum","floor":30,"gold_loss":0},{"damage_healed":0,"gold_gain":0,"player_choice":"Fought Nobs","damage_taken":0,"max_hp_gain":0,"max_hp_loss":0,"event_name":"Colosseum","floor":30,"gold_loss":0},{"damage_healed":0,"gold_gain":0,"player_choice":"Ignored","damage_taken":0,"max_hp_gain":0,"max_hp_loss":0,"event_name":"Ghosts","floor":31,"gold_loss":0},{"damage_healed":0,"gold_gain":0,"player_choice":"Ignored","damage_taken":0,"max_hp_gain":0,"max_hp_loss":0,"event_name":"Tomb of Lord Red Mask","floor":39,"gold_loss":0},{"damage_healed":0,"gold_gain":0,"player_choice":"Fight","damage_taken":0,"max_hp_gain":0,"max_hp_loss":0,"event_name":"Mysterious Sphere","floor":44,"gold_loss":0}],"is_beta":false,"boss_relics":[{"not_picked":["Runic Pyramid","Pandora\u0027s Box"],"picked":"Sozu"},{"not_picked":["Sandwich","DTMod:TheChair"],"picked":"Fusion Hammer"}],"items_purged_floors":[12],"is_endless":false,"potions_floor_spawned":[1,5,7,16,20,24,30,30,38,40,41,44,54],"killed_by":"The Heart","ascension_level":0}}