{"host":"amyouew1jj5rel7b","time":1612002473,"event":{"mods":["AchievementEnabler","Arknights The Spire","BaseMod","Better Altar","Better Match","Better Note","Better Skull","Better Third Choice","CapriCore","Minty Spire (QoL Compilation)","Permanent Neow","Spicy Shops","StSLib","SuperFastMode"],"gold_per_floor":[117,137,150,150,225,251,251],"floor_reached":6,"language":"KOR","playtime":228,"items_purged":[],"score":46,"play_id":"71339be6-01f3-4ff5-a28d-a9fc7f9ac1bd","local_time":"20210130192753","is_ascension_mode":false,"campfire_choices":[],"circlet_count":0,"master_deck":["ats:Strike C","ats:Strike G","ats:Strike V","ats:Armor Crushing Shot","ats:Defend","ats:Defend","ats:Defend","ats:Defend","ats:Emotion Absorption","ats:Encircling Forest","ats:Guard Mode","ats:Sword Rain","ats:Magnetic Hammer"],"relics":["Sozu","ats:Originium","Eternal Feather"],"acts_visited":["Exordium"],"potions_floor_usage":[],"damage_taken":[{"damage":0,"enemies":"Cultist","floor":1,"turns":4},{"damage":10,"enemies":"Small Slimes","floor":2,"turns":4},{"damage":3,"enemies":"2 Louse","floor":3,"turns":3},{"damage":35,"enemies":"Lagavulin","floor":6,"turns":9}],"seed_played":"5746612108011336008","potions_obtained":[],"is_trial":false,"path_per_floor":["M","M","M","?","?","E"],"character_chosen":"DOCTOR_CLASS","items_purchased":[],"campfire_rested":0,"item_purchase_floors":[],"current_hp_per_floor":[72,62,59,52,41,6,6],"gold":251,"neow_bonus":"BOSS_RELIC","is_daily":false,"chose_seed":false,"campfire_upgraded":0,"win_rate":0.0,"timestamp":1612002473,"path_taken":["M","M","?","?","?","E"],"items_purchased_type":[],"build_version":"2020-12-22","purchased_purges":0,"victory":false,"max_hp_per_floor":[72,72,72,72,72,72,72],"card_choices":[{"not_picked":["ats:Cat Scratch","ats:Absolute Focus"],"picked":"ats:Encircling Forest","floor":1},{"not_picked":["ats:Composite Medical Shells","ats:Very Hot Blade"],"picked":"ats:Guard Mode","floor":2},{"not_picked":["ats:Poison Spread","ats:Assault Order"],"picked":"ats:Sword Rain","floor":3},{"not_picked":["ats:Poison Spread","ats:Beaten Up"],"picked":"ats:Magnetic Hammer","floor":6}],"player_experience":264069,"relics_obtained":[{"floor":6,"key":"ats:Originium"},{"floor":6,"key":"Eternal Feather"}],"event_choices":[{"cards_removed":["ats:Strike S"],"damage_healed":0,"gold_gain":0,"player_choice":"Card Removal","damage_taken":7,"max_hp_gain":0,"max_hp_loss":0,"event_name":"Golden Wing","floor":4,"gold_loss":0},{"damage_healed":0,"gold_gain":75,"player_choice":"Gold","damage_taken":11,"max_hp_gain":0,"max_hp_loss":0,"event_name":"betterThird:BetterGoop","floor":5,"gold_loss":0}],"is_beta":false,"boss_relics":[],"items_purged_floors":[],"is_endless":false,"potions_floor_spawned":[3],"killed_by":"Lagavulin","ascension_level":0}}