{"host":"928gv66myv2vlnsd","time":1612026794,"event":{"mods":["BaseMod","Minty Spire (QoL Compilation)","StSLib"],"gold_per_floor":[115,130,142,153,167,195,195,223,223,223,1,1,32,45,45,122,122,137,187,187,157,8,8,8],"floor_reached":23,"language":"ENG","playtime":943,"items_purged":["Dash"],"score":387,"play_id":"b01d28e5-79c6-413e-8352-7ddd2b0ea3a1","local_time":"20210130121314","is_ascension_mode":true,"campfire_choices":[{"floor":7,"key":"REST"},{"floor":12,"key":"REST"},{"floor":15,"key":"REST"}],"circlet_count":0,"master_deck":["AscendersBane","Strike_G","Strike_G","Strike_G","Strike_G","Strike_G","Defend_G","Defend_G","Defend_G","Defend_G","Defend_G","Survivor","Neutralize","Concentrate","Deflect","Flying Knee","All Out Attack","Slice","Flying Knee","Panache","Blade Dance+1","Backflip+1","Deflect+1","Blade Dance+1","A Thousand Cuts","Deflect+1","Bane","Escape Plan+1"],"relics":["Ring of the Snake","Unceasing Top","Dream Catcher","Nunchaku","Toxic Egg 2","GremlinMask","Du-Vu Doll","HoveringKite"],"acts_visited":["Exordium","TheCity"],"potions_floor_usage":[4,6,6,23],"damage_taken":[{"damage":0,"enemies":"Jaw Worm","floor":1,"turns":5},{"damage":0,"enemies":"Cultist","floor":2,"turns":3},{"damage":0,"enemies":"2 Louse","floor":3,"turns":3},{"damage":21,"enemies":"Exordium Thugs","floor":4,"turns":9},{"damage":0,"enemies":"Blue Slaver","floor":5,"turns":3},{"damage":25,"enemies":"Gremlin Nob","floor":6,"turns":4},{"damage":16,"enemies":"3 Sentries","floor":8,"turns":6},{"damage":20,"enemies":"Lagavulin","floor":13,"turns":5},{"damage":2,"enemies":"2 Fungi Beasts","floor":14,"turns":2},{"damage":13,"enemies":"Hexaghost","floor":16,"turns":6},{"damage":0,"enemies":"3 Byrds","floor":18,"turns":2},{"damage":49,"enemies":"Book of Stabbing","floor":23,"turns":6}],"seed_played":"2465683959070718214","potions_obtained":[{"floor":1,"key":"ColorlessPotion"},{"floor":2,"key":"Explosive Potion"},{"floor":4,"key":"Dexterity Potion"},{"floor":21,"key":"SpeedPotion"},{"floor":21,"key":"DuplicationPotion"}],"is_trial":false,"path_per_floor":["M","M","M","M","M","E","R","E","T","?","$","R","E","M","R","B",null,"M","?","?","?","$","E"],"character_chosen":"THE_SILENT","items_purchased":["Panache","Blade Dance+1","Escape Plan+1"],"campfire_rested":3,"item_purchase_floors":[11,11,22],"current_hp_per_floor":[59,59,59,38,38,13,31,15,15,15,15,33,13,11,29,16,49,49,49,49,49,49,0,0],"gold":8,"neow_bonus":"ONE_RARE_RELIC","is_daily":false,"chose_seed":false,"campfire_upgraded":0,"win_rate":0.0,"timestamp":1612026794,"path_taken":["M","M","M","M","M","E","R","E","T","?","$","R","E","M","R","BOSS","M","?","?","?","$","E"],"items_purchased_type":["Card","Card","Card"],"build_version":"2020-12-22","purchased_purges":1,"victory":false,"max_hp_per_floor":[60,60,60,60,60,60,60,60,60,60,60,60,60,60,60,60,60,60,60,60,60,60,60,60],"card_choices":[{"not_picked":["Flying Knee","Backstab"],"picked":"Concentrate","floor":1},{"not_picked":["Dodge and Roll","PiercingWail"],"picked":"Infinite Blades","floor":2},{"not_picked":["Caltrops","Quick Slash"],"picked":"Deflect","floor":3},{"not_picked":["Deadly Poison","Quick Slash"],"picked":"Flying Knee","floor":4},{"not_picked":["Prepared","Deadly Poison"],"picked":"All Out Attack","floor":5},{"not_picked":["Prepared","Expertise"],"picked":"Slice","floor":6},{"not_picked":["Dagger Throw","Acrobatics"],"picked":"Masterful Stab","floor":7},{"not_picked":["All Out Attack","Distraction"],"picked":"Flying Knee","floor":8},{"not_picked":["Dagger Spray","Envenom"],"picked":"Backflip+1","floor":12},{"not_picked":["Dash","All Out Attack","Flying Knee"],"picked":"SKIP","floor":13},{"not_picked":["Outmaneuver+1","Dagger Spray"],"picked":"Deflect+1","floor":14},{"not_picked":["Eviscerate","Infinite Blades"],"picked":"Blade Dance+1","floor":15},{"not_picked":["Die Die Die","Venomology+1"],"picked":"A Thousand Cuts","floor":16},{"not_picked":["Acrobatics+1","Poisoned Stab"],"picked":"Deflect+1","floor":18}],"player_experience":1390253,"relics_obtained":[{"floor":6,"key":"Dream Catcher"},{"floor":8,"key":"Nunchaku"},{"floor":9,"key":"Toxic Egg 2"},{"floor":13,"key":"Du-Vu Doll"}],"event_choices":[{"damage_healed":0,"gold_gain":0,"player_choice":"Trade","damage_taken":0,"relics_obtained":["GremlinMask"],"max_hp_gain":0,"max_hp_loss":0,"event_name":"FaceTrader","floor":10,"gold_loss":0},{"damage_healed":0,"gold_gain":50,"player_choice":"Stole From Cult","damage_taken":0,"max_hp_gain":0,"max_hp_loss":0,"event_name":"Nest","floor":19,"gold_loss":0},{"damage_healed":0,"gold_gain":0,"cards_transformed":["Masterful Stab","Infinite Blades"],"player_choice":"Became Test Subject","damage_taken":0,"max_hp_gain":0,"max_hp_loss":0,"event_name":"Drug Dealer","floor":20,"gold_loss":0,"cards_obtained":["Bane","Dash"]},{"damage_healed":0,"gold_gain":0,"player_choice":"Bought 2 Potions","damage_taken":0,"max_hp_gain":0,"max_hp_loss":0,"event_name":"The Woman in Blue","floor":21,"gold_loss":0}],"is_beta":false,"boss_relics":[{"not_picked":["Runic Dome","Philosopher\u0027s Stone"],"picked":"HoveringKite"}],"items_purged_floors":[22],"is_endless":false,"potions_floor_spawned":[1,2,3,4],"killed_by":"Book of Stabbing","ascension_level":17}}