{"host":"2py7ki924ssbu6hl","time":1612015283,"event":{"mods":["Act Like it!","BaseMod","Better Match","CapriCore","Colored Powertips","Friendly Minions","Gensokyo","GifTheSpireLib","Minty Spire (QoL Compilation)","Rare Cards Sparkle","ReimuÅiîé??öÎÅj","Relic Stats","StSLib","everything is the same but u backflip on backflip"],"gold_per_floor":[119,119,119,119,130,156,74,74,74],"floor_reached":8,"language":"ENG","playtime":445,"items_purged":[],"score":79,"play_id":"28c2734d-5a79-48c9-8719-74deebe0f922","local_time":"20210130150123","is_ascension_mode":false,"campfire_choices":[],"circlet_count":0,"master_deck":["Strike_Lin:ReiMu","Strike_Lin:ReiMu","Strike_Lin:ReiMu","Strike_Lin:ReiMu","Defend_Lin:ReiMu","Defend_Lin:ReiMu","Defend_Lin:ReiMu","Defend_Lin:ReiMu","NB:ReiMu","LearningPray:ReiMu","Injury","Pain","RainPray2:ReiMu","FantasyBorder:ReiMu","OctopathBindingBorder2:ReiMu","Intuition:ReiMu"],"relics":["FlyPower:ReiMu","NeowsBlessing","Ice Cream","Gensokyo:Justice","Gensokyo:LunaticRedEyes","White Beast Statue"],"acts_visited":["Gensokyo:Gensokyo"],"potions_floor_usage":[8],"damage_taken":[{"damage":0,"enemies":"Gensokyo:Python","floor":1,"turns":1},{"damage":2,"enemies":"Gensokyo:2_Kodama","floor":5,"turns":1},{"damage":3,"enemies":"Gensokyo:Mamizou","floor":6,"turns":3},{"damage":70,"enemies":"Gensokyo:Aya","floor":8,"turns":6}],"seed_played":"6003363714045730612","potions_obtained":[{"floor":1,"key":"Swift Potion"}],"is_trial":false,"path_per_floor":["M","?","?","?","M","E","$","E"],"character_chosen":"REIMU","items_purchased":["OctopathBindingBorder2:ReiMu","Intuition:ReiMu"],"campfire_rested":0,"item_purchase_floors":[7,7],"current_hp_per_floor":[65,65,65,65,63,60,60,0,0],"gold":74,"neow_bonus":"THREE_ENEMY_KILL","is_daily":false,"chose_seed":false,"campfire_upgraded":0,"win_rate":0.0,"timestamp":1612015283,"path_taken":["M","?","?","?","?","E","?","E"],"items_purchased_type":["Card","Card"],"build_version":"2020-12-22","purchased_purges":0,"victory":false,"max_hp_per_floor":[65,65,65,65,65,65,65,65,65],"relic_stats":{"counters":[4,11],"obtain_stats":[{"Ice Cream":2,"NeowsBlessing":0,"Gensokyo:Justice":3,"FlyPower:ReiMu":0,"Gensokyo:LunaticRedEyes":4,"White Beast Statue":6},{"Ice Cream":1,"NeowsBlessing":0,"Gensokyo:Justice":1,"FlyPower:ReiMu":0,"Gensokyo:LunaticRedEyes":1,"White Beast Statue":3},{"Ice Cream":1,"NeowsBlessing":0,"Gensokyo:Justice":1,"FlyPower:ReiMu":0,"Gensokyo:LunaticRedEyes":1,"White Beast Statue":5}]},"card_choices":[{"not_picked":["RainPray2:ReiMu","SpringWay:ReiMu"],"picked":"LearningPray:ReiMu","floor":1},{"not_picked":["SubAcupoint:ReiMu","DoubleButterfly:ReiMu"],"picked":"RainPray2:ReiMu","floor":5},{"not_picked":["OctopathBindingBorder2:ReiMu","CollectionFlower2:ReiMu"],"picked":"FantasyBorder:ReiMu","floor":6}],"player_experience":240233,"relics_obtained":[{"floor":6,"key":"White Beast Statue"}],"event_choices":[],"is_beta":false,"boss_relics":[],"items_purged_floors":[],"is_endless":false,"potions_floor_spawned":[1],"killed_by":"Gensokyo:Aya","ascension_level":0}}