{"host":"uidy69bgx28xzt88","time":1612007444,"event":{"mods":["BaseMod","Minty Spire (QoL Compilation)","Relic Stats"],"gold_per_floor":[364,364,376,403,429,469,481,12,39,39,39,39],"floor_reached":11,"language":"ENG","playtime":647,"items_purged":["Regret"],"score":99,"play_id":"0ca614d9-1da6-430b-a4f4-c317fca4e23a","local_time":"20210130135044","is_ascension_mode":true,"campfire_choices":[{"data":"Ball Lightning","floor":7,"key":"SMITH"}],"circlet_count":0,"master_deck":["Strike_B","Strike_B","Strike_B","Strike_B","Defend_B","Defend_B","Defend_B","Defend_B","Zap","Dualcast","Leap","Coolheaded","Ball Lightning+1","Reboot"],"relics":["Cracked Core","MawBank","Anchor","Runic Capacitor","Juzu Bracelet","Pantograph"],"acts_visited":["Exordium"],"potions_floor_usage":[6,11,11],"damage_taken":[{"damage":6,"enemies":"2 Louse","floor":1,"turns":2},{"damage":4,"enemies":"Small Slimes","floor":4,"turns":5},{"damage":14,"enemies":"Jaw Worm","floor":5,"turns":4},{"damage":51,"enemies":"3 Sentries","floor":6,"turns":11},{"damage":20,"enemies":"Gremlin Nob","floor":11,"turns":3}],"seed_played":"6528256630144829476","potions_obtained":[{"floor":4,"key":"FairyPotion"},{"floor":5,"key":"LiquidMemories"}],"is_trial":false,"path_per_floor":["M","?","$","M","M","E","R","$","T","?","E"],"character_chosen":"DEFECT","items_purchased":["Runic Capacitor","Reboot","Block Potion","Fire Potion"],"campfire_rested":0,"item_purchase_floors":[8,8,8,8],"current_hp_per_floor":[62,62,62,58,44,14,14,14,14,11,0,0],"gold":39,"neow_bonus":"TWO_FIFTY_GOLD","is_daily":false,"chose_seed":false,"campfire_upgraded":1,"win_rate":0.0,"timestamp":1612007444,"path_taken":["M","?","$","M","M","E","R","$","T","?","E"],"items_purchased_type":["Relic","Card","Potion","Potion"],"build_version":"2020-12-22","purchased_purges":1,"victory":false,"max_hp_per_floor":[68,68,68,68,68,68,68,68,68,68,68,68],"relic_stats":{"counters":[5,25],"Pantograph":0,"Juzu Bracelet":0,"MawBank":72,"obtain_stats":[{"Anchor":6,"Pantograph":10,"Runic Capacitor":8,"Juzu Bracelet":9,"Cracked Core":0,"MawBank":2},{"Anchor":4,"Pantograph":4,"Runic Capacitor":4,"Juzu Bracelet":4,"Cracked Core":0,"MawBank":1},{"Anchor":22,"Pantograph":22,"Runic Capacitor":22,"Juzu Bracelet":22,"Cracked Core":0,"MawBank":2}]},"card_choices":[{"not_picked":["Turbo","Go for the Eyes"],"picked":"Leap","floor":1},{"not_picked":["Stack","Leap","Heatsinks"],"picked":"SKIP","floor":4},{"not_picked":["Gash","Redo"],"picked":"Coolheaded","floor":5},{"not_picked":["Blizzard","Lockon"],"picked":"Ball Lightning","floor":6}],"player_experience":262367,"relics_obtained":[{"floor":6,"key":"Anchor"},{"floor":9,"key":"Juzu Bracelet"}],"event_choices":[{"damage_healed":0,"gold_gain":0,"player_choice":"Box","damage_taken":0,"relics_obtained":["MawBank"],"max_hp_gain":0,"max_hp_loss":0,"event_name":"Big Fish","floor":2,"gold_loss":0,"cards_obtained":["Regret"]},{"damage_healed":0,"gold_gain":0,"player_choice":"Success","damage_taken":3,"relics_obtained":["Pantograph"],"max_hp_gain":0,"max_hp_loss":0,"event_name":"Scrap Ooze","floor":10,"gold_loss":0}],"is_beta":false,"boss_relics":[],"items_purged_floors":[8],"is_endless":false,"potions_floor_spawned":[4,5],"killed_by":"Gremlin Nob","ascension_level":8}}