{"host":"5p9hybygolzp0efr","time":1612022450,"event":{"mods":["AchievementEnabler","BaseMod","Bestiary","Colored Map","Minty Spire (QoL Compilation)","Permanent Neow","Relic Stats","StSLib"],"gold_per_floor":[213,226,236,246,0,0,32,32,110,122,136,171,186,186,186,289,289,300,300,319,319,319,353,368,393,416,341,361,378,389,389,389,491,491,503,519,538,51,151,183,197,223,223,240,240,265,34,384,384,384],"floor_reached":51,"language":"ENG","playtime":1878,"items_purged":["Bash+1","Intimidate+1"],"score":1824,"play_id":"9b6d8dac-79a2-4007-bb56-069127bee6c6","local_time":"20210131000050","is_ascension_mode":true,"campfire_choices":[{"data":"Dropkick","floor":6.0,"key":"SMITH"},{"data":"Dropkick","floor":8.0,"key":"SMITH"},{"data":"Bash","floor":15.0,"key":"SMITH"},{"floor":32.0,"key":"REST"},{"floor":49,"key":"REST"}],"circlet_count":0,"master_deck":["AscendersBane","Dropkick+1","Dropkick+1","Shockwave+1","Trip+1"],"relics":["Black Blood","Paper Frog","Bird Faced Urn","Toxic Egg 2","Juzu Bracelet","Sozu","Thread and Needle","Ornamental Fan","Orichalcum","HornCleat","Singing Bowl","Nunchaku","Darkstone Periapt","Unceasing Top","Art of War","Bag of Marbles","Old Coin"],"acts_visited":["Exordium","TheCity","TheBeyond"],"potions_floor_usage":[],"damage_taken":[{"damage":0.0,"enemies":"2 Louse","floor":1.0,"turns":2.0},{"damage":0.0,"enemies":"Jaw Worm","floor":2.0,"turns":1.0},{"damage":0.0,"enemies":"Cultist","floor":3.0,"turns":1.0},{"damage":0.0,"enemies":"Blue Slaver","floor":4.0,"turns":1.0},{"damage":0.0,"enemies":"Lagavulin","floor":7.0,"turns":1.0},{"damage":0.0,"enemies":"Red Slaver","floor":10.0,"turns":1.0},{"damage":0.0,"enemies":"Large Slime","floor":11.0,"turns":1.0},{"damage":0.0,"enemies":"Gremlin Nob","floor":12.0,"turns":1.0},{"damage":9.0,"enemies":"2 Fungi Beasts","floor":13.0,"turns":2.0},{"damage":0.0,"enemies":"Hexaghost","floor":16.0,"turns":1.0},{"damage":0.0,"enemies":"Shell Parasite","floor":18.0,"turns":1.0},{"damage":0.0,"enemies":"Chosen","floor":20.0,"turns":1.0},{"damage":10.0,"enemies":"Gremlin Leader","floor":23.0,"turns":2.0},{"damage":0.0,"enemies":"Centurion and Healer","floor":24.0,"turns":1.0},{"damage":0.0,"enemies":"Book of Stabbing","floor":25.0,"turns":1.0},{"damage":0.0,"enemies":"Snake Plant","floor":28.0,"turns":1.0},{"damage":0.0,"enemies":"3 Cultists","floor":29.0,"turns":1.0},{"damage":0.0,"enemies":"Snecko","floor":30.0,"turns":1.0},{"damage":0.0,"enemies":"Automaton","floor":33.0,"turns":1.0},{"damage":4.0,"enemies":"3 Shapes","floor":35.0,"turns":1.0},{"damage":0.0,"enemies":"3 Darklings","floor":36.0,"turns":1.0},{"damage":0.0,"enemies":"Writhing Mass","floor":37.0,"turns":1.0},{"damage":0.0,"enemies":"Giant Head","floor":40.0,"turns":1.0},{"damage":0.0,"enemies":"Maw","floor":41.0,"turns":1.0},{"damage":0.0,"enemies":"Reptomancer","floor":42.0,"turns":1.0},{"damage":14,"enemies":"Sphere and 2 Shapes","floor":44,"turns":4},{"damage":0,"enemies":"Nemesis","floor":46,"turns":1},{"damage":13,"enemies":"Mind Bloom Boss Battle","floor":48,"turns":3},{"damage":0,"enemies":"Donu and Deca","floor":50,"turns":1}],"seed_played":"-7840360401226042314","potions_obtained":[{"floor":1.0,"key":"BlessingOfTheForge"},{"floor":3.0,"key":"EntropicBrew"},{"floor":4.0,"key":"Swift Potion"},{"floor":13.0,"key":"Fruit Juice"}],"is_trial":false,"path_per_floor":["M","M","M","M","$","R","E","R","T","M","M","E","M","?","R","B",null,"M","?","M","?","?","E","M","E","T","$","M","M","M","?","R","B",null,"M","M","M","$","?","E","M","E","T","M","?","E","$","?","R","B",null],"character_chosen":"IRONCLAD","items_purchased":["Paper Frog","HornCleat","Singing Bowl","Bag of Marbles","Trip+1"],"campfire_rested":2,"item_purchase_floors":[5,38,38,47,47],"current_hp_per_floor":[78,80,80,80,80,80,80,80,80,80,80,80,77,82,82,90,90,90,90,90,90,72,68,74,80,80,80,86,92,95,95,95,95,95,95,95,95,95,95,97,99,101,101,99,101,105,105,106,107,107],"gold":384,"neow_bonus":"HUNDRED_GOLD","is_daily":false,"chose_seed":false,"campfire_upgraded":3,"win_rate":0.0,"timestamp":1612022450,"path_taken":["M","M","M","M","$","R","E","R","T","M","M","E","M","?","R","BOSS","M","?","M","?","?","E","M","E","T","$","M","M","M","?","R","BOSS","M","M","M","$","?","E","M","E","T","M","?","E","$","?","R","BOSS"],"items_purchased_type":["Relic","Relic","Relic","Relic","Card"],"build_version":"2020-12-22","purchased_purges":2,"victory":true,"max_hp_per_floor":[80,80,80,80,80,80,80,80,80,80,80,80,80,85,85,90,90,90,90,90,90,95,95,95,95,95,95,95,95,95,95,95,95,95,95,95,95,95,95,97,99,101,101,101,103,105,105,107,107,107],"relic_stats":{"Darkstone Periapt":0,"Singing Bowl":12,"counters":[29,37],"Black Blood":80,"Juzu Bracelet":2,"Orichalcum":[0],"Sozu":7,"Nunchaku":[13],"Ornamental Fan":[320],"Bird Faced Urn":[0],"Art of War":[0],"obtain_stats":[{"Darkstone Periapt":42,"Singing Bowl":38,"Black Blood":34,"Thread and Needle":23,"Juzu Bracelet":12,"Orichalcum":26,"Burning Blood":0,"Old Coin":48,"Sozu":17,"Nunchaku":40,"HornCleat":38,"Ornamental Fan":25,"Bird Faced Urn":7,"Pandora\u0027s Box":0,"Art of War":46,"Bag of Marbles":47,"Toxic Egg 2":9,"Unceasing Top":43,"Paper Frog":5},{"Darkstone Periapt":25,"Singing Bowl":22,"Black Blood":19,"Thread and Needle":13,"Juzu Bracelet":8,"Orichalcum":15,"Burning Blood":0,"Old Coin":28,"Sozu":10,"Nunchaku":23,"HornCleat":22,"Ornamental Fan":15,"Bird Faced Urn":5,"Pandora\u0027s Box":0,"Art of War":27,"Bag of Marbles":27,"Toxic Egg 2":5,"Unceasing Top":25,"Paper Frog":4},{"Darkstone Periapt":28,"Singing Bowl":25,"Black Blood":22,"Thread and Needle":16,"Juzu Bracelet":9,"Orichalcum":18,"Burning Blood":0,"Old Coin":36,"Sozu":12,"Nunchaku":26,"HornCleat":25,"Ornamental Fan":18,"Bird Faced Urn":6,"Pandora\u0027s Box":0,"Art of War":33,"Bag of Marbles":33,"Toxic Egg 2":6,"Unceasing Top":28,"Paper Frog":5}],"Unceasing Top":[7]},"card_choices":[{"not_picked":["Second Wind","Combust"],"picked":"Thunderclap","floor":1.0},{"not_picked":["Rampage","Feel No Pain","Pommel Strike"],"picked":"SKIP","floor":2.0},{"not_picked":["Rampage","Feel No Pain","Pommel Strike"],"picked":"SKIP","floor":2.0},{"not_picked":["Rampage","Sentinel","Anger"],"picked":"SKIP","floor":3.0},{"not_picked":["Warcry","Twin Strike","Havoc"],"picked":"SKIP","floor":4.0},{"not_picked":["True Grit","Corruption","Clash"],"picked":"SKIP","floor":7.0},{"not_picked":["Sever Soul","Anger","Perfected Strike"],"picked":"SKIP","floor":10.0},{"not_picked":["Shrug It Off+1","Warcry+1","Second Wind+1"],"picked":"SKIP","floor":11.0},{"not_picked":["Flame Barrier+1","Rampage","Fiend Fire"],"picked":"SKIP","floor":12.0},{"not_picked":["Flex+1","Cleave","Sword Boomerang"],"picked":"SKIP","floor":13.0},{"not_picked":["Twin Strike","Flex+1","Reckless Charge+1"],"picked":"SKIP","floor":18.0},{"not_picked":["Rupture+1","Dual Wield+1","Havoc+1"],"picked":"SKIP","floor":20.0},{"not_picked":["Clash","Twin Strike"],"picked":"Shockwave+1","floor":23.0},{"not_picked":["Searing Blow","Carnage+1","Warcry+1"],"picked":"SKIP","floor":24.0},{"not_picked":["Clash","Twin Strike+1","Perfected Strike"],"picked":"SKIP","floor":25.0},{"not_picked":["Clash","Headbutt","Body Slam+1"],"picked":"SKIP","floor":28.0},{"not_picked":["Headbutt","Seeing Red+1","Havoc+1"],"picked":"SKIP","floor":29.0},{"not_picked":["Sever Soul+1","Flex+1","Cleave"],"picked":"SKIP","floor":30.0},{"not_picked":["Clash","True Grit+1","Rupture"],"picked":"SKIP","floor":35.0},{"not_picked":["Wild Strike","Burning Pact+1","Heavy Blade"],"picked":"SKIP","floor":36.0},{"not_picked":["Twin Strike+1","Corruption","Feel No Pain"],"picked":"SKIP","floor":37.0},{"not_picked":["True Grit+1","Burning Pact+1","Whirlwind"],"picked":"Singing Bowl","floor":40.0},{"not_picked":["Infernal Blade+1","Dropkick+1","Inflame+1"],"picked":"Singing Bowl","floor":41.0},{"not_picked":["Disarm+1","True Grit+1","Havoc+1"],"picked":"Singing Bowl","floor":42.0},{"not_picked":["Havoc+1","Rupture+1"],"picked":"Intimidate+1","floor":44},{"not_picked":["Purity+1","Panache","Bandage Up+1"],"picked":"Singing Bowl","floor":45},{"not_picked":["Clothesline","Twin Strike","Carnage+1"],"picked":"Singing Bowl","floor":46},{"not_picked":["Warcry+1","Bloodletting+1","Twin Strike"],"picked":"Singing Bowl","floor":48}],"player_experience":575936,"relics_obtained":[{"floor":7.0,"key":"Bird Faced Urn"},{"floor":9.0,"key":"Toxic Egg 2"},{"floor":12.0,"key":"Juzu Bracelet"},{"floor":23.0,"key":"Thread and Needle"},{"floor":25.0,"key":"Ornamental Fan"},{"floor":26.0,"key":"Orichalcum"},{"floor":40.0,"key":"Nunchaku"},{"floor":42.0,"key":"Darkstone Periapt"},{"floor":43,"key":"Unceasing Top"},{"floor":46,"key":"Art of War"},{"floor":48,"key":"Old Coin"}],"event_choices":[{"damage_healed":0.0,"max_hp_gain":5.0,"max_hp_loss":0.0,"gold_gain":0.0,"event_name":"Big Fish","player_choice":"Donut","floor":14.0,"gold_loss":0.0,"damage_taken":0.0},{"damage_healed":0.0,"max_hp_gain":0.0,"max_hp_loss":0.0,"gold_gain":0.0,"event_name":"Back to Basics","player_choice":"Simplicity","floor":19.0,"gold_loss":0.0,"damage_taken":0.0,"cards_upgraded":[]},{"damage_healed":0.0,"max_hp_gain":0.0,"max_hp_loss":0.0,"gold_gain":0.0,"event_name":"Duplicator","player_choice":"Ignored","floor":21.0,"gold_loss":0.0,"damage_taken":0.0},{"damage_healed":0.0,"max_hp_gain":5.0,"max_hp_loss":0.0,"gold_gain":0.0,"event_name":"Forgotten Altar","player_choice":"Shed Blood","floor":22.0,"gold_loss":0.0,"damage_taken":23.0},{"damage_healed":0.0,"max_hp_gain":0.0,"max_hp_loss":0.0,"gold_gain":0.0,"event_name":"Match and Keep!","player_choice":"0 cards matched","floor":31.0,"gold_loss":0.0,"damage_taken":0.0,"cards_obtained":[]},{"damage_healed":0.0,"max_hp_gain":0.0,"max_hp_loss":0.0,"gold_gain":100.0,"event_name":"Golden Shrine","player_choice":"Pray","floor":39.0,"gold_loss":0.0,"damage_taken":0.0},{"damage_healed":0,"gold_gain":0,"player_choice":"Memory 1","damage_taken":0,"max_hp_gain":0,"max_hp_loss":0,"event_name":"SensoryStone","floor":45,"gold_loss":0},{"damage_healed":0,"gold_gain":0,"player_choice":"Fight","damage_taken":0,"max_hp_gain":0,"max_hp_loss":0,"event_name":"MindBloom","floor":48,"gold_loss":0}],"is_beta":false,"boss_relics":[{"not_picked":["Ectoplasm","Mark of Pain"],"picked":"Sozu"},{"not_picked":["SlaversCollar","Runic Cube"],"picked":"Black Blood"}],"items_purged_floors":[27,47],"is_endless":false,"potions_floor_spawned":[1,3,4,7,13,18,24,25,30,35,36,41],"ascension_level":10}}