{"host":"9oshzrjkbi608dco","time":1612008812,"event":{"mods":["AchievementEnabler","BaseMod","Colored Powertips","Minty Spire (QoL Compilation)"],"gold_per_floor":[10,10,20,195,34,61,73,73,73,73,73,87,100,110,110,215,265,284,45,60,60,60],"floor_reached":21,"language":"ENG","playtime":1789,"items_purged":["Doubt"],"score":181,"play_id":"5299151a-0fb6-40df-895e-12380fffb566","local_time":"20210130231332","is_ascension_mode":false,"campfire_choices":[{"floor":8,"key":"REST"},{"floor":11,"key":"RECALL"},{"floor":15,"key":"REST"}],"circlet_count":0,"master_deck":["Strike_P","Strike_P","Strike_P","Strike_P","Defend_P","Defend_P","Defend_P","Defend_P","Eruption","Vigilance","Panache","Worship+1","FollowUp","Prostrate+1","LikeWater","Prostrate+1","TalkToTheHand","ClearTheMind","CutThroughFate","Pray","Establishment","Perseverance","ClearTheMind","WheelKick+1"],"relics":["PureWater","Letter Opener","Blood Vial","Tiny House","Molten Egg 2"],"acts_visited":["Exordium","TheCity"],"potions_floor_usage":[6,12],"damage_taken":[{"damage":6,"enemies":"Jaw Worm","floor":1,"turns":3},{"damage":2,"enemies":"Cultist","floor":3,"turns":3},{"damage":45,"enemies":"Gremlin Nob","floor":6,"turns":6},{"damage":0,"enemies":"2 Louse","floor":7,"turns":3},{"damage":0,"enemies":"2 Fungi Beasts","floor":12,"turns":2},{"damage":0,"enemies":"Blue Slaver","floor":13,"turns":3},{"damage":9,"enemies":"Gremlin Gang","floor":14,"turns":3},{"damage":36,"enemies":"The Guardian","floor":16,"turns":13},{"damage":18,"enemies":"Spheric Guardian","floor":18,"turns":6},{"damage":32,"enemies":"Chosen","floor":20,"turns":9},{"damage":0,"enemies":"Centurion and Healer","floor":21,"turns":2}],"seed_played":"904938994356563434","potions_obtained":[{"floor":1,"key":"Block Potion"},{"floor":6,"key":"Fire Potion"},{"floor":17,"key":"SneckoOil"}],"is_trial":false,"path_per_floor":["M","?","M","?","$","E","M","R","T","?","R","M","M","M","R","B",null,"M","$","M","M"],"character_chosen":"WATCHER","items_purchased":["Prostrate","LikeWater","Molten Egg 2"],"campfire_rested":2,"item_purchase_floors":[5,5,19],"current_hp_per_floor":[66,66,64,64,64,19,19,40,40,40,40,42,44,37,58,24,77,59,59,29,31,31],"gold":60,"neow_bonus":"RANDOM_COLORLESS_2","is_daily":false,"chose_seed":false,"campfire_upgraded":0,"win_rate":0.0,"timestamp":1612008812,"path_taken":["M","?","M","?","$","E","M","R","T","?","R","M","?","M","R","BOSS","M","$","M","M"],"items_purchased_type":["Card","Card","Relic"],"build_version":"2020-12-22","purchased_purges":1,"victory":false,"max_hp_per_floor":[72,72,72,72,72,72,72,72,72,72,72,72,72,72,72,72,77,77,77,77,77,77],"card_choices":[{"not_picked":["Violence","Magnetism"],"picked":"Panache","floor":0},{"not_picked":["LikeWater","EmptyFist"],"picked":"Worship","floor":1},{"not_picked":["CutThroughFate","BowlingBash"],"picked":"FollowUp","floor":3},{"not_picked":["Swivel","Halt"],"picked":"Prostrate","floor":6},{"not_picked":["CutThroughFate","InnerPeace"],"picked":"TalkToTheHand","floor":7},{"not_picked":["Adaptation","JustLucky"],"picked":"ClearTheMind","floor":12},{"not_picked":["BowlingBash","ThirdEye"],"picked":"CutThroughFate","floor":13},{"not_picked":["Meditate","Fasting2"],"picked":"Pray","floor":14},{"not_picked":["Blasphemy","Scrawl"],"picked":"Establishment","floor":16},{"not_picked":["WreathOfFlame","EmptyBody"],"picked":"Perseverance","floor":17},{"not_picked":["ReachHeaven","Crescendo"],"picked":"ClearTheMind","floor":18},{"not_picked":["Crescendo+1","PathToVictory"],"picked":"WheelKick+1","floor":20}],"player_experience":73487,"relics_obtained":[{"floor":6,"key":"Letter Opener"},{"floor":9,"key":"Blood Vial"}],"event_choices":[{"damage_healed":0,"gold_gain":0,"player_choice":"Grow","damage_taken":0,"max_hp_gain":0,"max_hp_loss":0,"event_name":"Living Wall","floor":2,"gold_loss":0,"cards_upgraded":["Worship"]},{"damage_healed":0,"gold_gain":175,"player_choice":"AGREE","damage_taken":0,"max_hp_gain":0,"max_hp_loss":0,"event_name":"Liars Game","floor":4,"gold_loss":0,"cards_obtained":["Doubt"]},{"damage_healed":0,"gold_gain":0,"player_choice":"Upgraded","damage_taken":0,"max_hp_gain":0,"max_hp_loss":0,"event_name":"Upgrade Shrine","floor":10,"gold_loss":0,"cards_upgraded":["Prostrate"]}],"is_beta":false,"boss_relics":[{"not_picked":["Velvet Choker","Philosopher\u0027s Stone"],"picked":"Tiny House"}],"items_purged_floors":[5],"is_endless":false,"potions_floor_spawned":[1,6],"killed_by":"Centurion and Healer","ascension_level":0}}