{"host":"b69u97qm214vzd6b","time":1612027224,"event":{"mods":["BaseMod","Downfall","Hermit","Infinite Spire","Minty Spire (QoL Compilation)","Replay The Spire","StSLib","The Animator","The Cursed"],"gold_per_floor":[114,128,144,158,158,158,191,191,215,245,245,245,245,169,169,169,169],"floor_reached":16,"language":"ENG","playtime":799,"items_purged":[],"score":142,"play_id":"4ef1c65e-5468-4d59-9229-0691010dc5c6","local_time":"20210130102024","is_ascension_mode":true,"campfire_choices":[{"floor":6.0,"key":"REST"},{"floor":8.0,"key":"REST"},{"floor":15,"key":"REST"}],"circlet_count":0,"master_deck":["Strike_B","Strike_B","Strike_B","Strike_B","Defend_B","Defend_B","Defend_B","Defend_B","Zap","Dualcast","Bandage Up","Coolheaded","Consume","Genetic Algorithm","Streamline","Gash","Leap","Self Repair"],"relics":["champ:ChampionCrown","infinitespire:Cubic Diamond","Ancient Tea Set","Replay:Rubber Ducky","Happy Flower","FaceOfCleric"],"acts_visited":["Exordium"],"potions_floor_usage":[],"damage_taken":[{"damage":3.0,"enemies":"Jaw Worm","floor":1.0,"turns":5.0},{"damage":9.0,"enemies":"Small Slimes","floor":2.0,"turns":4.0},{"damage":10.0,"enemies":"Cultist","floor":3.0,"turns":4.0},{"damage":29.0,"enemies":"3 Louse","floor":4.0,"turns":5.0},{"damage":45.0,"enemies":"3 Sentries","floor":7.0,"turns":13.0},{"damage":38.0,"enemies":"Gremlin Nob","floor":10.0,"turns":4.0},{"damage":18.0,"enemies":"Replay:BlueRogue","floor":12.0,"turns":6.0},{"damage":51,"enemies":"Fading Forest","floor":16,"turns":7}],"seed_played":"7462403424446271084","potions_obtained":[{"floor":1.0,"key":"SmokeBomb"},{"floor":4.0,"key":"SpeedPotion"},{"floor":7.0,"key":"SteroidPotion"}],"is_trial":false,"path_per_floor":["M","M","M","M","?","R","E","R","T","E","?","E","?","$","R","B"],"character_chosen":"DEFECT","items_purchased":["Self Repair"],"campfire_rested":3,"item_purchase_floors":[14],"current_hp_per_floor":[74,69,63,38,38,60,19,41,41,3,28,14,14,14,36,0,0],"gold":169,"neow_bonus":"RANDOM_COLORLESS","is_daily":false,"chose_seed":false,"campfire_upgraded":0,"win_rate":0.0,"timestamp":1612027224,"path_taken":["M","M","M","M","?","R","E","R","T","E","?","E","?","$","R","BOSS"],"items_purchased_type":["Card"],"build_version":"2020-12-13","purchased_purges":0,"victory":false,"max_hp_per_floor":[75,75,75,75,75,75,75,75,75,75,75,75,75,75,75,75,75],"card_choices":[{"not_picked":["Flash of Steel","Deep Breath"],"picked":"Bandage Up","floor":0.0},{"not_picked":["FTL","Go for the Eyes"],"picked":"Coolheaded","floor":1.0},{"not_picked":["Gash","Tempest"],"picked":"Consume","floor":2.0},{"not_picked":["Gash","Coolheaded"],"picked":"Genetic Algorithm","floor":3.0},{"not_picked":["Panic Button","Force Field"],"picked":"Streamline","floor":4.0},{"not_picked":["Steam Power","Force Field"],"picked":"Gash","floor":7.0},{"not_picked":["FTL","ReplayTheSpireMod:GoodbyeWorld"],"picked":"Leap","floor":10.0}],"player_experience":101936,"relics_obtained":[{"floor":7.0,"key":"Ancient Tea Set"},{"floor":9.0,"key":"Replay:Rubber Ducky"},{"floor":10.0,"key":"Happy Flower"}],"event_choices":[{"damage_healed":25.0,"max_hp_gain":0.0,"max_hp_loss":0.0,"gold_gain":0.0,"event_name":"Big Fish","player_choice":"Banana","floor":11.0,"gold_loss":0.0,"damage_taken":0.0},{"damage_healed":0,"gold_gain":0,"player_choice":"Trade","damage_taken":0,"relics_obtained":["FaceOfCleric"],"max_hp_gain":0,"max_hp_loss":0,"event_name":"FaceTrader","floor":13,"gold_loss":0}],"is_beta":false,"boss_relics":[],"items_purged_floors":[],"is_endless":false,"potions_floor_spawned":[1,4,7],"killed_by":"Fading Forest","ascension_level":4}}