{"host":"2py7ki924ssbu6hl","time":1612027223,"event":{"mods":["Act Like it!","BaseMod","Better Match","CapriCore","Colored Powertips","Friendly Minions","Gensokyo","GifTheSpireLib","Minty Spire (QoL Compilation)","Rare Cards Sparkle","Relic Stats","StSLib","The Poker Player","everything is the same but u backflip on backflip"],"gold_per_floor":[109,109,34,34,15,15,15,15,63,78,90,404,404,430,430,525,525,544,561,573,590,239,274,274,303,303,303,303,303,321,321,321,423,423,440,453,134,149,149,149,178,178,178,204,214,234,234,106,106,106,106,106],"floor_reached":50,"language":"ENG","playtime":7898,"items_purged":["Shame"],"score":713,"play_id":"587b5edb-775d-48fe-945f-b854f9ed1514","local_time":"20210130182023","is_ascension_mode":false,"metric_token":914,"campfire_choices":[{"data":"PokerPlayerMod:Club1","floor":6.0,"key":"SMITH"},{"data":"PokerPlayerMod:ClubShade","floor":8.0,"key":"SMITH"},{"data":"PokerPlayerMod:Mulligan","floor":13.0,"key":"SMITH"},{"data":"PokerPlayerMod:TrumpStrike","floor":15.0,"key":"SMITH"},{"data":"PokerPlayerMod:FakeSymbols","floor":24.0,"key":"SMITH"},{"floor":28.0,"key":"REST"},{"data":"Night Terror","floor":32.0,"key":"SMITH"},{"data":"PokerPlayerMod:GamblerForm","floor":40.0,"key":"SMITH"},{"data":"PokerPlayerMod:GamblerForm","floor":42.0,"key":"SMITH"},{"floor":49,"key":"RECALL"}],"circlet_count":0,"master_deck":["PokerPlayerMod:Diamond1","PokerPlayerMod:Diamond2","PokerPlayerMod:Diamond3","PokerPlayerMod:Diamond4","PokerPlayerMod:Diamond5","PokerPlayerMod:Spade1","PokerPlayerMod:Spade5","PokerPlayerMod:Spade3","PokerPlayerMod:Spade4","PokerPlayerMod:Club2","PokerPlayerMod:Club5","PokerPlayerMod:Heart2","PokerPlayerMod:TrumpStrike+1","PokerPlayerMod:BadJoker","PokerPlayerMod:Mulligan+1","PokerPlayerMod:ClubShade+1","PokerPlayerMod:CardPrinter+1","PokerPlayerMod:HeartStrike+1","PokerPlayerMod:Spade4","PokerPlayerMod:Raise+1","PokerPlayerMod:Diamond4","PokerPlayerMod:FakeSymbols+1","PokerPlayerMod:Diamond2","PokerPlayerMod:HeartStrike+1","PokerPlayerMod:Harden+1","PokerPlayerMod:Raise","PokerPlayerMod:Spade5","PokerPlayerMod:CardPrinter+1","PokerPlayerMod:ClubsClub+1","Night Terror+1","PokerPlayerMod:GamblerForm+1","PokerPlayerMod:WildCard","PokerPlayerMod:GamblerForm+1","Gensokyo:FourOfAKind","Gensokyo:FourOfAKind","Gensokyo:FourOfAKind","Gensokyo:FourOfAKind","PokerPlayerMod:StackedDeck","PokerPlayerMod:Spade5","PokerPlayerMod:Heart4","PokerPlayerMod:Diamond5","PokerPlayerMod:SecondChance","PokerPlayerMod:Spade5","PokerPlayerMod:Configure+1","PokerPlayerMod:Spade10+","PokerPlayerMod:PoorCopy+1","PokerPlayerMod:SecondChance+1","PokerPlayerMod:FillThePot","PokerPlayerMod:Overdeal+1","PokerPlayerMod:Spade5","PokerPlayerMod:Diamond6","PokerPlayerMod:Heart5","PokerPlayerMod:HiddenCard+1","PokerPlayerMod:MagicTrick"],"relics":["PokerPlayerMod:DeckCase","NeowsBlessing","Dream Catcher","White Beast Statue","PokerPlayerMod:AceCard","PokerPlayerMod:PenAndEraser","Regal Pillow","Juzu Bracelet","Whetstone","Prayer Wheel","Velvet Choker","Orrery","Toolbox","PreservedInsect","Bottled Lightning","Meat on the Bone","Ancient Tea Set"],"acts_visited":["Gensokyo:Gensokyo","Gensokyo:Gensokyoer","Gensokyo:Gensokyoest"],"potions_floor_usage":[44,44,45,45,50,50],"damage_taken":[{"damage":0.0,"enemies":"Gensokyo:Python","floor":1.0,"turns":1.0},{"damage":0.0,"enemies":"Gensokyo:2_Kodama","floor":10.0,"turns":1.0},{"damage":0.0,"enemies":"Gensokyo:Gryphon","floor":11.0,"turns":1.0},{"damage":10.0,"enemies":"Gensokyo:VengefulSpirit","floor":12.0,"turns":6.0},{"damage":0.0,"enemies":"Gensokyo:Mamizou","floor":14.0,"turns":5.0},{"damage":0.0,"enemies":"Gensokyo:Yukari","floor":16.0,"turns":10.0},{"damage":2.0,"enemies":"Gensokyo:AngelMirror","floor":18.0,"turns":3.0},{"damage":4.0,"enemies":"Gensokyo:CosmicMonolith","floor":19.0,"turns":5.0},{"damage":10.0,"enemies":"Gensokyo:3_Gloops","floor":20.0,"turns":6.0},{"damage":7.0,"enemies":"Gensokyo:Wraith","floor":21.0,"turns":4.0},{"damage":10.0,"enemies":"Gensokyo:Reisen","floor":23.0,"turns":7.0},{"damage":39.0,"enemies":"Gensokyo:Koishi","floor":25.0,"turns":8.0},{"damage":35.0,"enemies":"Gensokyo:Swordslinger","floor":30.0,"turns":5.0},{"damage":57.0,"enemies":"Gensokyo:Eiki","floor":33.0,"turns":12.0},{"damage":28.0,"enemies":"Gensokyo:AncientGuardian","floor":35.0,"turns":7.0},{"damage":18.0,"enemies":"Gensokyo:3_Bats","floor":36.0,"turns":4.0},{"damage":5.0,"enemies":"Gensokyo:SeedOfUnknown","floor":38.0,"turns":4.0},{"damage":25.0,"enemies":"Gensokyo:Kasen","floor":41.0,"turns":8.0},{"damage":27,"enemies":"Gensokyo:Marisa","floor":44,"turns":5},{"damage":23,"enemies":"Gensokyo:AtlasGolem","floor":45,"turns":6},{"damage":0,"enemies":"Gensokyo:4_Bats","floor":46,"turns":3},{"damage":10,"enemies":"Gensokyo:Yuyuko","floor":50,"turns":4}],"seed_played":"1236088735611459088","potions_obtained":[{"floor":10.0,"key":"Regen Potion"},{"floor":12.0,"key":"FairyPotion"},{"floor":14.0,"key":"Strength Potion"},{"floor":25.0,"key":"Fire Potion"},{"floor":30.0,"key":"Block Potion"},{"floor":33.0,"key":"SpeedPotion"},{"floor":35.0,"key":"Strength Potion"},{"floor":36.0,"key":"Energy Potion"},{"floor":38.0,"key":"ColorlessPotion"},{"floor":41.0,"key":"GamblersBrew"},{"floor":44,"key":"Energy Potion"},{"floor":45,"key":"Strength Potion"},{"floor":46,"key":"AttackPotion"}],"is_trial":false,"path_per_floor":["M","?","?","$","COS","R","$","R","T","M","M","M","R","E","R","B",null,"M","M","M","M","COS","E","R","E","T","?","R","?","M","?","R","B",null,"M","M","COS","M","?","R","E","R","T","E","M","M","?","$","R","B"],"character_chosen":"THE_POKER_PLAYER","items_purchased":["PokerPlayerMod:MagicTrick"],"campfire_rested":1,"item_purchase_floors":[48],"current_hp_per_floor":[52,52,52,52,52,52,52,52,52,52,52,47,47,52,52,52,52,50,46,42,43,43,45,45,33,33,28,52,52,39,37,37,11,37,33,36,36,32,32,32,27,27,27,37,26,26,26,26,26,0,0,0],"gold":106,"neow_bonus":"THREE_ENEMY_KILL","is_daily":false,"chose_seed":false,"campfire_upgraded":8,"win_rate":0.0,"timestamp":1612027223,"path_taken":["M","?","?","?","COS","R","$","R","T","M","M","M","R","E","R","BOSS","M","M","M","M","COS","E","R","E","T","?","R","?","M","?","R","BOSS","M","M","COS","M","?","R","E","R","T","E","M","M","?","$","R","BOSS"],"items_purchased_type":["Card"],"build_version":"2020-12-22","purchased_purges":1,"victory":false,"max_hp_per_floor":[52,52,52,52,52,52,52,52,52,52,52,52,52,52,52,52,52,52,52,52,52,52,52,52,52,52,52,52,52,52,37,37,37,37,37,37,37,37,37,37,37,37,37,37,37,37,37,37,37,1,1,1],"relic_stats":{"Dream Catcher":1,"Regal Pillow":9,"counters":[22,115],"Prayer Wheel":5,"PreservedInsect":63,"Juzu Bracelet":0,"Whetstone":["PokerPlayerMod:HeartStrike","PokerPlayerMod:HeartStrike"],"obtain_stats":[{"Regal Pillow":23,"NeowsBlessing":0,"PokerPlayerMod:PenAndEraser":22,"Velvet Choker":34,"PokerPlayerMod:AceCard":17,"PreservedInsect":41,"Juzu Bracelet":25,"Whetstone":25,"Ancient Tea Set":45,"White Beast Statue":14,"Frozen Eye":25,"PokerPlayerMod:DeckCase":0,"Dream Catcher":9,"Orrery":37,"Toolbox":37,"Prayer Wheel":33,"Bottled Lightning":43,"Meat on the Bone":44},{"Regal Pillow":11,"NeowsBlessing":0,"PokerPlayerMod:PenAndEraser":10,"Velvet Choker":14,"PokerPlayerMod:AceCard":6,"PreservedInsect":18,"Juzu Bracelet":12,"Whetstone":12,"Ancient Tea Set":20,"White Beast Statue":5,"Frozen Eye":11,"PokerPlayerMod:DeckCase":0,"Dream Catcher":1,"Orrery":16,"Toolbox":16,"Prayer Wheel":14,"Bottled Lightning":18,"Meat on the Bone":19},{"Regal Pillow":49,"NeowsBlessing":0,"PokerPlayerMod:PenAndEraser":42,"Velvet Choker":74,"PokerPlayerMod:AceCard":24,"PreservedInsect":97,"Juzu Bracelet":50,"Whetstone":57,"Ancient Tea Set":103,"White Beast Statue":14,"Frozen Eye":49,"PokerPlayerMod:DeckCase":0,"Dream Catcher":1,"Orrery":85,"Toolbox":85,"Prayer Wheel":66,"Bottled Lightning":97,"Meat on the Bone":102}],"Meat on the Bone":12},"card_choices":[{"not_picked":["PokerPlayerMod:Spade1","PokerPlayerMod:Diamond1"],"picked":"PokerPlayerMod:ClubShade","floor":1.0},{"not_picked":["PokerPlayerMod:HotShotCut+1","PokerPlayerMod:JackOfSpades+1"],"picked":"PokerPlayerMod:CardPrinter+1","floor":3.0},{"not_picked":["PokerPlayerMod:Club8","PokerPlayerMod:Diamond3"],"picked":"PokerPlayerMod:HeartStrike","floor":10.0},{"not_picked":["PokerPlayerMod:CardPrinter","PokerPlayerMod:Spade2"],"picked":"PokerPlayerMod:Spade4","floor":11.0},{"not_picked":["PokerPlayerMod:SpadeStrike","PokerPlayerMod:Club1"],"picked":"PokerPlayerMod:Raise","floor":12.0},{"not_picked":["PokerPlayerMod:Spade7","PokerPlayerMod:Fold"],"picked":"PokerPlayerMod:Diamond4","floor":14.0},{"not_picked":["PokerPlayerMod:WasteCollection","PokerPlayerMod:Club10+"],"picked":"PokerPlayerMod:FakeSymbols","floor":16.0},{"not_picked":["PokerPlayerMod:ClubsClub","PokerPlayerMod:Diamond2"],"picked":"PokerPlayerMod:Diamond1","floor":18.0},{"not_picked":["PokerPlayerMod:HotShotCut","PokerPlayerMod:Club1"],"picked":"PokerPlayerMod:HeartStrike","floor":19.0},{"not_picked":["PokerPlayerMod:ClubsClub","PokerPlayerMod:Club1"],"picked":"PokerPlayerMod:Harden+1","floor":20.0},{"not_picked":["PokerPlayerMod:Trickery","PokerPlayerMod:Diamond3"],"picked":"PokerPlayerMod:Raise","floor":21.0},{"not_picked":["PokerPlayerMod:Diamond7","PokerPlayerMod:Spade2"],"picked":"PokerPlayerMod:Spade5","floor":23.0},{"not_picked":["PokerPlayerMod:RoyalStrike","PokerPlayerMod:ClubsClub"],"picked":"PokerPlayerMod:CardPrinter+1","floor":23.0},{"not_picked":["PokerPlayerMod:Heart5","PokerPlayerMod:Diamond3"],"picked":"PokerPlayerMod:ClubsClub","floor":25.0},{"not_picked":["PokerPlayerMod:Manipulation","PokerPlayerMod:SpadeStrike"],"picked":"PokerPlayerMod:GamblerForm","floor":28.0},{"not_picked":["PokerPlayerMod:ChangeRules","PokerPlayerMod:StackedDeck"],"picked":"PokerPlayerMod:WildCard","floor":30.0},{"not_picked":["PokerPlayerMod:Spade4","PokerPlayerMod:SpadeStrike+1"],"picked":"PokerPlayerMod:GamblerForm","floor":30.0},{"not_picked":["PokerPlayerMod:Diamond8","PokerPlayerMod:RoyalStrike"],"picked":"PokerPlayerMod:StackedDeck","floor":33.0},{"not_picked":["PokerPlayerMod:Fold","PokerPlayerMod:JackOfSpades"],"picked":"PokerPlayerMod:Spade5","floor":35.0},{"not_picked":["PokerPlayerMod:Club4","PokerPlayerMod:Raise"],"picked":"PokerPlayerMod:Heart4","floor":35.0},{"not_picked":["PokerPlayerMod:CloakAndDiamond","PokerPlayerMod:FlyingCard+1"],"picked":"PokerPlayerMod:Diamond5","floor":36.0},{"not_picked":["PokerPlayerMod:CardBurn+1","PokerPlayerMod:ClubsClub"],"picked":"PokerPlayerMod:SecondChance","floor":36.0},{"not_picked":["PokerPlayerMod:Club2","PokerPlayerMod:Spade4"],"picked":"PokerPlayerMod:Spade5","floor":37.0},{"not_picked":["PokerPlayerMod:Harden","PokerPlayerMod:Spade2"],"picked":"PokerPlayerMod:Configure+1","floor":37.0},{"not_picked":["PokerPlayerMod:ClubsClub+1","PokerPlayerMod:Diamond3"],"picked":"PokerPlayerMod:Spade10+","floor":37.0},{"not_picked":["PokerPlayerMod:Spade1","PokerPlayerMod:Diamond3"],"picked":"PokerPlayerMod:PoorCopy+1","floor":38.0},{"not_picked":["PokerPlayerMod:HotShotCut","PokerPlayerMod:SpadeStrike+1"],"picked":"PokerPlayerMod:SecondChance+1","floor":38.0},{"not_picked":["PokerPlayerMod:Spade4","PokerPlayerMod:SecondChance"],"picked":"PokerPlayerMod:FillThePot","floor":41.0},{"not_picked":["PokerPlayerMod:Harden","PokerPlayerMod:JackOfSpades+1"],"picked":"PokerPlayerMod:Overdeal+1","floor":44},{"not_picked":["PokerPlayerMod:DiamondStrike","PokerPlayerMod:HotShotCut"],"picked":"PokerPlayerMod:Spade5","floor":45},{"not_picked":["PokerPlayerMod:Diamond2","PokerPlayerMod:RoyalStrike"],"picked":"PokerPlayerMod:Diamond6","floor":45},{"not_picked":["PokerPlayerMod:CardBurn+1","PokerPlayerMod:Heart3"],"picked":"PokerPlayerMod:Heart5","floor":46},{"not_picked":["PokerPlayerMod:Spade2","PokerPlayerMod:Club1","PokerPlayerMod:Spade4"],"picked":"SKIP","floor":46},{"not_picked":["PokerPlayerMod:FillThePot+1","PokerPlayerMod:ClubDance+1"],"picked":"PokerPlayerMod:HiddenCard+1","floor":47}],"player_experience":236664,"relics_obtained":[{"floor":9.0,"key":"Dream Catcher"},{"floor":14.0,"key":"White Beast Statue"},{"floor":23.0,"key":"Regal Pillow"},{"floor":25.0,"key":"Whetstone"},{"floor":41.0,"key":"PreservedInsect"},{"floor":43.0,"key":"Bottled Lightning"},{"floor":44,"key":"Meat on the Bone"}],"event_choices":[{"damage_healed":0.0,"max_hp_gain":0.0,"max_hp_loss":0.0,"gold_gain":0.0,"event_name":"betterMatch:BetterMatch","player_choice":"2","floor":3.0,"gold_loss":0.0,"damage_taken":0.0,"cards_obtained":["betterMatch:UncommonCard"]},{"damage_healed":0,"gold_gain":0,"player_choice":"2","damage_taken":0,"max_hp_gain":0,"max_hp_loss":0,"event_name":"betterMatch:BetterMatch","floor":47,"gold_loss":0,"cards_obtained":["betterMatch:UncommonCard","betterMatch:CommonCard"]}],"is_beta":false,"boss_relics":[{"not_picked":["Astrolabe","Busted Crown"],"picked":"PokerPlayerMod:AceCard"},{"not_picked":["Cursed Key","Tiny House"],"picked":"Velvet Choker"}],"items_purged_floors":[48],"is_endless":false,"potions_floor_spawned":[10,12,14,16,18,19,20,21,23,25,30,33,35,36,38,41,44,45,46],"killed_by":"Gensokyo:Yuyuko","ascension_level":0}}