{"host":"f0gpob8hq9vgebej","time":1612014442,"event":{"mods":["AchievementEnabler","BaseMod","Minty Spire (QoL Compilation)","Quick Restart","SuperFastMode"],"gold_per_floor":[109,123,133,144,144,144,163,176,176,193,193,118,118,18,18,121,121,134,151,164,183,98,98,98,98,122,122,122],"floor_reached":27,"language":"KOR","playtime":746,"items_purged":["Strike_B","Strike_B"],"score":321,"play_id":"d47713f3-3345-4347-8819-b0b5f05b5867","local_time":"20210130224722","is_ascension_mode":true,"campfire_choices":[{"data":"Zap","floor":6.0,"key":"SMITH"},{"data":"Hologram","floor":11.0,"key":"SMITH"},{"floor":15.0,"key":"REST"},{"data":"Dualcast","floor":23,"key":"SMITH"},{"floor":25,"key":"REST"}],"circlet_count":0,"master_deck":["AscendersBane","Defend_B","Defend_B","Zap+1","Dualcast+1","Streamline","Skim","Conserve Battery","Hologram+1","Cold Snap","White Noise","Compile Driver","Echo Form","Loop","Force Field","Reboot"],"relics":["Cracked Core","Meat on the Bone","Nunchaku","Nuclear Battery","Symbiotic Virus","Juzu Bracelet"],"acts_visited":["Exordium","TheCity"],"potions_floor_usage":[21],"damage_taken":[{"damage":7.0,"enemies":"Jaw Worm","floor":1.0,"turns":3.0},{"damage":5.0,"enemies":"Small Slimes","floor":2.0,"turns":3.0},{"damage":1.0,"enemies":"Cultist","floor":3.0,"turns":3.0},{"damage":14.0,"enemies":"Exordium Wildlife","floor":4.0,"turns":5.0},{"damage":3.0,"enemies":"Red Slaver","floor":7.0,"turns":4.0},{"damage":5.0,"enemies":"2 Fungi Beasts","floor":8.0,"turns":4.0},{"damage":11.0,"enemies":"Blue Slaver","floor":10.0,"turns":3.0},{"damage":1.0,"enemies":"The Guardian","floor":16.0,"turns":12.0},{"damage":14.0,"enemies":"Shell Parasite","floor":18.0,"turns":4.0},{"damage":8.0,"enemies":"3 Byrds","floor":19.0,"turns":4.0},{"damage":17.0,"enemies":"Cultist and Chosen","floor":20.0,"turns":6.0},{"damage":35,"enemies":"Snake Plant","floor":21,"turns":5},{"damage":47,"enemies":"Slavers","floor":27,"turns":4}],"seed_played":"-9075424889941117109","potions_obtained":[{"floor":1.0,"key":"FocusPotion"},{"floor":2.0,"key":"SneckoOil"},{"floor":7.0,"key":"Swift Potion"},{"floor":19.0,"key":"SkillPotion"},{"floor":20.0,"key":"Strength Potion"}],"is_trial":false,"path_per_floor":["M","M","M","M","?","R","M","M","T","M","R","$","?","$","R","B",null,"M","M","M","M","?","R","?","R","T","E"],"character_chosen":"DEFECT","items_purchased":[],"campfire_rested":2,"item_purchase_floors":[],"current_hp_per_floor":[43,38,37,23,28,28,25,20,20,21,21,21,14,14,38,49,72,58,50,45,22,22,22,22,46,46,0,0],"gold":122,"neow_bonus":"REMOVE_TWO","is_daily":false,"chose_seed":false,"campfire_upgraded":3,"win_rate":0.0,"timestamp":1612014442,"path_taken":["M","M","M","M","?","R","M","M","T","M","R","$","?","$","R","BOSS","M","M","M","M","?","R","?","R","T","E"],"items_purchased_type":[],"build_version":"2020-12-22","purchased_purges":2,"victory":false,"max_hp_per_floor":[75,75,75,75,80,80,80,80,80,80,80,80,80,80,80,80,80,80,80,80,80,80,80,80,80,80,80,80],"card_choices":[{"not_picked":["Glacier","Lockon"],"picked":"Streamline","floor":1.0},{"not_picked":["Gash","Melter"],"picked":"Skim","floor":2.0},{"not_picked":["Redo","Go for the Eyes"],"picked":"Conserve Battery","floor":3.0},{"not_picked":["Turbo","Cold Snap"],"picked":"Hologram","floor":4.0},{"not_picked":["Steam","Chaos"],"picked":"Cold Snap","floor":7.0},{"not_picked":["Gash","Rebound"],"picked":"White Noise","floor":8.0},{"not_picked":["Rip and Tear","Conserve Battery"],"picked":"Compile Driver","floor":10.0},{"not_picked":["Biased Cognition","All For One"],"picked":"Echo Form","floor":16.0},{"not_picked":["Force Field","Rebound+1","Coolheaded"],"picked":"SKIP","floor":18.0},{"not_picked":["Stack","Steam","Redo"],"picked":"SKIP","floor":19.0},{"not_picked":["Double Energy+1","Recycle+1"],"picked":"Loop","floor":20.0},{"not_picked":["Auto Shields","Hologram","Compile Driver"],"picked":"SKIP","floor":21}],"player_experience":291098,"relics_obtained":[{"floor":9.0,"key":"Meat on the Bone"},{"floor":26,"key":"Juzu Bracelet"}],"event_choices":[{"damage_healed":0.0,"max_hp_gain":5.0,"max_hp_loss":0.0,"gold_gain":0.0,"event_name":"Big Fish","player_choice":"Donut","floor":5.0,"gold_loss":0.0,"damage_taken":0.0},{"damage_healed":0.0,"max_hp_gain":0.0,"max_hp_loss":0.0,"gold_gain":0.0,"event_name":"Scrap Ooze","player_choice":"Success","floor":13.0,"gold_loss":0.0,"damage_taken":7.0,"relics_obtained":["Nunchaku"]},{"damage_healed":0,"gold_gain":0,"player_choice":"Obtained Relic","damage_taken":0,"relics_obtained":["Symbiotic Virus"],"max_hp_gain":0,"max_hp_loss":0,"event_name":"Addict","floor":22,"gold_loss":85},{"damage_healed":0,"gold_gain":0,"cards_transformed":["Strike_B","Defend_B"],"player_choice":"Became Test Subject","damage_taken":0,"max_hp_gain":0,"max_hp_loss":0,"event_name":"Drug Dealer","floor":24,"gold_loss":0,"cards_obtained":["Force Field","Reboot"]}],"is_beta":false,"boss_relics":[{"not_picked":["Cursed Key","Coffee Dripper"],"picked":"Nuclear Battery"}],"items_purged_floors":[12,14],"is_endless":false,"potions_floor_spawned":[1,2,7,19,20],"killed_by":"Slavers","ascension_level":11}}