{"host":"6g3xdvewo8r2cc5h","time":1612031314,"event":{"mods":["AchievementEnabler","BaseMod","Minty Spire (QoL Compilation)","SuperFastMode"],"gold_per_floor":[115,115,290,64,64,97,114,64,64,64,82,125,137,168,180,192,192],"floor_reached":16,"language":"ENG","playtime":322,"items_purged":["Doubt"],"score":213,"play_id":"7188ffc2-ba03-4dac-a935-ba0a2970f518","local_time":"20210130192834","is_ascension_mode":true,"campfire_choices":[{"floor":13,"key":"REST"},{"floor":15,"key":"REST"}],"circlet_count":0,"master_deck":["AscendersBane","Strike_G","Strike_G","Strike_G+1","Strike_G","Defend_G","Defend_G","Defend_G","Defend_G","Survivor","Neutralize+1","Quick Slash"],"relics":["Ring of the Snake","NeowsBlessing","PreservedInsect","Vajra","Juzu Bracelet","Golden Idol","MawBank"],"acts_visited":["Exordium"],"potions_floor_usage":[16],"damage_taken":[{"damage":0,"enemies":"Small Slimes","floor":1,"turns":1},{"damage":0,"enemies":"Gremlin Nob","floor":6,"turns":1},{"damage":0,"enemies":"2 Louse","floor":7,"turns":1},{"damage":7,"enemies":"Jaw Worm","floor":11,"turns":3},{"damage":17,"enemies":"3 Sentries","floor":12,"turns":7},{"damage":8,"enemies":"Looter","floor":14,"turns":4},{"damage":53,"enemies":"Hexaghost","floor":16,"turns":14}],"seed_played":"747057465133022984","potions_obtained":[{"floor":6,"key":"Energy Potion"},{"floor":11,"key":"SkillPotion"}],"is_trial":false,"path_per_floor":["M","?","?","$","?","E","M","?","T","?","M","E","R","M","R","B"],"character_chosen":"THE_SILENT","items_purchased":["PreservedInsect"],"campfire_rested":2,"item_purchase_floors":[4],"current_hp_per_floor":[63,49,49,49,42,42,42,42,42,42,35,18,37,29,48,0,0],"gold":192,"neow_bonus":"THREE_ENEMY_KILL","is_daily":false,"chose_seed":false,"campfire_upgraded":0,"win_rate":0.0,"timestamp":1612031314,"path_taken":["M","?","?","$","?","E","M","?","T","?","M","E","R","M","R","BOSS"],"items_purchased_type":["Relic"],"build_version":"2020-12-22","purchased_purges":1,"victory":false,"max_hp_per_floor":[70,70,70,70,70,70,70,70,70,65,65,65,65,65,65,65,65],"card_choices":[{"not_picked":["Prepared","Dagger Throw","Flying Knee"],"picked":"SKIP","floor":1},{"not_picked":["Dash","Poisoned Stab"],"picked":"Quick Slash","floor":6},{"not_picked":["Caltrops","Bane","Dagger Spray"],"picked":"SKIP","floor":7},{"not_picked":["Deadly Poison","Flying Knee","Envenom"],"picked":"SKIP","floor":11},{"not_picked":["All Out Attack","Sucker Punch","Deadly Poison"],"picked":"SKIP","floor":12},{"not_picked":["Deadly Poison","Caltrops","Deflect"],"picked":"SKIP","floor":14}],"player_experience":220936,"relics_obtained":[{"floor":6,"key":"Vajra"},{"floor":9,"key":"Juzu Bracelet"},{"floor":12,"key":"MawBank"}],"event_choices":[{"damage_healed":0,"gold_gain":0,"player_choice":"Entered Light","damage_taken":14,"max_hp_gain":0,"max_hp_loss":0,"event_name":"Shining Light","floor":2,"gold_loss":0,"cards_upgraded":["Neutralize","Strike_G"]},{"damage_healed":0,"gold_gain":175,"player_choice":"AGREE","damage_taken":0,"max_hp_gain":0,"max_hp_loss":0,"event_name":"Liars Game","floor":3,"gold_loss":0,"cards_obtained":["Doubt"]},{"cards_removed":["Defend_G"],"damage_healed":0,"gold_gain":0,"player_choice":"Card Removal","damage_taken":7,"max_hp_gain":0,"max_hp_loss":0,"event_name":"Golden Wing","floor":5,"gold_loss":0},{"cards_removed":["Strike_G"],"damage_healed":0,"gold_gain":0,"player_choice":"Card Removal","damage_taken":0,"max_hp_gain":0,"max_hp_loss":0,"event_name":"The Cleric","floor":8,"gold_loss":50},{"damage_healed":0,"gold_gain":0,"player_choice":"Lose Max HP","damage_taken":0,"relics_obtained":["Golden Idol"],"max_hp_gain":0,"max_hp_loss":5,"event_name":"Golden Idol","floor":10,"gold_loss":0}],"is_beta":false,"boss_relics":[],"items_purged_floors":[4],"is_endless":false,"potions_floor_spawned":[6,11,14],"killed_by":"Hexaghost","ascension_level":12}}