{"host":"fxrgx7wt2cpkbhka","time":1612006546,"event":{"mods":["AchievementEnabler","BaseMod","Colored Powertips","Minty Spire (QoL Compilation)","Permanent Neow","Quick Restart","Slay-I","StSLib","Waifu the Spire"],"gold_per_floor":[109,109,109,122,122,122,153,153,180,203,239,260,279,293,293,293,293],"floor_reached":16,"language":"ENG","playtime":343,"items_purged":[],"score":226,"play_id":"70bc6918-ef40-4881-b209-b4080cbd1390","local_time":"20210130033546","is_ascension_mode":true,"campfire_choices":[{"data":"Flex","floor":6,"key":"SMITH"},{"floor":8,"key":"REST"},{"data":"Flex","floor":15,"key":"SMITH"}],"circlet_count":0,"master_deck":["AscendersBane","Strike_R+1","Strike_R","Strike_R","Strike_R","Strike_R","Defend_R","Defend_R","Defend_R","Defend_R","Bash+1","Flex+1","Injury","Flex+1","Clash","Wild Strike"],"relics":["Burning Blood","NeowsBlessing","Centennial Puzzle","Golden Idol","Dream Catcher","Red Skull","Omamori"],"acts_visited":["Exordium"],"potions_floor_usage":[11],"damage_taken":[{"damage":0,"enemies":"Jaw Worm","floor":1,"turns":1},{"damage":0,"enemies":"Small Slimes","floor":4,"turns":1},{"damage":0,"enemies":"Lagavulin","floor":7,"turns":1},{"damage":6,"enemies":"2 Louse","floor":10,"turns":2},{"damage":35,"enemies":"3 Sentries","floor":11,"turns":8},{"damage":2,"enemies":"Looter","floor":12,"turns":4},{"damage":7,"enemies":"3 Louse","floor":13,"turns":3},{"damage":1,"enemies":"2 Fungi Beasts","floor":14,"turns":3},{"damage":56,"enemies":"The Guardian","floor":16,"turns":9}],"seed_played":"3927289821418648119","potions_obtained":[{"floor":4,"key":"Ancient Potion"},{"floor":7,"key":"Fire Potion"}],"is_trial":false,"path_per_floor":["M","?","?","M","?","R","E","R","T","M","E","M","M","M","R","B"],"character_chosen":"IRONCLAD","items_purchased":[],"campfire_rested":1,"item_purchase_floors":[],"current_hp_per_floor":[78,62,37,43,43,43,49,73,73,73,44,48,47,52,52,0,0],"gold":293,"neow_bonus":"THREE_ENEMY_KILL","is_daily":false,"chose_seed":false,"campfire_upgraded":2,"win_rate":0.0,"timestamp":1612006546,"path_taken":["M","?","?","M","?","R","E","R","T","M","E","M","M","M","R","BOSS"],"items_purchased_type":[],"build_version":"2020-12-22","purchased_purges":0,"victory":false,"max_hp_per_floor":[80,80,80,80,80,80,80,80,80,80,80,80,80,80,80,80,80],"card_choices":[{"not_picked":["Headbutt","Intimidate"],"picked":"Flex","floor":1},{"not_picked":["Sword Boomerang","Pommel Strike","Armaments"],"picked":"SKIP","floor":4},{"not_picked":["Perfected Strike","Sword Boomerang","Thunderclap"],"picked":"SKIP","floor":7},{"not_picked":["True Grit","Armaments"],"picked":"Flex","floor":8},{"not_picked":["Shrug It Off","Sword Boomerang","Wild Strike"],"picked":"SKIP","floor":10},{"not_picked":["Perfected Strike","Hemokinesis"],"picked":"Clash","floor":11},{"not_picked":["Shockwave","Dropkick","Anger"],"picked":"SKIP","floor":12},{"not_picked":["Sentinel","Battle Trance"],"picked":"Wild Strike","floor":13},{"not_picked":["True Grit","Sword Boomerang","Shrug It Off"],"picked":"SKIP","floor":14}],"player_experience":735169,"relics_obtained":[{"floor":7,"key":"Dream Catcher"},{"floor":9,"key":"Red Skull"},{"floor":11,"key":"Omamori"}],"event_choices":[{"damage_healed":0,"gold_gain":0,"player_choice":"Entered Light","damage_taken":16,"max_hp_gain":0,"max_hp_loss":0,"event_name":"Shining Light","floor":2,"gold_loss":0,"cards_upgraded":["Bash","Strike_R"]},{"damage_healed":0,"gold_gain":0,"player_choice":"Success","damage_taken":25,"relics_obtained":["Centennial Puzzle"],"max_hp_gain":0,"max_hp_loss":0,"event_name":"Scrap Ooze","floor":3,"gold_loss":0},{"damage_healed":0,"gold_gain":0,"player_choice":"Take Wound","damage_taken":0,"relics_obtained":["Golden Idol"],"max_hp_gain":0,"max_hp_loss":0,"event_name":"Golden Idol","floor":5,"gold_loss":0,"cards_obtained":["Injury"]}],"is_beta":false,"boss_relics":[],"items_purged_floors":[],"is_endless":false,"potions_floor_spawned":[4,7],"killed_by":"The Guardian","ascension_level":13}}