{"host":"2pffx5rqbod9ds0c","time":1612042847,"event":{"mods":["BaseMod","Better Altar","Better Match","Better Note","Better Sensory Stone","Better Skull","Better Third Choice","Custom Start","Hubris","Minty Spire (QoL Compilation)","Quick Restart","Relic Stats","Robot Space Explorer","Spicy Shops","StSLib"],"gold_per_floor":[118,118,118,137,137,165,165,30,30,50,68,98,98,118,118,196,196,214,214,264,281,296,321,340,340,414,414,414],"floor_reached":27,"language":"ENG","playtime":718,"items_purged":[],"score":536,"play_id":"61e83d04-fcc7-4825-990e-ab6fbcc6b1f7","local_time":"20210130134047","is_ascension_mode":true,"campfire_choices":[{"data":"Fire Breathing","floor":7.0,"key":"SMITH"},{"data":"Inflame","floor":15.0,"key":"SMITH"},{"data":"Heavy Blade","floor":25,"key":"SMITH"}],"circlet_count":0,"master_deck":["AscendersBane","Strike_R","Strike_R","Strike_R","Strike_R","Defend_R","Defend_R","Defend_R","Defend_R","Bash","Shrug It Off","Flash of Steel","Iron Wave","Inflame+1","Fire Breathing+1","Twin Strike","Juggernaut","Heavy Blade+1","Wild Strike+1"],"relics":["Burning Blood","NeowsBlessing","Mango","hubris:OldNail","Paper Frog","Red Skull","hubris:Icosahedron","Coffee Dripper","Juzu Bracelet","Frozen Egg 2"],"acts_visited":["Exordium","TheCity"],"potions_floor_usage":[27],"damage_taken":[{"damage":0.0,"enemies":"Small Slimes","floor":1.0,"turns":1.0},{"damage":0.0,"enemies":"2 Louse","floor":4.0,"turns":2.0},{"damage":0.0,"enemies":"Gremlin Nob","floor":6.0,"turns":1.0},{"damage":0.0,"enemies":"Cultist","floor":10.0,"turns":2.0},{"damage":3.0,"enemies":"Blue Slaver","floor":11.0,"turns":4.0},{"damage":15.0,"enemies":"3 Sentries","floor":12.0,"turns":4.0},{"damage":11.0,"enemies":"Looter","floor":14.0,"turns":3.0},{"damage":68.0,"enemies":"Hexaghost","floor":16.0,"turns":8.0},{"damage":22.0,"enemies":"Spheric Guardian","floor":18.0,"turns":4.0},{"damage":21.0,"enemies":"Shell Parasite","floor":21.0,"turns":4.0},{"damage":24.0,"enemies":"Sentry and Sphere","floor":22.0,"turns":4.0},{"damage":14.0,"enemies":"Gremlin Leader","floor":23.0,"turns":4.0},{"damage":10,"enemies":"Cultist and Chosen","floor":24,"turns":4},{"damage":13,"enemies":"Book of Stabbing","floor":27,"turns":2}],"seed_played":"-5326813548570395002","potions_obtained":[{"floor":4.0,"key":"PowerPotion"},{"floor":12.0,"key":"BloodPotion"},{"floor":16.0,"key":"DistilledChaos"},{"floor":24,"key":"ColorlessPotion"}],"is_trial":false,"path_per_floor":["M","?","?","M","?","E","R","?","T","M","M","E","?","M","R","B",null,"M","?","?","M","M","E","M","R","T","E"],"character_chosen":"IRONCLAD","items_purchased":[],"campfire_rested":0,"item_purchase_floors":[],"current_hp_per_floor":[74,74,74,75,75,89,89,89,89,89,89,80,80,75,75,30,74,58,58,58,43,25,17,13,13,13,0,0],"gold":414,"neow_bonus":"THREE_ENEMY_KILL","is_daily":false,"chose_seed":false,"campfire_upgraded":3,"win_rate":0.0,"timestamp":1612042847,"path_taken":["M","?","?","M","?","E","R","?","T","M","?","E","?","M","R","BOSS","M","?","?","M","M","E","M","R","T","E"],"items_purchased_type":[],"build_version":"2020-12-22","purchased_purges":0,"victory":false,"max_hp_per_floor":[75,75,75,75,75,89,89,89,89,89,89,89,89,89,89,89,89,89,89,89,89,89,89,89,89,89,89,89],"relic_stats":{"counters":[14,47],"Juzu Bracelet":0,"obtain_stats":[{"hubris:Icosahedron":13,"NeowsBlessing":0,"Mango":6,"Coffee Dripper":17,"Juzu Bracelet":23,"Frozen Egg 2":26,"Burning Blood":0,"hubris:OldNail":8,"Red Skull":12,"Paper Frog":9},{"hubris:Icosahedron":6,"NeowsBlessing":0,"Mango":3,"Coffee Dripper":8,"Juzu Bracelet":12,"Frozen Egg 2":13,"Burning Blood":0,"hubris:OldNail":3,"Red Skull":6,"Paper Frog":3},{"hubris:Icosahedron":14,"NeowsBlessing":0,"Mango":4,"Coffee Dripper":25,"Juzu Bracelet":41,"Frozen Egg 2":45,"Burning Blood":0,"hubris:OldNail":4,"Red Skull":14,"Paper Frog":4}],"Burning Blood":58},"card_choices":[{"not_picked":["hubris:SharpeningStone","Wild Strike"],"picked":"Shrug It Off","floor":1.0},{"not_picked":["Chrysalis","Secret Weapon"],"picked":"Flash of Steel","floor":2.0},{"not_picked":["Flame Barrier","Ghostly Armor"],"picked":"Iron Wave","floor":4.0},{"not_picked":["Flex","Battle Trance"],"picked":"Fire Breathing","floor":6.0},{"not_picked":["Seeing Red","Headbutt"],"picked":"Twin Strike","floor":10.0},{"not_picked":["Cleave","Pommel Strike","Headbutt"],"picked":"SKIP","floor":11.0},{"not_picked":["Clash","Thunderclap","Rupture"],"picked":"SKIP","floor":12.0},{"not_picked":["Shrug It Off","Flex","Body Slam"],"picked":"SKIP","floor":14.0},{"not_picked":["Berserk","Brutality"],"picked":"Juggernaut","floor":16.0},{"not_picked":["Ghostly Armor","Shrug It Off"],"picked":"Heavy Blade","floor":18.0},{"not_picked":["Entrench","Heavy Blade","Seeing Red"],"picked":"SKIP","floor":21.0},{"not_picked":["Fire Breathing","Reckless Charge","Carnage"],"picked":"SKIP","floor":22.0},{"not_picked":["Flex","Bloodletting","Armaments"],"picked":"SKIP","floor":23.0},{"not_picked":["Heavy Blade","Flex"],"picked":"Wild Strike+1","floor":24}],"player_experience":800833,"relics_obtained":[{"floor":6.0,"key":"Mango"},{"floor":9.0,"key":"Paper Frog"},{"floor":12.0,"key":"Red Skull"},{"floor":23.0,"key":"Juzu Bracelet"},{"floor":26,"key":"Frozen Egg 2"}],"event_choices":[{"damage_healed":0.0,"max_hp_gain":0.0,"max_hp_loss":0.0,"gold_gain":1.0,"event_name":"betterStone:BetterStone","player_choice":"1","floor":2.0,"gold_loss":0.0,"damage_taken":0.0},{"cards_removed":["Strike_R"],"damage_healed":0.0,"max_hp_gain":0.0,"max_hp_loss":0.0,"gold_gain":0.0,"event_name":"Living Wall","player_choice":"Forget","floor":3.0,"gold_loss":0.0,"damage_taken":0.0},{"damage_healed":0.0,"max_hp_gain":0.0,"max_hp_loss":0.0,"gold_gain":0.0,"event_name":"WeMeetAgain","player_choice":"Paid Gold","floor":8.0,"gold_loss":135.0,"damage_taken":0.0,"relics_obtained":["hubris:OldNail"]},{"damage_healed":0.0,"max_hp_gain":0.0,"max_hp_loss":0.0,"gold_gain":0.0,"event_name":"The Mausoleum","player_choice":"Ignored","floor":19.0,"gold_loss":0.0,"damage_taken":0.0},{"damage_healed":0.0,"max_hp_gain":0.0,"max_hp_loss":0.0,"gold_gain":50.0,"event_name":"Golden Shrine","player_choice":"Pray","floor":20.0,"gold_loss":0.0,"damage_taken":0.0}],"is_beta":false,"boss_relics":[{"not_picked":["Philosopher\u0027s Stone","hubris:VirtuousBlindfold"],"picked":"Coffee Dripper"}],"items_purged_floors":[],"is_endless":false,"potions_floor_spawned":[4,12,16,22,24],"killed_by":"Book of Stabbing","ascension_level":20}}