{"host":"6p0attdrtjqaih7v","time":1612041253,"event":{"mods":["2.2 Compatiblity","AchievementEnabler","Bard","BaseMod","Better Skull","Better Third Choice","Colored Powertips","Downfall","Hermit","Highlight Path","Key Reminder","Minty Spire (QoL Compilation)","Permanent Neow","Quick Restart","Random Character Button","Relic Stats","Replay The Spire","Robot Space Explorer","StSLib","The Witch"],"gold_per_floor":[109,109,124,124,36,36,75,91,116,154,25,25,64,79,79,155,155,174,201,214,236,236,271,271,196,196,236,236,7,34,53,53,136,136,148,178,198,198,198,238,238,255,255,11,31,31,70,107,107,107,112,112],"floor_reached":51,"language":"ENG","playtime":3706,"items_purged":["hermit:Defend_Hermit","hermit:Strike_Hermit"],"score":1532,"play_id":"bec13b8c-2a1c-4018-b145-a0680385c0ba","local_time":"20210130161413","is_ascension_mode":true,"campfire_choices":[{"data":"hermit:RoundhouseKick","floor":6,"key":"SMITH"},{"data":"hermit:LoneWolf","floor":15,"key":"SMITH"},{"floor":24,"key":"REST"},{"floor":28,"key":"REST"},{"floor":32,"key":"REST"},{"floor":41,"key":"REST"},{"floor":46,"key":"REST"},{"floor":49,"key":"REST"}],"circlet_count":0,"master_deck":["AscendersBane","hermit:Defend_Hermit","hermit:Defend_Hermit","hermit:Defend_Hermit","hermit:Snapshot+1","hermit:Covet","hermit:Scavenge","hermit:Determination","hermit:LoneWolf+1","hermit:RoundhouseKick+1","hermit:Spite","hermit:ItchyTrigger","hermit:Manifest","hermit:Dissolve","hermit:Manifest","hermit:Enervate","hermit:Roughhouse","hermit:Manifest","hermit:Roulette","hermit:Roulette","hermit:CalledShot","hermit:CalledShot+1","hermit:LoneWolf+1","hermit:Enervate+1","hermit:Adapt","hermit:Midnight","hermit:Determination","hermit:HoleUp+1","hermit:HighNoon","Secret Technique+1","hermit:Dive+1","hermit:FromBeyond+1"],"relics":["hermit:Momento","Omamori","hermit:RyeStalk","Bronze Scales","WarpedTongs","Orichalcum","Fusion Hammer","Enchiridion","Durian","The Courier","hermit:Spyglass","Shuriken","Red Mask","expansioncontent:StudyCardRelic","WingedGreaves","Toxic Egg 2","Sundial","Oddly Smooth Stone","hexamod:Sixitude"],"acts_visited":["Exordium","TheCity","TheBeyond"],"potions_floor_usage":[7,10,14,16,21,21,36,50,50],"damage_taken":[{"damage":7,"enemies":"Jaw Worm","floor":1,"turns":3},{"damage":12,"enemies":"Small Slimes","floor":3,"turns":3},{"damage":8,"enemies":"Lagavulin","floor":7,"turns":7},{"damage":0,"enemies":"Cultist","floor":8,"turns":3},{"damage":1,"enemies":"3 Sentries","floor":10,"turns":8},{"damage":0,"enemies":"Lagavulin","floor":13,"turns":8},{"damage":1,"enemies":"Exordium Thugs","floor":14,"turns":3},{"damage":29,"enemies":"Slime Boss","floor":16,"turns":11},{"damage":4,"enemies":"Shell Parasite","floor":18,"turns":8},{"damage":0,"enemies":"Chosen","floor":19,"turns":5},{"damage":8,"enemies":"Snecko","floor":20,"turns":4},{"damage":2,"enemies":"Cultist and Chosen","floor":21,"turns":6},{"damage":8,"enemies":"Book of Stabbing","floor":23,"turns":5},{"damage":5,"enemies":"Gremlin Leader","floor":27,"turns":7},{"damage":0,"enemies":"Masked Bandits","floor":30,"turns":3},{"damage":3,"enemies":"Centurion and Healer","floor":31,"turns":5},{"damage":4,"enemies":"Champ","floor":33,"turns":10},{"damage":0,"enemies":"Orb Walker","floor":35,"turns":3},{"damage":0,"enemies":"Mind Bloom Boss Battle","floor":36,"turns":8},{"damage":0,"enemies":"3 Shapes","floor":37,"turns":5},{"damage":49,"enemies":"Giant Head","floor":40,"turns":9},{"damage":0,"enemies":"Spire Growth","floor":42,"turns":6},{"damage":1,"enemies":"Transient","floor":45,"turns":6},{"damage":30,"enemies":"Reptomancer","floor":47,"turns":6},{"damage":4,"enemies":"R_Hoarder","floor":48,"turns":10},{"damage":56,"enemies":"Donu and Deca","floor":50,"turns":10},{"damage":8,"enemies":"Awakened One","floor":51,"turns":3}],"seed_played":"-2582338053261439688","potions_obtained":[{"floor":1,"key":"Fruit Juice"},{"floor":3,"key":"PowerPotion"},{"floor":8,"key":"hermit:Tonic"},{"floor":14,"key":"LiquidMemories"},{"floor":18,"key":"SkillPotion"},{"floor":20,"key":"Block Potion"},{"floor":30,"key":"LiquidBronze"},{"floor":33,"key":"Languid Potion"},{"floor":35,"key":"Toxic Potion"},{"floor":37,"key":"SpeedPotion"},{"floor":39,"key":"BlessingOfTheForge"},{"floor":47,"key":"Energy Potion"}],"is_trial":false,"path_per_floor":["M","?","M","?","$","R","E","M","T","E","$","?","E","M","R","B",null,"M","M","M","M","?","E","R","?","T","E","R","$","?","M","R","B",null,"M","?","M","?","?","E","R","M","T","$","M","R","E","E","R","B","B"],"character_chosen":"HERMIT","items_purchased":["hermit:Spite","hermit:Manifest","Shuriken","Secret Technique+1"],"campfire_rested":6,"item_purchase_floors":[5,11,29,44],"current_hp_per_floor":[57,57,45,45,45,45,37,37,37,41,41,41,41,40,40,11,60,56,56,48,46,25,22,46,46,46,41,65,65,65,62,81,77,80,80,80,80,77,77,28,51,51,51,51,50,73,43,39,62,6,0,0],"gold":112,"neow_bonus":"UPGRADE_CARD","is_daily":false,"chose_seed":false,"campfire_upgraded":2,"win_rate":0.0,"timestamp":1612041253,"path_taken":["M","?","M","?","$","R","E","?","T","E","$","?","E","M","R","BOSS","M","M","M","?","?","E","R","?","T","E","R","$","?","M","R","BOSS","M","?","M","?","?","E","R","?","T","$","M","R","E","E","R","BOSS","BOSS"],"items_purchased_type":["Card","Card","Relic","Card"],"build_version":"2020-12-22","purchased_purges":2,"victory":false,"max_hp_per_floor":[71,71,71,71,71,71,71,71,71,76,76,76,76,76,76,76,76,76,76,76,76,76,81,81,81,81,81,81,81,81,81,81,81,81,81,81,81,77,77,77,77,77,77,77,77,77,77,77,77,77,77,77],"relic_stats":{"counters":[27,165],"Shuriken":[33],"Sundial":[4],"Bronze Scales":[335],"Orichalcum":[114],"obtain_stats":[{"Enchiridion":22,"Oddly Smooth Stone":47,"hexamod:Sixitude":48,"The Courier":26,"Omamori":7,"expansioncontent:StudyCardRelic":34,"Orichalcum":13,"WarpedTongs":12,"hermit:RyeStalk":9,"Shuriken":29,"Sundial":43,"Bronze Scales":10,"Fusion Hammer":17,"WingedGreaves":36,"Durian":23,"Red Mask":30,"Toxic Egg 2":40,"hermit:Momento":0,"hermit:Spyglass":27},{"Enchiridion":12,"Oddly Smooth Stone":24,"hexamod:Sixitude":25,"The Courier":13,"Omamori":3,"expansioncontent:StudyCardRelic":17,"Orichalcum":6,"WarpedTongs":5,"hermit:RyeStalk":4,"Shuriken":14,"Sundial":22,"Bronze Scales":5,"Fusion Hammer":8,"WingedGreaves":19,"Durian":13,"Red Mask":15,"Toxic Egg 2":21,"hermit:Momento":0,"hermit:Spyglass":14},{"Enchiridion":69,"Oddly Smooth Stone":142,"hexamod:Sixitude":152,"The Courier":74,"Omamori":13,"expansioncontent:StudyCardRelic":99,"Orichalcum":32,"WarpedTongs":24,"hermit:RyeStalk":16,"Shuriken":81,"Sundial":130,"Bronze Scales":24,"Fusion Hammer":46,"WingedGreaves":110,"Durian":74,"Red Mask":84,"Toxic Egg 2":124,"hermit:Momento":0,"hermit:Spyglass":81}],"WarpedTongs":[139]},"card_choices":[{"not_picked":["hermit:Misfire","hermit:Horror"],"picked":"hermit:Scavenge","floor":1},{"not_picked":["hermit:Snipe","hermit:Determination"],"picked":"hermit:LoneWolf","floor":3},{"not_picked":["hermit:CursedWeapon","hermit:Dive"],"picked":"hermit:ItchyTrigger","floor":7},{"not_picked":["hermit:Coalescence","hermit:SprayPray"],"picked":"hermit:Manifest","floor":8},{"not_picked":["hermit:Spite","hermit:Desperado"],"picked":"hermit:Dissolve","floor":10},{"not_picked":["hermit:Cheat","hermit:Virtue","hermit:EyeOfTheStorm"],"picked":"SKIP","floor":13},{"not_picked":["hermit:BigShot","hermit:Headshot"],"picked":"hermit:Enervate","floor":14},{"not_picked":["hermit:RoundhouseKick","hermit:BlackWind"],"picked":"hermit:Roughhouse","floor":16},{"not_picked":["hermit:Feint","hermit:SprayPray"],"picked":"hermit:Manifest","floor":18},{"not_picked":["hermit:BigShot","hermit:DeadMansHand"],"picked":"hermit:Roulette","floor":19},{"not_picked":["hermit:Ricochet","hermit:Spite"],"picked":"hermit:Roulette","floor":20},{"not_picked":["hermit:Dive","hermit:ItchyTrigger"],"picked":"hermit:CalledShot","floor":21},{"not_picked":["hermit:FromBeyond","hermit:Malice"],"picked":"hermit:CalledShot+1","floor":23},{"not_picked":["hermit:BigShot","hermit:Ricochet"],"picked":"hermit:LoneWolf+1","floor":27},{"not_picked":["hermit:ItchyTrigger+1","hermit:Vantage"],"picked":"hermit:Enervate+1","floor":30},{"not_picked":["hermit:Misfire+1","hermit:BodyArmor","hermit:Showdown"],"picked":"SKIP","floor":31},{"not_picked":["hermit:RoundhouseKick","hermit:Roughhouse"],"picked":"hermit:Adapt","floor":33},{"not_picked":["hermit:Feint+1","hermit:HoleUp","hermit:Snipe+1"],"picked":"SKIP","floor":35},{"not_picked":["hermit:Manifest","hermit:EyeOfTheStorm"],"picked":"hermit:Midnight","floor":36},{"not_picked":["hermit:Manifest","hermit:Desperado"],"picked":"hermit:Determination","floor":37},{"not_picked":["hermit:DeadMansHand+1","hermit:Combo"],"picked":"hermit:HoleUp+1","floor":40},{"not_picked":["hermit:TakeAim","hermit:Vantage+1"],"picked":"hermit:HighNoon","floor":42},{"not_picked":["hermit:CursedWeapon","hermit:WideOpen"],"picked":"hermit:Dive+1","floor":45},{"not_picked":["hermit:Midnight+1","hermit:Brawl"],"picked":"hermit:FromBeyond+1","floor":47},{"not_picked":["hermit:Grudge","hermit:WideOpen+1","hermit:SprayPray"],"picked":"SKIP","floor":48}],"player_experience":968659,"relics_obtained":[{"floor":7,"key":"Omamori"},{"floor":9,"key":"hermit:RyeStalk"},{"floor":10,"key":"Bronze Scales"},{"floor":13,"key":"Orichalcum"},{"floor":22,"key":"Enchiridion"},{"floor":23,"key":"Durian"},{"floor":26,"key":"The Courier"},{"floor":27,"key":"hermit:Spyglass"},{"floor":30,"key":"Red Mask"},{"floor":36,"key":"WingedGreaves"},{"floor":40,"key":"Toxic Egg 2"},{"floor":43,"key":"Sundial"},{"floor":47,"key":"Oddly Smooth Stone"},{"floor":48,"key":"hexamod:Sixitude"}],"event_choices":[{"damage_healed":0,"gold_gain":0,"cards_transformed":["hermit:Strike_Hermit"],"player_choice":"Change","damage_taken":0,"max_hp_gain":0,"max_hp_loss":0,"event_name":"Living Wall","floor":2,"gold_loss":0,"cards_obtained":["hermit:Determination"]},{"damage_healed":0,"gold_gain":0,"cards_transformed":["hermit:Strike_Hermit"],"player_choice":"Transformed","damage_taken":0,"max_hp_gain":0,"max_hp_loss":0,"event_name":"Transmorgrifier","floor":4,"gold_loss":0,"cards_obtained":["hermit:RoundhouseKick"]},{"damage_healed":0,"gold_gain":0,"player_choice":"Rummage","damage_taken":0,"relics_obtained":["WarpedTongs"],"max_hp_gain":0,"max_hp_loss":0,"event_name":"Accursed Blacksmith","floor":12,"gold_loss":0,"cards_obtained":["Pain"]},{"damage_healed":0,"gold_gain":0,"player_choice":"Obtained Book","damage_taken":21,"max_hp_gain":0,"max_hp_loss":0,"event_name":"Cursed Tome","floor":22,"gold_loss":0},{"cards_removed":["hermit:Strike_Hermit"],"damage_healed":0,"gold_gain":0,"player_choice":"Gave Gold","damage_taken":0,"max_hp_gain":0,"max_hp_loss":0,"event_name":"Beggar","floor":25,"gold_loss":75},{"damage_healed":0,"gold_gain":0,"player_choice":"Fought Bandits","damage_taken":0,"max_hp_gain":0,"max_hp_loss":0,"event_name":"Masked Bandits","floor":30,"gold_loss":0},{"damage_healed":0,"gold_gain":0,"player_choice":"Fight","damage_taken":0,"max_hp_gain":0,"max_hp_loss":0,"event_name":"MindBloom","floor":36,"gold_loss":0},{"damage_healed":0,"gold_gain":0,"player_choice":"Max HP","damage_taken":0,"max_hp_gain":0,"max_hp_loss":4,"event_name":"Winding Halls","floor":38,"gold_loss":0},{"damage_healed":0,"gold_gain":0,"player_choice":"Got Potions","damage_taken":0,"max_hp_gain":0,"max_hp_loss":0,"event_name":"Lab","floor":39,"gold_loss":0}],"is_beta":false,"boss_relics":[{"not_picked":["Runic Dome","Replay:Ancient Bell"],"picked":"Fusion Hammer"},{"not_picked":["Black Star","hermit:ClaspedLocket"],"picked":"expansioncontent:StudyCardRelic"}],"items_purged_floors":[11,44],"is_endless":false,"potions_floor_spawned":[1,3,8,14,18,20,30,33,35,37,45,47],"killed_by":"Awakened One","ascension_level":20}}