{"host":"mku5fdaoqz3qihec","time":1612041116,"event":{"mods":["2.2 Compatiblity","AchievementEnabler","Arknights","BaseMod","Colored Map","Colored Powertips","GungeonMod","Minty Spire (QoL Compilation)","Rare Cards Sparkle","StSLib","SuperFastMode"],"gold_per_floor":[109,209,237,187,207,207,25,25,96,121,140,177,62,81,81,178,178,197,52,73,120,120,120,151,151,151,151,173,184,227,237,237,344,344,361,361,361,49,0,47,47,78,119,119,144,182,192,240,240,240,240,240,240,277,277],"floor_reached":56,"language":"KOR","playtime":1591,"items_purged":["DemoMod:Strike_Huntress","DemoMod:Strike_Huntress"],"score":1545,"play_id":"0f11b7cb-e7a2-4fc3-b442-3c3fa3f04bf1","local_time":"20210131061156","is_ascension_mode":true,"campfire_choices":[{"data":"DemoMod:ManualReload","floor":6.0,"key":"SMITH"},{"data":"DemoMod:CursedBullets","floor":8.0,"key":"SMITH"},{"data":"DemoMod:CursedBullets","floor":15.0,"key":"SMITH"},{"floor":23.0,"key":"REST"},{"data":"DemoMod:FinishedGun","floor":25.0,"key":"SMITH"},{"data":"DemoMod:HungryBullets","floor":27.0,"key":"SMITH"},{"floor":32.0,"key":"REST"},{"data":"DemoMod:TableSutra","floor":41.0,"key":"SMITH"},{"floor":44.0,"key":"RECALL"},{"data":"DemoMod:Polaris","floor":49,"key":"SMITH"},{"data":"DemoMod:Desperate","floor":52,"key":"SMITH"}],"circlet_count":0,"master_deck":["DemoMod:Defend_Huntress","DemoMod:Defend_Huntress","DemoMod:Defend_Huntress","DemoMod:Defend_Huntress","DemoMod:Roll","DemoMod:ManualReload+1","DemoMod:RustySidearm","DemoMod:CrossBow","DemoMod:Casey","DemoMod:GunShield","DemoMod:CursedBullets+1","DemoMod:BattleInHaste","DemoMod:TeaPot","DemoMod:CursedBullets+1","DemoMod:Slinger","DemoMod:FinishedGun+1","DemoMod:TableSutra+1","DemoMod:ShadowBullets+1","DemoMod:HungryBullets+1","DemoMod:Desperate+1","DemoMod:HardPowerCard","DemoMod:FortunesFavor+1","DemoMod:DoubleVision","DemoMod:FortunesFavor+1","DemoMod:Unmoved","DemoMod:Polaris+1","DemoMod:SAA+1"],"relics":["DemoMod:Dog","DemoMod:Plus1Bullets","HornCleat","Potion Belt","DemoMod:Antibody","DemoMod:AgedBell","DemoMod:ElasticCartridgeClip","Happy Flower","Regal Pillow","Darkstone Periapt","DemoMod:Test1","DemoMod:HipHolster","Red Mask","DemoMod:Metronome","Vajra","Pear","Bronze Scales","DemoMod:ClearGuonStone"],"acts_visited":["Exordium","TheCity","TheBeyond","TheEnding"],"potions_floor_usage":[47,47,50,55,55,55],"damage_taken":[{"damage":2.0,"enemies":"Small Slimes","floor":1.0,"turns":3.0},{"damage":0.0,"enemies":"Cultist","floor":3.0,"turns":3.0},{"damage":0.0,"enemies":"Jaw Worm","floor":5.0,"turns":4.0},{"damage":17.0,"enemies":"Lagavulin","floor":10.0,"turns":7.0},{"damage":0.0,"enemies":"3 Louse","floor":11.0,"turns":2.0},{"damage":15.0,"enemies":"3 Sentries","floor":12.0,"turns":5.0},{"damage":14.0,"enemies":"Lots of Slimes","floor":14.0,"turns":3.0},{"damage":10.0,"enemies":"Slime Boss","floor":16.0,"turns":6.0},{"damage":18.0,"enemies":"Chosen","floor":18.0,"turns":3.0},{"damage":25.0,"enemies":"2 Thieves","floor":20.0,"turns":2.0},{"damage":0.0,"enemies":"3 Cultists","floor":21.0,"turns":3.0},{"damage":10.0,"enemies":"Book of Stabbing","floor":24.0,"turns":3.0},{"damage":28.0,"enemies":"Snake Plant","floor":28.0,"turns":2.0},{"damage":0.0,"enemies":"Snecko","floor":29.0,"turns":2.0},{"damage":4.0,"enemies":"3 Cultists","floor":30.0,"turns":3.0},{"damage":0.0,"enemies":"Snake Plant","floor":31.0,"turns":3.0},{"damage":27.0,"enemies":"Collector","floor":33.0,"turns":9.0},{"damage":9.0,"enemies":"3 Darklings","floor":35.0,"turns":2.0},{"damage":0.0,"enemies":"Reptomancer","floor":40.0,"turns":2.0},{"damage":7.0,"enemies":"3 Shapes","floor":42.0,"turns":2.0},{"damage":0.0,"enemies":"Sphere and 2 Shapes","floor":43.0,"turns":5.0},{"damage":0.0,"enemies":"Sphere and 2 Shapes","floor":45.0,"turns":3.0},{"damage":31.0,"enemies":"Nemesis","floor":46.0,"turns":5.0},{"damage":9,"enemies":"Transient","floor":47,"turns":5},{"damage":0,"enemies":"Reptomancer","floor":48,"turns":1},{"damage":96,"enemies":"Time Eater","floor":50,"turns":8},{"damage":65,"enemies":"Shield and Spear","floor":54,"turns":4},{"damage":7,"enemies":"The Heart","floor":55,"turns":6}],"seed_played":"8356090949914036923","potions_obtained":[{"floor":10.0,"key":"DuplicationPotion"},{"floor":14.0,"key":"SteroidPotion"},{"floor":18.0,"key":"FearPotion"},{"floor":28.0,"key":"EssenceOfSteel"},{"floor":31.0,"key":"FearPotion"},{"floor":35.0,"key":"EntropicBrew"},{"floor":45.0,"key":"LiquidMemories"},{"floor":46.0,"key":"Block Potion"},{"floor":47,"key":"LiquidBronze"},{"floor":54,"key":"DemoMod:BlankPotion"}],"is_trial":false,"path_per_floor":["M","?","M","?","M","R","$","R","T","E","M","E","$","M","R","B",null,"M","$","M","M","?","R","E","R","T","R","M","M","M","M","R","B",null,"M","?","?","$","?","E","R","M","T","R","M","E","M","E","R","B",null,"R","$","E","B",null],"character_chosen":"HUNTRESS","items_purchased":["DemoMod:CursedBullets","DemoMod:AWP","DemoMod:WeirdEgg","DemoMod:CursedBullets","Happy Flower","DemoMod:HipHolster","DemoMod:Unmoved","Bronze Scales"],"campfire_rested":2,"item_purchase_floors":[7,7,13,13,19,38,38,53],"current_hp_per_floor":[68,68,68,68,68,68,68,68,68,51,51,36,36,22,22,12,70,52,52,27,27,27,48,38,38,38,38,10,10,6,6,42,15,70,61,52,52,52,52,52,52,45,45,45,45,14,5,25,25,8,80,80,80,15,77],"gold":277,"neow_bonus":"RANDOM_COMMON_RELIC","is_daily":false,"chose_seed":false,"campfire_upgraded":8,"win_rate":0.0,"timestamp":1612041116,"path_taken":["M","?","?","?","M","R","$","R","T","E","M","E","$","M","R","BOSS","M","$","M","M","?","R","E","R","T","R","M","?","?","M","R","BOSS","M","?","?","$","?","E","R","M","T","R","M","E","M","E","R","BOSS","R","$","E","BOSS"],"items_purchased_type":["Card","Card","Relic","Card","Relic","Relic","Card","Relic"],"build_version":"2020-12-22","purchased_purges":2,"victory":true,"max_hp_per_floor":[70,70,70,70,70,70,70,70,70,70,70,70,70,70,70,70,70,70,70,70,70,70,70,70,70,70,70,70,70,70,70,70,70,70,70,70,70,70,70,70,70,70,70,70,70,70,70,80,80,80,80,80,80,80,80],"card_choices":[{"not_picked":["DemoMod:PracticeMakesPerfect","DemoMod:StickyCrossBow"],"picked":"DemoMod:Casey","floor":1.0},{"not_picked":["DemoMod:PotionOfGunFriendShip","DemoMod:DoubleSwitch","DemoMod:BoxingGlove"],"picked":"SKIP","floor":3.0},{"not_picked":["DemoMod:MachoBrace","DemoMod:DoubleSwitch"],"picked":"DemoMod:GunShield","floor":5.0},{"not_picked":["DemoMod:BulletBore","DemoMod:PotionOfGunFriendShip","DemoMod:SniperShot"],"picked":"SKIP","floor":10.0},{"not_picked":["DemoMod:StickyCrossBow","DemoMod:ChanceBullets"],"picked":"DemoMod:BattleInHaste","floor":11.0},{"not_picked":["DemoMod:StickyCrossBow","DemoMod:HardPowerCard"],"picked":"DemoMod:TeaPot","floor":12.0},{"not_picked":["DemoMod:HuntsMan","DemoMod:TableSutra"],"picked":"DemoMod:Slinger","floor":14.0},{"not_picked":["DemoMod:Desperate","DemoMod:BlankBullets"],"picked":"DemoMod:FinishedGun","floor":16.0},{"not_picked":["DemoMod:ZorGun","DemoMod:MachoBrace"],"picked":"DemoMod:TableSutra","floor":18.0},{"not_picked":["DemoMod:Unity","DemoMod:JK47"],"picked":"DemoMod:ShadowBullets+1","floor":20.0},{"not_picked":["DemoMod:PotionOfGunFriendShip","DemoMod:CombinedRifle+1"],"picked":"DemoMod:HungryBullets","floor":21.0},{"not_picked":["DemoMod:PracticeMakesPerfect","DemoMod:ProbeStrike","DemoMod:StickyCrossBow"],"picked":"SKIP","floor":24.0},{"not_picked":["DemoMod:BoxingGlove","DemoMod:Purify","DemoMod:StickyCrossBow"],"picked":"SKIP","floor":28.0},{"not_picked":["DemoMod:MachoBrace+1","DemoMod:FortunesFavor"],"picked":"DemoMod:Desperate","floor":29.0},{"not_picked":["DemoMod:Unmoved","DemoMod:HuntsMan"],"picked":"DemoMod:HardPowerCard","floor":30.0},{"not_picked":["DemoMod:PotionOfGunFriendShip","DemoMod:AC15+1"],"picked":"DemoMod:FortunesFavor+1","floor":31.0},{"not_picked":["DemoMod:GunslingerForm","DemoMod:BulletBore"],"picked":"DemoMod:DoubleVision","floor":33.0},{"not_picked":["DemoMod:Camera+1","DemoMod:AbyssalTentacle+1"],"picked":"DemoMod:FortunesFavor+1","floor":35.0},{"not_picked":["DemoMod:MachoBrace","DemoMod:DirectionalPad","DemoMod:TeaPot"],"picked":"SKIP","floor":40.0},{"not_picked":["DemoMod:Casey+1","DemoMod:GunstockTap"],"picked":"DemoMod:Polaris","floor":42.0},{"not_picked":["DemoMod:BoxingGlove","DemoMod:GunstockTap+1","DemoMod:Unity"],"picked":"SKIP","floor":43.0},{"not_picked":["DemoMod:FeignSurrender+1","DemoMod:FastSwitch","DemoMod:AC15"],"picked":"SKIP","floor":45.0},{"not_picked":["DemoMod:Elimentaler","DemoMod:Evolver","DemoMod:StickyCrossBow"],"picked":"SKIP","floor":46.0},{"not_picked":["DemoMod:SAA+1","DemoMod:DirectionalPad+1","DemoMod:Ejector+1"],"picked":"SKIP","floor":47},{"not_picked":["DemoMod:DirectionalPad+1","DemoMod:Ejector+1"],"picked":"DemoMod:SAA+1","floor":47},{"not_picked":["DemoMod:FinishedGun","DemoMod:ChanceBullets+1","DemoMod:Casey+1"],"picked":"SKIP","floor":48},{"not_picked":["DemoMod:HighKaliber+1","DemoMod:Elimentaler","DemoMod:PotionOfGunFriendShip+1"],"picked":"SKIP","floor":54},{"not_picked":["DemoMod:HighKaliber+1","DemoMod:Elimentaler","DemoMod:PotionOfGunFriendShip+1"],"picked":"SKIP","floor":54}],"player_experience":282699,"relics_obtained":[{"floor":9.0,"key":"HornCleat"},{"floor":10.0,"key":"Potion Belt"},{"floor":12.0,"key":"DemoMod:Antibody"},{"floor":24.0,"key":"Regal Pillow"},{"floor":26.0,"key":"Darkstone Periapt"},{"floor":40.0,"key":"DemoMod:Metronome"},{"floor":46.0,"key":"Vajra"},{"floor":48,"key":"Pear"},{"floor":54,"key":"DemoMod:ClearGuonStone"}],"event_choices":[{"damage_healed":0.0,"max_hp_gain":0.0,"max_hp_loss":0.0,"gold_gain":100.0,"event_name":"Golden Shrine","player_choice":"Pray","floor":2.0,"gold_loss":0.0,"damage_taken":0.0},{"cards_removed":["DemoMod:Strike_Huntress"],"damage_healed":0.0,"max_hp_gain":0.0,"max_hp_loss":0.0,"gold_gain":0.0,"event_name":"The Cleric","player_choice":"Card Removal","floor":4.0,"gold_loss":50.0,"damage_taken":0.0},{"damage_healed":0.0,"max_hp_gain":0.0,"max_hp_loss":0.0,"gold_gain":0.0,"event_name":"N\u0027loth","player_choice":"Ignored","floor":22.0,"gold_loss":0.0,"damage_taken":0.0},{"damage_healed":0.0,"max_hp_gain":0.0,"max_hp_loss":0.0,"gold_gain":0.0,"event_name":"Winding Halls","player_choice":"Embrace Madness","floor":36.0,"gold_loss":0.0,"damage_taken":9.0,"cards_obtained":["Madness","Madness"]},{"cards_removed":["DemoMod:AWP"],"damage_healed":0.0,"max_hp_gain":0.0,"max_hp_loss":0.0,"gold_gain":0.0,"event_name":"Falling","player_choice":"Removed Attack","floor":37.0,"gold_loss":0.0,"damage_taken":0.0},{"damage_healed":0.0,"max_hp_gain":0.0,"max_hp_loss":0.0,"gold_gain":0.0,"event_name":"Tomb of Lord Red Mask","player_choice":"Paid","floor":39.0,"gold_loss":49.0,"damage_taken":0.0,"relics_obtained":["Red Mask"]}],"is_beta":false,"boss_relics":[{"not_picked":["Runic Pyramid","Ectoplasm"],"picked":"DemoMod:ElasticCartridgeClip"},{"not_picked":["Cursed Key","Velvet Choker"],"picked":"DemoMod:Test1"}],"items_purged_floors":[7,13],"is_endless":false,"potions_floor_spawned":[10,14,18,28,31,35,45,46,47,54],"ascension_level":4}}