{"host":"yn8qackkbxgt4nh1","time":1612008468,"event":{"mods":["BaseMod","Colored Map","Colored Powertips","DeckTracker","Minty Spire (QoL Compilation)","SuperFastMode"],"gold_per_floor":[118,133,147,72,72,72,32,65,65,80,91,91,16,16,16,16,16],"floor_reached":16,"language":"KOR","playtime":589,"items_purged":["Defend_R"],"score":195,"play_id":"86852559-0bde-4264-a8d5-8dfcb31a3e73","local_time":"20210130210748","is_ascension_mode":true,"campfire_choices":[{"data":"Pommel Strike","floor":6,"key":"SMITH"},{"floor":15,"key":"REST"}],"circlet_count":0,"master_deck":["AscendersBane","Strike_R","Strike_R","Strike_R+1","Defend_R","Defend_R","Defend_R","Bash","Rage","Headbutt","True Grit+1","Pommel Strike+1","Carnage","Bludgeon","Burning Pact"],"relics":["Burning Blood","Champion Belt","Gambling Chip"],"acts_visited":["Exordium"],"potions_floor_usage":[8,16],"damage_taken":[{"damage":6,"enemies":"Jaw Worm","floor":1,"turns":2},{"damage":13,"enemies":"2 Louse","floor":2,"turns":2},{"damage":6,"enemies":"Cultist","floor":3,"turns":3},{"damage":28,"enemies":"3 Sentries","floor":8,"turns":9},{"damage":13,"enemies":"Blue Slaver","floor":10,"turns":2},{"damage":7,"enemies":"Exordium Thugs","floor":11,"turns":5},{"damage":25,"enemies":"The Guardian","floor":16,"turns":10}],"seed_played":"-7745226265160500858","potions_obtained":[{"floor":1,"key":"Dexterity Potion"},{"floor":11,"key":"SkillPotion"}],"is_trial":false,"path_per_floor":["M","M","M","?","?","R","$","E","T","M","M","?","$","$","R","B"],"character_chosen":"IRONCLAD","items_purchased":["Carnage"],"campfire_rested":1,"item_purchase_floors":[7],"current_hp_per_floor":[68,61,61,61,38,38,38,16,16,9,8,1,1,1,23,0,0],"gold":16,"neow_bonus":"THREE_CARDS","is_daily":false,"chose_seed":false,"campfire_upgraded":1,"win_rate":0.0,"timestamp":1612008468,"path_taken":["M","M","M","?","?","R","?","E","T","M","?","?","?","$","R","BOSS"],"items_purchased_type":["Card"],"build_version":"2020-12-22","purchased_purges":1,"victory":false,"max_hp_per_floor":[75,75,75,75,75,75,75,75,75,75,75,75,75,75,75,75,75],"card_choices":[{"not_picked":["Metallicize","Havoc"],"picked":"Rage","floor":0},{"not_picked":["Disarm","Sword Boomerang"],"picked":"Headbutt","floor":1},{"not_picked":["Havoc","Spot Weakness"],"picked":"True Grit","floor":2},{"not_picked":["Headbutt","True Grit"],"picked":"Pommel Strike","floor":3},{"not_picked":["Perfected Strike","Twin Strike"],"picked":"Bludgeon","floor":8},{"not_picked":["Heavy Blade","Clothesline"],"picked":"Burning Pact","floor":10},{"not_picked":["Clothesline","Twin Strike","Sword Boomerang"],"picked":"SKIP","floor":11}],"player_experience":712023,"relics_obtained":[{"floor":8,"key":"Champion Belt"},{"floor":9,"key":"Gambling Chip"}],"event_choices":[{"cards_removed":["Strike_R"],"damage_healed":0,"gold_gain":0,"player_choice":"Card Removal","damage_taken":0,"max_hp_gain":0,"max_hp_loss":0,"event_name":"The Cleric","floor":4,"gold_loss":75},{"damage_healed":0,"gold_gain":0,"player_choice":"Entered Light","damage_taken":23,"max_hp_gain":0,"max_hp_loss":0,"event_name":"Shining Light","floor":5,"gold_loss":0,"cards_upgraded":["True Grit","Strike_R"]},{"cards_removed":["Strike_R"],"damage_healed":0,"gold_gain":0,"player_choice":"Card Removal","damage_taken":7,"max_hp_gain":0,"max_hp_loss":0,"event_name":"Golden Wing","floor":12,"gold_loss":0}],"is_beta":false,"boss_relics":[],"items_purged_floors":[13],"is_endless":false,"potions_floor_spawned":[1,11],"killed_by":"The Guardian","ascension_level":19}}