{"host":"5f8yr5jxnqok2jdo","time":1612021005,"event":{"mods":["AchievementEnabler","BaseMod","Bestiary","Better Altar","Better Match","Better Note","Better Skull","Better Third Choice","Block Reminder","Colored Map","Colored Powertips","Custom Start","DeckTracker","Defective Defect","Displayed Cursed Tome","Filter the Spire","Googly Eyes","Highlight Path","Key Reminder","Minty Spire (QoL Compilation)","Permanent Neow","Quick Restart","Random Character Button","Rare Cards Sparkle","Relic Sorter","Relic Stats","ShortenTheSpire","Spire Arcade","Spire Birthday Party","StSLib","Steal the Spire","SuperFastMode","Synergy Search","Uncapped","Unceasing Turn Reminder","Waifu the Spire","everything is the same but u backflip on backflip","slay the spire mod where everything is the same but ironclad has a cowboy hat"],"gold_per_floor":[114,133,133,148,148,175,175,175,175,175,175,175],"floor_reached":11,"language":"ENG","playtime":611,"items_purged":[],"score":89,"play_id":"451b2e9e-db9d-4ed5-b58c-b73d13a72df7","local_time":"20210130163645","is_ascension_mode":true,"campfire_choices":[{"data":"Eruption","floor":10,"key":"SMITH"}],"circlet_count":0,"master_deck":["Strike_P","Strike_P","Strike_P","Defend_P","Defend_P","Defend_P","Defend_P","Eruption+1","Vigilance","Wallop","Reprogram+1","BowlingBash","Swivel"],"relics":["PureWater","Bag of Preparation","Juzu Bracelet","Toy Ornithopter","Sundial"],"acts_visited":["Exordium"],"potions_floor_usage":[6],"damage_taken":[{"damage":4,"enemies":"Small Slimes","floor":1,"turns":4},{"damage":0,"enemies":"Jaw Worm","floor":2,"turns":3},{"damage":0,"enemies":"Cultist","floor":4,"turns":3},{"damage":15,"enemies":"3 Sentries","floor":6,"turns":8},{"damage":45,"enemies":"Gremlin Nob","floor":11,"turns":4}],"seed_played":"6779853113793946059","potions_obtained":[{"floor":1,"key":"DistilledChaos"},{"floor":6,"key":"GamblersBrew"}],"is_trial":false,"path_per_floor":["M","M","?","M","?","E","?","?","T","R","E"],"character_chosen":"WATCHER","items_purchased":[],"campfire_rested":0,"item_purchase_floors":[],"current_hp_per_floor":[68,68,36,36,36,21,21,45,45,45,0,0],"gold":175,"neow_bonus":"RANDOM_COMMON_RELIC","is_daily":false,"chose_seed":false,"campfire_upgraded":1,"win_rate":0.0,"timestamp":1612021005,"path_taken":["M","M","?","M","?","E","?","?","T","R","E"],"items_purchased_type":[],"build_version":"2020-12-22","purchased_purges":0,"victory":false,"max_hp_per_floor":[72,72,72,72,72,72,72,72,72,72,72,72],"relic_stats":{"counters":[5,22],"Sundial":[0],"Bag of Preparation":[10],"Juzu Bracelet":1,"obtain_stats":[{"Sundial":9,"Bag of Preparation":0,"Juzu Bracelet":3,"PureWater":0,"Toy Ornithopter":6},{"Sundial":4,"Bag of Preparation":0,"Juzu Bracelet":2,"PureWater":0,"Toy Ornithopter":4},{"Sundial":18,"Bag of Preparation":0,"Juzu Bracelet":7,"PureWater":0,"Toy Ornithopter":18}],"Toy Ornithopter":0},"card_choices":[{"not_picked":["Indignation","JustLucky"],"picked":"Wallop","floor":1},{"not_picked":["Perseverance","EmptyFist","Wallop"],"picked":"SKIP","floor":2},{"not_picked":["Consecrate","EmptyMind"],"picked":"BowlingBash","floor":4},{"not_picked":["FlurryOfBlows","Consecrate","WaveOfTheHand"],"picked":"SKIP","floor":6}],"player_experience":357395,"relics_obtained":[{"floor":6,"key":"Toy Ornithopter"},{"floor":9,"key":"Sundial"}],"event_choices":[{"damage_healed":0,"gold_gain":0,"player_choice":"Grow","damage_taken":0,"max_hp_gain":0,"max_hp_loss":0,"event_name":"Living Wall","floor":5,"gold_loss":0,"cards_upgraded":["Reprogram"]},{"damage_healed":0,"gold_gain":0,"cards_transformed":["Strike_P"],"player_choice":"Transformed","damage_taken":0,"max_hp_gain":0,"max_hp_loss":0,"event_name":"Transmorgrifier","floor":7,"gold_loss":0,"cards_obtained":["Swivel"]},{"damage_healed":24,"gold_gain":0,"player_choice":"Banana","damage_taken":0,"max_hp_gain":0,"max_hp_loss":0,"event_name":"Big Fish","floor":8,"gold_loss":0}],"is_beta":false,"boss_relics":[],"items_purged_floors":[],"is_endless":false,"potions_floor_spawned":[1,6],"killed_by":"Gremlin Nob","ascension_level":5}}