{"host":"xp5rvh2jwe2ejyfm","time":1612026698,"event":{"mods":["Aspiration","BaseMod","BetterRewards","Colored Powertips","Conspire","Downfall","Duelist Mod","GifTheSpireLib","Gremlin Mod","Hermit","Hubris","Minty Spire (QoL Compilation)","Robot Space Explorer","StSLib","The Blackbeard","The Clintock","The Construct","The Cursed","The Disciple","The Forsaken","The Hierophant","The Necromancer","The Runesmith","The Servant 0.9.4"],"gold_per_floor":[111,49,64,41,60,90,108,108,108,137,137,149,161,192,204,321,333,365,9,23,23,35,67,67,84,111,111,139,139,139,167,167,268,268,279,293,303,323,338,338,46,46,46,96,114,114,42,76,76,76,76],"floor_reached":50,"language":"ENG","playtime":1627,"items_purged":[],"score":615,"play_id":"e238cb7c-7275-426e-b0d3-8973bcbe24a2","local_time":"20210130121138","is_ascension_mode":false,"campfire_choices":[{"floor":12,"key":"REST"},{"floor":15,"key":"REST"},{"floor":27,"key":"REST"},{"floor":30,"key":"REST"},{"floor":32,"key":"REST"},{"floor":40,"key":"RECALL"},{"floor":42,"key":"REST"},{"floor":49,"key":"REST"}],"circlet_count":0,"master_deck":["TheCursedMod:Strike_TheCursed+1","TheCursedMod:Strike_TheCursed+1","TheCursedMod:Strike_TheCursed+1","TheCursedMod:Defend_TheCursed+1","TheCursedMod:Defend_TheCursed+1","TheCursedMod:CursedWand","TheCursedMod:CleanUpWorkshop","TheCursedMod:Dregs","TheCursedMod:VitalStrike","TheCursedMod:Torture","TheCursedMod:CursedBlade","TheCursedMod:TacticalStrike","TheCursedMod:TacticalStrike","TheCursedMod:CursedBlade","TheCursedMod:EmpowerCircles","TheCursedMod:CursedAmulet","TheCursedMod:CursedBlade","TheCursedMod:AbyssShockwave","TheCursedMod:SmokeScreen","TheCursedMod:NeowsMight","TheCursedMod:CircleOfBlood","TheCursedMod:HellfireBreathing","TheCursedMod:SpreadPlague","TheCursedMod:CircleOfFlame","TheCursedMod:SpitefulStrike+1","TheCursedMod:TroublousMinions","TheCursedMod:CursedAmulet","TheCursedMod:Torture+1","TheCursedMod:CursedRelics","CurseOfTheBell","TheCursedMod:Obscuration+1","TheCursedMod:TacticalStrike+1","TheCursedMod:SoulReap+1","TheCursedMod:WearCloak","TheCursedMod:RapidMovement","TheCursedMod:FuryStrike+1","TheCursedMod:SpreadPlague","TheCursedMod:CursedBlade+1","TheCursedMod:CursedRelics+1","TheCursedMod:LuckyCharm","TheCursedMod:ManaBullet+1","TheCursedMod:CursedBoomerang+1"],"relics":["TheCursedMod:BlackMagic101","Akabeko","Whetstone","conspire:BottledYoYo","Bag of Marbles","MawBank","conspire:RoyalGoblet","Ginger","Centennial Puzzle","Boot","hubris:ToyBattleship","Lizard Tail","Vajra","Calling Bell","Dream Catcher","Molten Egg 2","Ice Cream","HandDrill","Unceasing Top","aspiration:HummingbirdHeart"],"acts_visited":["Exordium","TheCity","TheBeyond"],"potions_floor_usage":[6,7,16,22,23,28,28,37,39,44,44,44,50,50,50],"damage_taken":[{"damage":0,"enemies":"2 Louse","floor":1,"turns":3},{"damage":0,"enemies":"Cultist","floor":3,"turns":3},{"damage":0,"enemies":"Small Slimes","floor":5,"turns":1},{"damage":1,"enemies":"Gremlin Nob","floor":6,"turns":3},{"damage":0,"enemies":"2 Fungi Beasts","floor":7,"turns":1},{"damage":39,"enemies":"Lagavulin","floor":10,"turns":7},{"damage":0,"enemies":"3 Louse","floor":14,"turns":1},{"damage":35,"enemies":"Hexaghost","floor":16,"turns":7},{"damage":20,"enemies":"Chosen","floor":18,"turns":4},{"damage":18,"enemies":"Shell Parasite","floor":20,"turns":3},{"damage":0,"enemies":"Snake Plant","floor":22,"turns":3},{"damage":30,"enemies":"Book of Stabbing","floor":23,"turns":4},{"damage":0,"enemies":"3 Cultists","floor":25,"turns":2},{"damage":17,"enemies":"Gremlin Leader","floor":28,"turns":3},{"damage":27,"enemies":"Slavers","floor":31,"turns":2},{"damage":68,"enemies":"hubris:MusketHawk","floor":33,"turns":8},{"damage":7,"enemies":"Orb Walker","floor":35,"turns":2},{"damage":0,"enemies":"3 Darklings","floor":36,"turns":1},{"damage":0,"enemies":"Spire Growth","floor":37,"turns":3},{"damage":53,"enemies":"Transient","floor":38,"turns":5},{"damage":7,"enemies":"Jaw Worm Horde","floor":39,"turns":3},{"damage":10,"enemies":"2 Orb Walkers","floor":44,"turns":4},{"damage":24,"enemies":"Sphere and 2 Shapes","floor":45,"turns":4},{"damage":0,"enemies":"Reptomancer","floor":48,"turns":3},{"damage":74,"enemies":"Donu and Deca","floor":50,"turns":8}],"seed_played":"7699995113904150484","potions_obtained":[{"floor":5,"key":"DistilledChaos"},{"floor":6,"key":"Explosive Potion"},{"floor":14,"key":"Energy Potion"},{"floor":18,"key":"DuplicationPotion"},{"floor":20,"key":"Block Potion"},{"floor":22,"key":"AttackPotion"},{"floor":25,"key":"BlessingOfTheForge"},{"floor":33,"key":"SteroidPotion"},{"floor":35,"key":"AttackPotion"},{"floor":36,"key":"Block Potion"},{"floor":39,"key":"Explosive Potion"},{"floor":46,"key":"SpeedPotion"},{"floor":46,"key":"construct:ShiftPotion"},{"floor":46,"key":"champ:CounterPotion"}],"is_trial":false,"path_per_floor":["M","?","M","$","M","E","M","?","T","E","?","R","?","M","R","B",null,"M","$","M","$","M","E","?","M","T","R","E","$","R","E","R","B",null,"M","M","M","M","M","R","$","R","T","?","M","?","$","E","R","B"],"character_chosen":"THE_CURSED","items_purchased":["TheCursedMod:TacticalStrike","Ginger","TheCursedMod:HellfireBreathing","Lizard Tail","HandDrill","TheCursedMod:FuryStrike+1","Regen Potion","TheCursedMod:LuckyCharm"],"campfire_rested":7,"item_purchase_floors":[4,19,19,29,41,41,41,47],"current_hp_per_floor":[54,54,54,54,54,53,53,53,53,14,2,24,24,24,46,11,75,55,55,43,43,43,19,19,27,27,49,34,14,36,9,31,34,75,75,75,75,22,19,19,19,41,41,55,31,31,31,31,53,0,0],"gold":76,"neow_bonus":"TRANSFORM_TWO_CARDS","is_daily":false,"chose_seed":false,"campfire_upgraded":0,"win_rate":0.0,"timestamp":1612026698,"path_taken":["M","?","M","$","?","E","M","?","T","E","?","R","?","M","R","BOSS","M","$","M","?","M","E","?","M","T","R","E","?","R","E","R","BOSS","M","M","M","M","M","R","$","R","T","?","M","?","$","E","R","BOSS"],"items_purchased_type":["Card","Relic","Card","Relic","Relic","Card","Potion","Card"],"build_version":"2020-12-22","purchased_purges":0,"victory":false,"max_hp_per_floor":[75,75,75,75,75,75,75,75,75,75,75,75,75,75,75,75,75,75,75,75,75,75,75,75,75,75,75,75,75,75,75,75,75,75,75,75,75,75,75,75,75,75,75,75,75,75,75,75,75,75,75],"card_choices":[{"not_picked":["TheCursedMod:CursedBoomerang","TheCursedMod:Stretching"],"picked":"TheCursedMod:CursedBlade","floor":1},{"not_picked":["TheCursedMod:SpitefulPlan","TheCursedMod:CircleOfAmplification"],"picked":"TheCursedMod:TacticalStrike","floor":3},{"not_picked":["TheCursedMod:StunningStrike","TheCursedMod:TacticalStrike"],"picked":"TheCursedMod:CursedBlade","floor":5},{"not_picked":["TheCursedMod:FleshFromBone","TheCursedMod:Mangle"],"picked":"TheCursedMod:EmpowerCircles","floor":6},{"not_picked":["TheCursedMod:BloodBarrier","TheCursedMod:ReleasedKnowledge"],"picked":"TheCursedMod:CursedAmulet","floor":7},{"not_picked":["TheCursedMod:TacticalStrike","TheCursedMod:WearCloak"],"picked":"TheCursedMod:CursedBlade","floor":10},{"not_picked":["TheCursedMod:SurpriseAttack","TheCursedMod:Grudge"],"picked":"TheCursedMod:SmokeScreen","floor":14},{"not_picked":["TheCursedMod:Neurasthenia","TheCursedMod:ParallelWorld"],"picked":"TheCursedMod:NeowsMight","floor":16},{"not_picked":["TheCursedMod:SurpriseAttack","TheCursedMod:WearCloak"],"picked":"TheCursedMod:CircleOfBlood","floor":18},{"not_picked":["TheCursedMod:CursedSpellbook","TheCursedMod:CursedMace"],"picked":"TheCursedMod:SpreadPlague","floor":20},{"not_picked":["TheCursedMod:RavingStaff","TheCursedMod:CursedAmulet"],"picked":"TheCursedMod:CircleOfFlame","floor":22},{"not_picked":["TheCursedMod:CircleOfWindfury","TheCursedMod:FleshFromBone"],"picked":"TheCursedMod:SpitefulStrike+1","floor":23},{"not_picked":["TheCursedMod:SmokeScreen+1","TheCursedMod:RavingStaff"],"picked":"TheCursedMod:TroublousMinions","floor":25},{"not_picked":["TheCursedMod:Hemoplague","TheCursedMod:DarkBarrier"],"picked":"TheCursedMod:CursedAmulet","floor":28},{"not_picked":["TheCursedMod:Grudge","TheCursedMod:RapidMovement"],"picked":"TheCursedMod:Torture+1","floor":31},{"not_picked":["TheCursedMod:ManaCirculation","TheCursedMod:CollectTribute"],"picked":"TheCursedMod:CursedRelics","floor":33},{"not_picked":["TheCursedMod:Stigma+1","TheCursedMod:TacticalStrike+1"],"picked":"TheCursedMod:Obscuration+1","floor":35},{"not_picked":["TheCursedMod:RapidMovement+1","TheCursedMod:TroublousMinions+1"],"picked":"TheCursedMod:TacticalStrike+1","floor":36},{"not_picked":["TheCursedMod:SpitefulPray+1","TheCursedMod:Wield+1"],"picked":"TheCursedMod:SoulReap+1","floor":37},{"not_picked":["TheCursedMod:SoulCrush+1","TheCursedMod:CircleOfWindfury+1"],"picked":"TheCursedMod:WearCloak","floor":38},{"not_picked":["TheCursedMod:RavingStaff+1","TheCursedMod:Torture+1"],"picked":"TheCursedMod:RapidMovement","floor":39},{"not_picked":["TheCursedMod:SpitefulStrike+1","TheCursedMod:SmokeScreen+1"],"picked":"TheCursedMod:SpreadPlague","floor":42},{"not_picked":["TheCursedMod:VitalStrike+1","TheCursedMod:RapidMovement"],"picked":"TheCursedMod:CursedBlade+1","floor":44},{"not_picked":["TheCursedMod:FleshFromBone","TheCursedMod:SpitefulPlan+1"],"picked":"TheCursedMod:CursedRelics+1","floor":45},{"not_picked":["TheCursedMod:PrepareRite","TheCursedMod:RapidMovement"],"picked":"TheCursedMod:ManaBullet+1","floor":48},{"not_picked":["TheCursedMod:SpitefulStrike+1","TheCursedMod:SmokeScreen+1"],"picked":"TheCursedMod:CursedBoomerang+1","floor":49}],"player_experience":365166,"relics_obtained":[{"floor":6,"key":"Whetstone"},{"floor":9,"key":"conspire:BottledYoYo"},{"floor":10,"key":"Bag of Marbles"},{"floor":23,"key":"Centennial Puzzle"},{"floor":26,"key":"Boot"},{"floor":28,"key":"hubris:ToyBattleship"},{"floor":31,"key":"Vajra"},{"floor":34,"key":"Dream Catcher"},{"floor":34,"key":"Molten Egg 2"},{"floor":34,"key":"Ice Cream"},{"floor":44,"key":"Unceasing Top"},{"floor":48,"key":"aspiration:HummingbirdHeart"}],"event_choices":[{"damage_healed":0,"gold_gain":0,"player_choice":"Paid Gold","damage_taken":0,"relics_obtained":["Akabeko"],"max_hp_gain":0,"max_hp_loss":0,"event_name":"WeMeetAgain","floor":2,"gold_loss":62},{"damage_healed":0,"gold_gain":0,"player_choice":"Disagree","damage_taken":0,"max_hp_gain":0,"max_hp_loss":0,"event_name":"conspire:LoneGhost","floor":8,"gold_loss":0},{"damage_healed":0,"gold_gain":0,"player_choice":"Success","damage_taken":12,"relics_obtained":["MawBank"],"max_hp_gain":0,"max_hp_loss":0,"event_name":"Scrap Ooze","floor":11,"gold_loss":0},{"damage_healed":0,"gold_gain":0,"cards_transformed":["TheCursedMod:Defend_TheCursed"],"player_choice":"Transformed","damage_taken":0,"max_hp_gain":0,"max_hp_loss":0,"event_name":"Transmorgrifier","floor":13,"gold_loss":0,"cards_obtained":["TheCursedMod:AbyssShockwave"]},{"damage_healed":0,"gold_gain":0,"player_choice":"Simplicity","damage_taken":0,"max_hp_gain":0,"max_hp_loss":0,"event_name":"Back to Basics","floor":24,"gold_loss":0,"cards_upgraded":["TheCursedMod:Strike_TheCursed","TheCursedMod:Defend_TheCursed","TheCursedMod:Defend_TheCursed"]},{"damage_healed":0,"gold_gain":0,"player_choice":"Fight","damage_taken":0,"max_hp_gain":0,"max_hp_loss":0,"event_name":"Mysterious Sphere","floor":44,"gold_loss":0},{"damage_healed":0,"gold_gain":0,"player_choice":"Got Potions","damage_taken":0,"max_hp_gain":0,"max_hp_loss":0,"event_name":"Lab","floor":46,"gold_loss":0}],"is_beta":false,"boss_relics":[{"not_picked":["Empty Cage","hubris:HollowSoul"],"picked":"conspire:RoyalGoblet"},{"not_picked":["aspiration:FutureDiary","Cursed Key"],"picked":"Calling Bell"}],"items_purged_floors":[],"is_endless":false,"potions_floor_spawned":[5,6,14,18,20,22,25,33,35,36,39],"killed_by":"Donu and Deca","ascension_level":0}}