{"host":"sc0o2qwpf9j16a4i","time":1612006188,"event":{"mods":["AchievementEnabler","BaseMod","BetterRewards","Block Reminder","Colored Map","Colored Powertips","Custom Start","Highlight Path","Minty Spire (QoL Compilation)","Relic Stats"],"gold_per_floor":[118,293,5,5,17,36,67,15,15,30,30,57,70,99,99,203,203,222,242,252,270,294,294,328,328,351,371,404,404,6,6,6,105,105,122,134,134,134,1133,1164,1164,1190,1217,1265,1265,1285,117,117,117,117],"floor_reached":51,"language":"ENG","playtime":1827,"items_purged":[],"score":1310,"play_id":"43fd9eb9-1a94-407b-a0e9-2070648d558a","local_time":"20210130132948","daily_mods":["Draft","Hoarder","Terminal"],"is_ascension_mode":false,"campfire_choices":[{"data":"Armaments","floor":15,"key":"SMITH"},{"data":"Barricade","floor":23,"key":"SMITH"},{"data":"Armaments","floor":25,"key":"SMITH"},{"data":"Armaments","floor":32,"key":"SMITH"},{"data":"Barricade","floor":41,"key":"SMITH"},{"data":"Barricade","floor":49,"key":"SMITH"}],"circlet_count":0,"master_deck":["Blood for Blood","Blood for Blood","Disarm","Disarm","Disarm","Inflame","Inflame","Inflame","Iron Wave","Iron Wave","Iron Wave","Clothesline","Clothesline","Clothesline","Heavy Blade","Heavy Blade","Heavy Blade","Anger","Anger","Anger","Flame Barrier","Flame Barrier","Flame Barrier","Flex","Flex","Flex","Sword Boomerang","Sword Boomerang","Sword Boomerang","Armaments+1","Armaments+1","Armaments+1","Pommel Strike","Pommel Strike","Pommel Strike","Shrug It Off+1","Shrug It Off","Shrug It Off","Seeing Red","Seeing Red","Seeing Red","Headbutt","Headbutt","Headbutt","Twin Strike","Twin Strike","Twin Strike","Shockwave","Shockwave","Shockwave","Spot Weakness","Spot Weakness","Spot Weakness","Disarm","Disarm","Disarm","Offering","Offering","Offering","Flame Barrier","Flame Barrier","Flame Barrier","Rupture","Rupture","Rupture","Reaper","Reaper","Reaper","Barricade+1","Barricade+1","Barricade+1","Shrug It Off","Shrug It Off","Shrug It Off+1","Iron Wave+1","Iron Wave+1","Iron Wave+1","Shockwave","Shockwave","Shockwave","Demon Form","Demon Form","Demon Form","Havoc","Havoc","Havoc","Reaper","Reaper","Reaper","Inflame+1","Inflame+1","Inflame+1","Discovery","Discovery","Discovery","Jack Of All Trades","Jack Of All Trades","Jack Of All Trades","Normality","Normality","Normality","Normality","Normality","Dual Wield","Dual Wield","Dual Wield","Body Slam","Body Slam","Body Slam","Flame Barrier","Flame Barrier","Flame Barrier","Inflame","Inflame","Inflame","Bandage Up","Bandage Up","Bandage Up","Clumsy","Clumsy","Clumsy"],"relics":["Burning Blood","Du-Vu Doll","Spirit Poop","Singing Bowl","Pear","MealTicket","Lantern","Mark of Pain","Oddly Smooth Stone","War Paint","Regal Pillow","Dead Branch","Enchiridion","Self Forming Clay","Bag of Marbles","Busted Crown","StoneCalendar","Gremlin Horn","Centennial Puzzle","Ice Cream","Charon\u0027s Ashes","Mango","Frozen Eye"],"acts_visited":["Exordium","TheCity","TheBeyond"],"potions_floor_usage":[12,12,16,20,24,24,42,50,50],"damage_taken":[{"damage":0,"enemies":"2 Louse","floor":1,"turns":2},{"damage":0,"enemies":"Small Slimes","floor":5,"turns":2},{"damage":0,"enemies":"Cultist","floor":6,"turns":3},{"damage":5,"enemies":"Lagavulin","floor":7,"turns":7},{"damage":3,"enemies":"Looter","floor":10,"turns":3},{"damage":3,"enemies":"3 Sentries","floor":12,"turns":4},{"damage":0,"enemies":"Exordium Wildlife","floor":13,"turns":4},{"damage":6,"enemies":"Lagavulin","floor":14,"turns":8},{"damage":6,"enemies":"The Guardian","floor":16,"turns":12},{"damage":18,"enemies":"2 Thieves","floor":18,"turns":3},{"damage":12,"enemies":"Spheric Guardian","floor":19,"turns":4},{"damage":0,"enemies":"Snecko","floor":20,"turns":8},{"damage":17,"enemies":"3 Cultists","floor":21,"turns":5},{"damage":43,"enemies":"Slavers","floor":24,"turns":7},{"damage":1,"enemies":"Snake Plant","floor":27,"turns":5},{"damage":6,"enemies":"Book of Stabbing","floor":28,"turns":4},{"damage":35,"enemies":"Collector","floor":33,"turns":9},{"damage":29,"enemies":"3 Darklings","floor":35,"turns":6},{"damage":0,"enemies":"3 Shapes","floor":36,"turns":5},{"damage":0,"enemies":"Giant Head","floor":40,"turns":10},{"damage":15,"enemies":"Nemesis","floor":42,"turns":7},{"damage":4,"enemies":"2 Orb Walkers","floor":44,"turns":2},{"damage":7,"enemies":"3 Darklings","floor":46,"turns":3},{"damage":4,"enemies":"Time Eater","floor":50,"turns":8}],"seed_played":"-233812722930260329","potions_obtained":[{"floor":6,"key":"Dexterity Potion"},{"floor":7,"key":"PowerPotion"},{"floor":12,"key":"Energy Potion"},{"floor":16,"key":"BloodPotion"},{"floor":20,"key":"FearPotion"},{"floor":21,"key":"EssenceOfSteel"},{"floor":28,"key":"SteroidPotion"},{"floor":33,"key":"Weak Potion"}],"is_trial":true,"path_per_floor":["M","?","$","?","M","M","E","$","T","M","?","E","M","E","R","B",null,"M","M","M","M","T","R","E","R","T","M","E","?","$","?","R","B",null,"M","M","?","$","?","E","R","E","T","?","?","M","$","?","R","B",null],"character_chosen":"IRONCLAD","items_purchased":["Du-Vu Doll","ColorlessPotion","Self Forming Clay","Bag of Marbles","Charon\u0027s Ashes","Dual Wield","Body Slam","Mango","Frozen Eye","Flame Barrier","Inflame","Block Potion","Dexterity Potion","Bandage Up"],"campfire_rested":0,"item_purchase_floors":[3,8,30,30,47,47,47,47,47,47,47,47,47,47],"current_hp_per_floor":[78,77,76,75,74,73,74,73,82,81,80,79,78,77,76,75,74,64,58,73,66,66,66,64,64,64,68,67,51,65,64,63,44,61,59,61,53,61,60,61,60,59,59,61,57,58,71,70,69,68],"gold":117,"neow_bonus":"","is_daily":false,"chose_seed":false,"campfire_upgraded":6,"win_rate":0.0,"timestamp":1612006188,"path_taken":["M","?","$","?","?","M","E","$","T","M","?","E","?","E","R","BOSS","M","M","M","M","?","R","E","R","T","M","E","?","$","?","R","BOSS","M","?","?","$","?","E","R","E","T","?","?","M","$","?","R","BOSS"],"items_purchased_type":["Relic","Potion","Relic","Relic","Relic","Card","Card","Relic","Relic","Card","Card","Potion","Potion","Card"],"build_version":"2020-12-22","purchased_purges":0,"victory":true,"max_hp_per_floor":[78,77,76,75,74,73,74,73,82,81,80,79,78,77,76,75,74,75,74,73,72,71,70,71,70,69,68,67,66,65,64,63,62,61,60,61,62,61,60,61,60,61,60,61,57,58,71,70,69,68],"relic_stats":{"Regal Pillow":0,"Singing Bowl":18,"Gremlin Horn":[2,2],"counters":[24,131],"Self Forming Clay":[57],"Dead Branch":[84],"StoneCalendar":[52],"Charon\u0027s Ashes":[21],"War Paint":["Shrug It Off","Shrug It Off"],"Burning Blood":83,"Centennial Puzzle":[9],"Busted Crown":18,"MealTicket":24,"obtain_stats":[{"Ice Cream":44,"Lantern":14,"Regal Pillow":26,"Pear":9,"Singing Bowl":7,"Gremlin Horn":42,"Self Forming Clay":30,"Dead Branch":28,"Spirit Poop":4,"Oddly Smooth Stone":22,"Enchiridion":29,"StoneCalendar":40,"Mango":47,"Charon\u0027s Ashes":47,"War Paint":24,"Burning Blood":0,"Du-Vu Doll":3,"Frozen Eye":47,"Centennial Puzzle":43,"Busted Crown":34,"MealTicket":12,"Mark of Pain":17,"Bag of Marbles":30},{"Ice Cream":22,"Lantern":8,"Regal Pillow":14,"Pear":4,"Singing Bowl":4,"Gremlin Horn":21,"Self Forming Clay":16,"Dead Branch":16,"Spirit Poop":1,"Oddly Smooth Stone":13,"Enchiridion":16,"StoneCalendar":20,"Mango":23,"Charon\u0027s Ashes":23,"War Paint":14,"Burning Blood":0,"Du-Vu Doll":1,"Frozen Eye":23,"Centennial Puzzle":21,"Busted Crown":17,"MealTicket":6,"Mark of Pain":9,"Bag of Marbles":16},{"Ice Cream":120,"Lantern":33,"Regal Pillow":72,"Pear":14,"Singing Bowl":14,"Gremlin Horn":118,"Self Forming Clay":81,"Dead Branch":81,"Spirit Poop":2,"Oddly Smooth Stone":65,"Enchiridion":81,"StoneCalendar":111,"Mango":123,"Charon\u0027s Ashes":123,"War Paint":72,"Burning Blood":0,"Du-Vu Doll":2,"Frozen Eye":123,"Centennial Puzzle":118,"Busted Crown":90,"MealTicket":21,"Mark of Pain":45,"Bag of Marbles":81}]},"card_choices":[{"not_picked":["Heavy Blade","Thunderclap"],"picked":"Blood for Blood","floor":0},{"not_picked":["Perfected Strike","Heavy Blade"],"picked":"Disarm","floor":0},{"not_picked":["Flex","Searing Blow"],"picked":"Inflame","floor":0},{"not_picked":["Anger","Flex"],"picked":"Iron Wave","floor":0},{"not_picked":["Carnage","Armaments"],"picked":"Clothesline","floor":0},{"not_picked":["Clothesline","Dark Embrace"],"picked":"Heavy Blade","floor":0},{"not_picked":["Clothesline","Wild Strike"],"picked":"Anger","floor":0},{"not_picked":["Body Slam","Headbutt"],"picked":"Flame Barrier","floor":0},{"not_picked":["Blood for Blood","Warcry"],"picked":"Flex","floor":0},{"not_picked":["Reckless Charge","Hemokinesis"],"picked":"Sword Boomerang","floor":0},{"not_picked":["Havoc","Clash"],"picked":"Armaments","floor":0},{"not_picked":["Reckless Charge","Iron Wave"],"picked":"Pommel Strike","floor":0},{"not_picked":["Dropkick","Battle Trance"],"picked":"Shrug It Off","floor":0},{"not_picked":["Clash","Heavy Blade"],"picked":"Seeing Red","floor":0},{"not_picked":["Pommel Strike","Iron Wave"],"picked":"Headbutt","floor":0},{"not_picked":["Body Slam","Dropkick"],"picked":"Twin Strike","floor":1},{"not_picked":["Bloodletting","Headbutt"],"picked":"Shockwave","floor":5},{"not_picked":["Headbutt","Pommel Strike"],"picked":"Spot Weakness","floor":6},{"not_picked":["Shockwave","Second Wind","Sword Boomerang"],"picked":"Singing Bowl","floor":7},{"not_picked":["Sever Soul","Perfected Strike"],"picked":"Disarm","floor":10},{"not_picked":["Disarm","Iron Wave"],"picked":"Offering","floor":12},{"not_picked":["Infernal Blade","Searing Blow"],"picked":"Flame Barrier","floor":13},{"not_picked":["Havoc","Twin Strike"],"picked":"Rupture","floor":14},{"not_picked":["Juggernaut","Exhume"],"picked":"Reaper","floor":16},{"not_picked":["Pommel Strike","Cleave","Flex"],"picked":"Singing Bowl","floor":18},{"not_picked":["Perfected Strike","Cleave"],"picked":"Barricade","floor":19},{"not_picked":["Anger","Metallicize"],"picked":"Shrug It Off","floor":20},{"not_picked":["Anger","Havoc+1"],"picked":"Iron Wave+1","floor":21},{"not_picked":["Reckless Charge","Pummel","Sword Boomerang+1"],"picked":"Singing Bowl","floor":24},{"not_picked":["True Grit","Carnage"],"picked":"Shockwave","floor":27},{"not_picked":["Twin Strike","True Grit"],"picked":"Demon Form","floor":28},{"not_picked":["Demon Form","Immolate"],"picked":"Reaper","floor":33},{"not_picked":[],"picked":"Inflame+1","floor":35},{"not_picked":["Anger+1"],"picked":"Singing Bowl","floor":36},{"not_picked":["Enlightenment"],"picked":"Singing Bowl","floor":37},{"not_picked":[],"picked":"Discovery","floor":37},{"not_picked":[],"picked":"Jack Of All Trades","floor":37},{"not_picked":["Warcry"],"picked":"Singing Bowl","floor":40},{"not_picked":["Evolve"],"picked":"Singing Bowl","floor":42},{"not_picked":["Thunderclap+1"],"picked":"Singing Bowl","floor":44},{"not_picked":["Clothesline+1"],"picked":"Singing Bowl","floor":46}],"player_experience":1078816,"relics_obtained":[{"floor":7,"key":"Singing Bowl"},{"floor":9,"key":"Pear"},{"floor":12,"key":"MealTicket"},{"floor":14,"key":"Lantern"},{"floor":22,"key":"Oddly Smooth Stone"},{"floor":24,"key":"War Paint"},{"floor":26,"key":"Regal Pillow"},{"floor":28,"key":"Dead Branch"},{"floor":29,"key":"Enchiridion"},{"floor":40,"key":"StoneCalendar"},{"floor":42,"key":"Gremlin Horn"},{"floor":43,"key":"Centennial Puzzle"},{"floor":44,"key":"Ice Cream"}],"event_choices":[{"damage_healed":0,"gold_gain":175,"player_choice":"AGREE","damage_taken":0,"max_hp_gain":0,"max_hp_loss":0,"event_name":"Liars Game","floor":2,"gold_loss":0,"cards_obtained":["Doubt"]},{"cards_removed":["Doubt"],"damage_healed":0,"gold_gain":0,"player_choice":"Offered Curse","damage_taken":0,"relics_obtained":["Spirit Poop"],"max_hp_gain":0,"max_hp_loss":0,"event_name":"Bonfire Elementals","floor":4,"gold_loss":0},{"cards_removed":["Doubt","Doubt"],"damage_healed":0,"gold_gain":0,"player_choice":"Removed Curses","damage_taken":0,"max_hp_gain":0,"max_hp_loss":0,"event_name":"Fountain of Cleansing","floor":11,"gold_loss":0},{"damage_healed":0,"gold_gain":0,"player_choice":"Obtained Book","damage_taken":16,"max_hp_gain":0,"max_hp_loss":0,"event_name":"Cursed Tome","floor":29,"gold_loss":0},{"damage_healed":0,"gold_gain":0,"cards_transformed":["Blood for Blood"],"player_choice":"Transformed","damage_taken":0,"max_hp_gain":0,"max_hp_loss":0,"event_name":"Transmorgrifier","floor":31,"gold_loss":0,"cards_obtained":["Havoc"]},{"damage_healed":0,"gold_gain":0,"player_choice":"Memory 3","damage_taken":10,"max_hp_gain":0,"max_hp_loss":0,"event_name":"SensoryStone","floor":37,"gold_loss":0},{"damage_healed":0,"gold_gain":999,"player_choice":"Gold","damage_taken":0,"max_hp_gain":0,"max_hp_loss":0,"event_name":"MindBloom","floor":39,"gold_loss":0,"cards_obtained":["Normality","Normality"]},{"damage_healed":0,"gold_gain":0,"player_choice":"Fight","damage_taken":0,"max_hp_gain":0,"max_hp_loss":0,"event_name":"Mysterious Sphere","floor":44,"gold_loss":0},{"damage_healed":0,"gold_gain":0,"player_choice":"Max HP","damage_taken":0,"max_hp_gain":0,"max_hp_loss":3,"event_name":"Winding Halls","floor":45,"gold_loss":0},{"damage_healed":0,"gold_gain":0,"cards_transformed":["Normality"],"player_choice":"Transformed","damage_taken":0,"max_hp_gain":0,"max_hp_loss":0,"event_name":"Transmorgrifier","floor":48,"gold_loss":0,"cards_obtained":["Clumsy"]}],"is_beta":false,"boss_relics":[{"not_picked":["Velvet Choker","Black Star"],"picked":"Mark of Pain"},{"not_picked":["Empty Cage","Runic Dome"],"picked":"Busted Crown"}],"items_purged_floors":[],"is_endless":false,"potions_floor_spawned":[6,7,12,16,20,21,28,33,36,40],"ascension_level":0}}