{"host":"ucgrft0m53zzt06v","time":1612045377,"event":{"mods":["BaseMod","Colored Map","Colored Powertips","Conspire","HololiveMod","KinomotoSakuraMod(木之本樱)","Lobotomy","Minty Spire (QoL Compilation)","Quick Restart","Replay The Spire","Shop Mod","Spicy Shops","StSLib","Td1madao Mod","The Senshi","Waifu the Spire","WarShipGirlsR/战舰少女R mod","【遗物卡牌】REMEMod"],"gold_per_floor":[116,35,35,49,49,120,120,199,269,269,280,280,280,349,361,473,485,556,88,152,152,112,112,132,132,132,206,266,48,48,68,68,167,167,227,237,333,347,347,378,378,393,420,483,511,90,90,147,147,147],"floor_reached":51,"language":"ZHS","playtime":4809,"items_purged":["Doubt","Writhe"],"score":1056,"play_id":"e9fb5de8-b23d-403d-b86a-6306905835d7","local_time":"20210131062257","is_ascension_mode":true,"campfire_choices":[{"data":"rmod:fuelsupply","floor":7.0,"key":"SMITH"},{"data":"rmod:robin","floor":10.0,"key":"SMITH"},{"data":"Overclocking","floor":12.0,"key":"SMITH"},{"data":"rmod:basicallowance","floor":15.0,"key":"SMITH"},{"data":"rmod:chargemoney","floor":23.0,"key":"SMITH"},{"data":"rmod:wife","floor":25.0,"key":"SMITH"},{"data":"rmod:secretscript","floor":30,"key":"SMITH"},{"data":"rmod:highspeedmaneuver","floor":32,"key":"SMITH"},{"data":"Pot Of Greed","floor":41,"key":"SMITH"},{"data":"rmod:steelsupply","floor":47,"key":"SMITH"},{"data":"Apotheosis","floor":49,"key":"SMITH"}],"circlet_count":0,"master_deck":["conspire:GhostlyStrike","conspire:GhostlyStrike","conspire:GhostlyStrike","conspire:GhostlyDefend","conspire:GhostlyDefend","conspire:GhostlyDefend","conspire:GhostlyDefend","rmod:basicallowance+1","rmod:maingunfire","rmod:fuelsupply+1","rmod:expedition","rmod:robin+1","Overclocking+1","rmod:diaomin","rmod:maintain","rmod:secretscript+1","Pot Of Greed+1","Pot Of Greed+1","rmod:chargemoney+1","rmod:intelligenceanalysis","rmod:highspeedmaneuver+1","rmod:wife+1","rmod:diaomin","rmod:smokecover+1","rmod:heivgo+1","Pot Of Greed+1","rmod:ridicule","rmod:ridicule","rmod:robin+1","rmod:expedition+1","rmod:steelsupply+1","rmod:acesubmarine+1","Apotheosis+1"],"relics":["rmod:firstchargereward","REME_ComplimentaryCards","NeowsBlessing","Ring of Peace","ReplayTheSpireMod:Ring of Challenge","Oddly Smooth Stone","Replay:Bottled Snecko","White Beast Statue","War Paint","Grinning Jar","Iron Hammer","Membership Card","Replay:Mystery Machine","MerchantsRug","Prayer Wheel","Orrery","theSenshi:SailorFukuRelic","Pen Nib","Molten Egg 2","Incense Burner","Centennial Puzzle","Calipers","REME_CardOfGreed","Pet Ghost","Simple Rune","rmod:monthlycard","Replay:Kaleidoscope","ReplayFunnel","ReplayTheSpireMod:Lightbulb","Ornamental Fan","Bird Faced Urn","Mirror","Lee\u0027s Waffle","Toy Ornithopter","PreservedInsect","Chemical X"],"acts_visited":["Exordium","TheCity","TheBeyond"],"potions_floor_usage":[45,50],"damage_taken":[{"damage":0.0,"enemies":"Jaw Worm","floor":1.0,"turns":1.0},{"damage":0.0,"enemies":"conspire:RoseBush","floor":4.0,"turns":1.0},{"damage":0.0,"enemies":"Lagavulin","floor":6.0,"turns":1.0},{"damage":30.0,"enemies":"Gremlin Nob","floor":8.0,"turns":7.0},{"damage":0.0,"enemies":"2 Louse","floor":11.0,"turns":2.0},{"damage":0.0,"enemies":"Red Slaver","floor":14.0,"turns":8.0},{"damage":29.0,"enemies":"The Guardian","floor":16.0,"turns":9.0},{"damage":7.0,"enemies":"conspire:FuzzyDice","floor":18.0,"turns":7.0},{"damage":0.0,"enemies":"Spheric Guardian","floor":20.0,"turns":5.0},{"damage":0.0,"enemies":"Snake Plant","floor":24.0,"turns":3.0},{"damage":0.0,"enemies":"Slavers","floor":27.0,"turns":11.0},{"damage":0.0,"enemies":"Shelled Parasite and Fungi","floor":28.0,"turns":6.0},{"damage":0,"enemies":"Snecko","floor":31,"turns":5},{"damage":0,"enemies":"Collector","floor":33,"turns":6},{"damage":0,"enemies":"3 Darklings","floor":35,"turns":4},{"damage":0,"enemies":"Orb Walker","floor":36,"turns":4},{"damage":0,"enemies":"2 Orb Walkers","floor":37,"turns":5},{"damage":0,"enemies":"Spire Growth","floor":38,"turns":3},{"damage":0,"enemies":"Nemesis","floor":40,"turns":4},{"damage":0,"enemies":"Maw","floor":42,"turns":4},{"damage":0,"enemies":"Jaw Worm Horde","floor":44,"turns":3},{"damage":0,"enemies":"Reptomancer","floor":45,"turns":3},{"damage":0,"enemies":"Spire Growth","floor":48,"turns":3},{"damage":0,"enemies":"Awakened One","floor":50,"turns":7}],"seed_played":"7781489190100199430","potions_obtained":[{"floor":6.0,"key":"DuplicationPotion"},{"floor":11.0,"key":"Explosive Potion"},{"floor":14.0,"key":"Flashbang"},{"floor":16.0,"key":"LiquidBronze"},{"floor":18.0,"key":"EssenceOfSteel"},{"floor":27.0,"key":"SteroidPotion"},{"floor":28.0,"key":"BlessingOfTheForge"},{"floor":45,"key":"DistilledChaos"},{"floor":48,"key":"PowerPotion"}],"is_trial":false,"path_per_floor":["M","$","?","M","?","E","R","E","T","R","M","R","?","M","R","B",null,"M","$","M","T","?","R","M","R","T","E","M","$","R","M","R","B",null,"M","M","?","M","?","E","R","M","T","M","E","$","R","M","R","B",null],"character_chosen":"PRAEFECT","items_purchased":["rmod:expedition","Membership Card","Replay:Mystery Machine","rmod:chargemoney","MerchantsRug","Prayer Wheel","Orrery","theSenshi:SailorFukuRelic","Pen Nib","REME_CardOfGreed","Pet Ghost","Simple Rune","Mirror","Lee\u0027s Waffle","Toy Ornithopter","PreservedInsect","Chemical X","Apotheosis"],"campfire_rested":0,"item_purchase_floors":[2,19,19,19,19,19,19,19,19,29,29,29,46,46,46,46,46,46],"current_hp_per_floor":[75,75,75,75,75,75,75,45,45,45,45,45,45,45,45,16,75,68,68,68,68,68,68,68,68,68,68,68,68,68,68,68,68,75,75,75,75,75,75,75,75,75,75,75,75,82,82,82,82,82],"gold":147,"neow_bonus":"THREE_ENEMY_KILL","is_daily":false,"chose_seed":false,"campfire_upgraded":11,"win_rate":0.0,"timestamp":1612045377,"path_taken":["M","$","?","M","?","E","R","E","T","R","M","R","?","M","R","BOSS","M","$","M","?","?","R","?","R","T","E","M","?","R","M","R","BOSS","M","M","?","M","?","E","R","M","T","M","E","$","R","M","R","BOSS"],"items_purchased_type":["Card","Relic","Relic","Card","Relic","Relic","Relic","Relic","Relic","Relic","Relic","Relic","Relic","Relic","Relic","Relic","Relic","Card"],"build_version":"2020-12-22","purchased_purges":2,"victory":true,"max_hp_per_floor":[75,75,75,75,75,75,75,75,75,75,75,75,75,75,75,75,75,75,75,75,75,75,75,75,75,75,75,75,75,75,75,75,75,75,75,75,75,75,75,75,75,75,75,75,75,82,82,82,82,82],"card_choices":[{"not_picked":["rmod:lonelyqueen","rmod:ammunitionsupply"],"picked":"rmod:fuelsupply","floor":1.0},{"not_picked":["rmod:supportescort","rmod:supportaircraftcarrier"],"picked":"rmod:robin","floor":4.0},{"not_picked":["rmod:salvage","rmod:diamondstrike","rmod:unsinkable"],"picked":"SKIP","floor":6.0},{"not_picked":["rmod:salvage","rmod:diamondstrike","rmod:unsinkable"],"picked":"SKIP","floor":6.0},{"not_picked":["rmod:wolves","rmod:capitalist"],"picked":"rmod:diaomin","floor":8.0},{"not_picked":["rmod:supportescort","rmod:ammunitionsupply","rmod:seals"],"picked":"SKIP","floor":11.0},{"not_picked":["rmod:steelsupply","rmod:aluminumsupply"],"picked":"rmod:maintain","floor":14.0},{"not_picked":["rmod:u235","rmod:saltedfish"],"picked":"rmod:secretscript","floor":16.0},{"not_picked":["rmod:rockthrower","rmod:luckystar","rmod:diamondstrike+1","REME_MawOfCthun"],"picked":"SKIP","floor":18.0},{"not_picked":["rmod:fuelsupply","rmod:unsinkable"],"picked":"rmod:intelligenceanalysis","floor":19.0},{"not_picked":["rmod:supportaircraftcarrier","rmod:luckystar"],"picked":"rmod:highspeedmaneuver","floor":19.0},{"not_picked":["rmod:firesupport","rmod:sl"],"picked":"rmod:wife","floor":19.0},{"not_picked":["rmod:firesupport","rmod:victimresponsibility+1"],"picked":"rmod:diaomin","floor":19.0},{"not_picked":["rmod:victimresponsibility","rmod:luckystar","rmod:launchingtorpedo"],"picked":"SKIP","floor":20.0},{"not_picked":["rmod:victimresponsibility","rmod:mineteam","rmod:wolves"],"picked":"SKIP","floor":20.0},{"not_picked":["rmod:goodfighter+1","rmod:aluminumsupply"],"picked":"rmod:smokecover+1","floor":24.0},{"not_picked":["rmod:victimresponsibility+1","rmod:tearstotiara+1","rmod:circuitoustactics"],"picked":"SKIP","floor":24.0},{"not_picked":["rmod:diamondstrike+1","rmod:aggressivemary+1","rmod:tearstotiara+1"],"picked":"SKIP","floor":27.0},{"not_picked":["rmod:salvage+1","rmod:ammunitionsupply"],"picked":"rmod:heivgo+1","floor":28.0},{"not_picked":["rmod:supportescort","rmod:circuitoustactics","rmod:luckystar+1"],"picked":"SKIP","floor":28.0},{"not_picked":["rmod:intelligenceanalysis+1","rmod:tearstotiara+1","rmod:garrisonisland+1"],"picked":"SKIP","floor":31},{"not_picked":["rmod:goodsister","rmod:luckystar+1","rmod:stealaluminum"],"picked":"SKIP","floor":31},{"not_picked":["rmod:secretscript","rmod:saltedfish"],"picked":"rmod:ridicule","floor":33},{"not_picked":["rmod:ammunitionsupply+1","rmod:aviationdawn","rmod:firesupport+1"],"picked":"SKIP","floor":35},{"not_picked":["rmod:victimresponsibility","rmod:supportescort","rmod:luckystar+1"],"picked":"SKIP","floor":35},{"not_picked":["rmod:firesupport+1","rmod:gendarmerie"],"picked":"rmod:ridicule","floor":36},{"not_picked":["rmod:chargemoney","rmod:luckystar+1","rmod:unsinkable+1"],"picked":"SKIP","floor":36},{"not_picked":["rmod:salvage+1","rmod:gendarmerie"],"picked":"rmod:robin+1","floor":38},{"not_picked":["rmod:fletcherpendant+1","rmod:ammunitionsupply+1","rmod:wolves+1"],"picked":"SKIP","floor":38},{"not_picked":["rmod:fletcher+1","rmod:unsinkable+1"],"picked":"rmod:expedition+1","floor":40},{"not_picked":["rmod:heivgo+1","rmod:fuelsupply+1"],"picked":"rmod:steelsupply","floor":42},{"not_picked":["rmod:diamondstrike+1","rmod:firesupport+1","rmod:luckystar+1"],"picked":"SKIP","floor":42},{"not_picked":["rmod:aluminumsupply+1","rmod:ammunitionsupply","rmod:supportescort+1"],"picked":"SKIP","floor":44},{"not_picked":["rmod:wife","rmod:gendarmerie","rmod:fletcherpendant+1"],"picked":"SKIP","floor":44},{"not_picked":["rmod:tearstotiara+1","rmod:salvage+1"],"picked":"rmod:acesubmarine+1","floor":45},{"not_picked":["rmod:steelsupply+1","rmod:goodfighter+1","rmod:firesupport+1"],"picked":"SKIP","floor":48},{"not_picked":["rmod:steelsupply+1","rmod:launchingtorpedo+1","rmod:diamondstrike+1"],"picked":"SKIP","floor":48}],"player_experience":111758,"relics_obtained":[{"floor":5.0,"key":"Ring of Peace"},{"floor":5.0,"key":"ReplayTheSpireMod:Ring of Challenge"},{"floor":6.0,"key":"Oddly Smooth Stone"},{"floor":8.0,"key":"Replay:Bottled Snecko"},{"floor":9.0,"key":"White Beast Statue"},{"floor":17.0,"key":"War Paint"},{"floor":17.0,"key":"Grinning Jar"},{"floor":18.0,"key":"Iron Hammer"},{"floor":21.0,"key":"Molten Egg 2"},{"floor":26.0,"key":"Incense Burner"},{"floor":27.0,"key":"Centennial Puzzle"},{"floor":28.0,"key":"Calipers"},{"floor":37,"key":"Replay:Kaleidoscope"},{"floor":40,"key":"ReplayFunnel"},{"floor":43,"key":"ReplayTheSpireMod:Lightbulb"},{"floor":44,"key":"Ornamental Fan"},{"floor":45,"key":"Bird Faced Urn"}],"event_choices":[{"damage_healed":0.0,"max_hp_gain":0.0,"max_hp_loss":0.0,"gold_gain":0.0,"event_name":"conspire:LoneGhost","player_choice":"Agree","floor":3.0,"gold_loss":0.0,"damage_taken":0.0},{"cards_removed":["conspire:GhostlyStrike"],"damage_healed":0.0,"max_hp_gain":0.0,"max_hp_loss":0.0,"gold_gain":0.0,"event_name":"WeMeetAgain","player_choice":"Gave Card","floor":13.0,"gold_loss":0.0,"damage_taken":0.0,"relics_obtained":["MawBank"]},{"damage_healed":0.0,"max_hp_gain":0.0,"max_hp_loss":0.0,"gold_gain":0.0,"event_name":"Designer","player_choice":"Upgraded Two","floor":22.0,"gold_loss":40.0,"damage_taken":0.0,"cards_upgraded":["Pot Of Greed","Pot Of Greed"]},{"damage_healed":0,"gold_gain":0,"player_choice":"Fight","damage_taken":0,"max_hp_gain":0,"max_hp_loss":0,"event_name":"Mysterious Sphere","floor":37,"gold_loss":0},{"damage_healed":0,"gold_gain":0,"player_choice":"Ignored","damage_taken":0,"max_hp_gain":0,"max_hp_loss":0,"event_name":"Tomb of Lord Red Mask","floor":39,"gold_loss":0}],"is_beta":false,"boss_relics":[{"not_picked":["Hololive_ChaosS","Tiny House"],"picked":"REME_LowDesire"},{"not_picked":["conspire:SlowCooker","Honey Jar"],"picked":"rmod:monthlycard"}],"items_purged_floors":[19,46],"is_endless":false,"potions_floor_spawned":[6,11,14,16,18,20,24,27,28,31,33,35,36,37,38,40,42,44,45,48],"ascension_level":1}}