{"host":"id3qf6v2yl1bmj05","time":1612050415,"event":{"mods":["Act Like it!","Aspiration","Bard","BaseMod","BetterRewards","Downfall","Hermit","Jorbs\u0027s Wanderer Trilogy","Koishi","Marisa????????","Minty Spire (QoL Compilation)","Remilia??????","Shop Mod","StSLib","The Animator","The Bug Knight","The Cursed","The Disciple","The Gatherer","The Judge","The Marked","The Necromancer","The Runesmith","The Servant 0.9.4","The Wild Card","TheBandit","TheFirefly","TheHero"],"gold_per_floor":[114,87,87,13,28,59,59,74,125,125,125,159,159],"floor_reached":12,"language":"ENG","playtime":570,"items_purged":[],"score":136,"play_id":"b709518e-d7fa-4416-8801-7a68b3b9b9c1","local_time":"20210130184655","is_ascension_mode":false,"campfire_choices":[{"floor":7,"key":"RECALL"},{"data":"thefirefly:ShieldArray","floor":11,"key":"SMITH"}],"circlet_count":0,"master_deck":["thefirefly:Strike","thefirefly:Strike","thefirefly:Strike","thefirefly:Defend","thefirefly:Defend","thefirefly:Defend","thefirefly:Defend","thefirefly:StealthMode","thefirefly:PhotonBlast","thefirefly:Distort","thefirefly:CoveringFire","thefirefly:ChargedLaser","thefirefly:Ruminate","thefirefly:InterceptingShot","thefirefly:ShieldArray+1"],"relics":["thefirefly:StealthSystem","NeowsBlessing","Incense Burner","aspiration:DSix"],"acts_visited":["Exordium"],"potions_floor_usage":[],"damage_taken":[{"damage":0,"enemies":"Small Slimes","floor":1,"turns":1},{"damage":0,"enemies":"2 Louse","floor":5,"turns":1},{"damage":0,"enemies":"3 Sentries","floor":6,"turns":1},{"damage":13,"enemies":"Cultist","floor":8,"turns":5},{"damage":10,"enemies":"HollowMod:MossKnight","floor":12,"turns":10}],"seed_played":"269738299181236608","potions_obtained":[{"floor":5,"key":"Swift Potion"},{"floor":6,"key":"SmokeBomb"},{"floor":8,"key":"DuplicationPotion"}],"is_trial":false,"path_per_floor":["M","$","?","$","M","E","R","M","T","?","R","E"],"character_chosen":"THE_FIREFLY","items_purchased":["thefirefly:CoveringFire","thefirefly:ChargedLaser"],"campfire_rested":0,"item_purchase_floors":[2,4],"current_hp_per_floor":[55,55,55,55,55,55,55,39,39,44,44,34,34],"gold":159,"neow_bonus":"THREE_ENEMY_KILL","is_daily":false,"chose_seed":false,"campfire_upgraded":1,"win_rate":0.0,"timestamp":1612050415,"path_taken":["M","$","?","$","M","E","R","M","T","?","R","E"],"items_purchased_type":["Card","Card"],"build_version":"2020-12-22","purchased_purges":0,"victory":false,"max_hp_per_floor":[55,55,55,55,55,55,55,55,55,60,60,60,60],"card_choices":[{"not_picked":["thefirefly:RollBack","thefirefly:AuroralDischarge"],"picked":"thefirefly:Distort","floor":1},{"not_picked":["thefirefly:Distort","thefirefly:RollBack"],"picked":"thefirefly:Ruminate","floor":5},{"not_picked":["thefirefly:StarCinder","thefirefly:Regeneration"],"picked":"thefirefly:InterceptingShot","floor":6},{"not_picked":["thefirefly:RollBack","thefirefly:Flight"],"picked":"thefirefly:ShieldArray","floor":8}],"player_experience":112957,"relics_obtained":[{"floor":6,"key":"Incense Burner"},{"floor":12,"key":"aspiration:DSix"}],"event_choices":[{"cards_removed":["thefirefly:Strike"],"damage_healed":0,"gold_gain":0,"player_choice":"Forget","damage_taken":0,"max_hp_gain":0,"max_hp_loss":0,"event_name":"Living Wall","floor":3,"gold_loss":0},{"damage_healed":0,"gold_gain":0,"player_choice":"Donut","damage_taken":0,"max_hp_gain":5,"max_hp_loss":0,"event_name":"Big Fish","floor":10,"gold_loss":0}],"is_beta":false,"boss_relics":[],"items_purged_floors":[],"is_endless":false,"potions_floor_spawned":[5,6,8,12],"killed_by":"HollowMod:MossKnight","ascension_level":0}}