{"host":"ga4s3hj9m6nkn6gp","time":1612047635,"event":{"mods":["AchievementEnabler","BaseMod","Bestiary","Colored Powertips","Highlight Path","Minty Spire (QoL Compilation)","Relic Stats","everything is the same but u backflip on backflip"],"gold_per_floor":[117,133,149,54,64,93,93,123,135,159,171,214,226,238,250,341,353,379,67,67,102,102,132,132,32,105,131,131,146,160,160,160,232,232,249,84,84,133,145,177,190,190,190,215,215,250,263,289,289,289,289,289,16,41,41],"floor_reached":56,"language":"ENG","playtime":2862,"items_purged":["Strike_R","Strike_R"],"score":2184,"play_id":"bb3ec282-701d-41e7-8e66-082e922e8a47","local_time":"20210131000035","is_ascension_mode":true,"campfire_choices":[{"data":"Pommel Strike","floor":7,"key":"SMITH"},{"data":"Spot Weakness","floor":11,"key":"SMITH"},{"data":"Fire Breathing","floor":15,"key":"SMITH"},{"data":"Feel No Pain","floor":24,"key":"SMITH"},{"data":"Corruption","floor":28,"key":"SMITH"},{"data":"Reaper","floor":32,"key":"SMITH"},{"floor":42,"key":"RECALL"},{"data":"Offering","floor":45,"key":"SMITH"},{"data":"Impervious","floor":49,"key":"SMITH"},{"data":"Second Wind","floor":52,"key":"SMITH"}],"circlet_count":0,"master_deck":["AscendersBane","Defend_R","Defend_R","Defend_R","Defend_R","Bash","Dropkick","Pommel Strike+1","Spot Weakness+1","Fire Breathing+1","Wild Strike","Feed","Seeing Red","Anger","Reaper+1","Corruption+1","Second Wind+1","Feel No Pain+1","Flame Barrier","Pummel","Battle Trance","Offering+1","Flame Barrier","Necronomicurse","Impervious+1","Clash+1","Bludgeon+1","Clothesline+1","Uppercut+1","Shrug It Off","True Grit+1","Dark Embrace","Double Tap","Uppercut+1","Disarm","Warcry+1"],"relics":["Burning Blood","Orichalcum","MawBank","Singing Bowl","Charon\u0027s Ashes","Bag of Preparation","Coffee Dripper","Red Mask","Pen Nib","Mercury Hourglass","White Beast Statue","Necronomicon","Astrolabe","PreservedInsect","Champion Belt","Red Skull","Eternal Feather","Oddly Smooth Stone","Bottled Flame","Orrery","Gambling Chip"],"acts_visited":["Exordium","TheCity","TheBeyond","TheEnding"],"potions_floor_usage":[6,8,12,23,30,33,33,44,46,48,55,55],"damage_taken":[{"damage":6,"enemies":"Cultist","floor":1,"turns":4},{"damage":10,"enemies":"Jaw Worm","floor":2,"turns":6},{"damage":9,"enemies":"2 Louse","floor":3,"turns":3},{"damage":11,"enemies":"Exordium Wildlife","floor":5,"turns":4},{"damage":35,"enemies":"3 Sentries","floor":6,"turns":7},{"damage":24,"enemies":"Lagavulin","floor":8,"turns":7},{"damage":0,"enemies":"3 Louse","floor":10,"turns":2},{"damage":29,"enemies":"Gremlin Nob","floor":12,"turns":4},{"damage":28,"enemies":"Slime Boss","floor":16,"turns":8},{"damage":22,"enemies":"2 Thieves","floor":18,"turns":3},{"damage":13,"enemies":"Masked Bandits","floor":21,"turns":4},{"damage":4,"enemies":"Slavers","floor":23,"turns":3},{"damage":17,"enemies":"Book of Stabbing","floor":27,"turns":4},{"damage":6,"enemies":"Chosen","floor":29,"turns":4},{"damage":0,"enemies":"Shelled Parasite and Fungi","floor":30,"turns":2},{"damage":38,"enemies":"Collector","floor":33,"turns":9},{"damage":6,"enemies":"Orb Walker","floor":35,"turns":3},{"damage":24,"enemies":"2 Orb Walkers","floor":38,"turns":4},{"damage":11,"enemies":"3 Darklings","floor":39,"turns":4},{"damage":9,"enemies":"Giant Head","floor":40,"turns":6},{"damage":2,"enemies":"Sphere and 2 Shapes","floor":41,"turns":3},{"damage":6,"enemies":"Reptomancer","floor":44,"turns":3},{"damage":17,"enemies":"Nemesis","floor":46,"turns":5},{"damage":18,"enemies":"Jaw Worm Horde","floor":47,"turns":4},{"damage":22,"enemies":"Reptomancer","floor":48,"turns":3},{"damage":68,"enemies":"Time Eater","floor":50,"turns":10},{"damage":12,"enemies":"Shield and Spear","floor":54,"turns":4},{"damage":137,"enemies":"The Heart","floor":55,"turns":10}],"seed_played":"9167813704332900344","potions_obtained":[{"floor":1,"key":"BloodPotion"},{"floor":3,"key":"ColorlessPotion"},{"floor":6,"key":"SkillPotion"},{"floor":10,"key":"BloodPotion"},{"floor":18,"key":"GamblersBrew"},{"floor":23,"key":"BlessingOfTheForge"},{"floor":30,"key":"HeartOfIron"},{"floor":33,"key":"LiquidBronze"},{"floor":35,"key":"CultistPotion"},{"floor":39,"key":"PowerPotion"},{"floor":44,"key":"Fruit Juice"},{"floor":46,"key":"ColorlessPotion"},{"floor":48,"key":"FearPotion"},{"floor":54,"key":"Ancient Potion"}],"is_trial":false,"path_per_floor":["M","M","M","$","M","E","R","E","T","M","R","E","T","?","R","B",null,"M","$","?","?","?","E","R","$","T","E","R","M","M","?","R","B",null,"M","$","?","?","M","E","M","R","T","E","R","E","M","E","R","B",null,"R","$","E","B",null],"character_chosen":"IRONCLAD","items_purchased":["Fire Breathing","Wild Strike","Feel No Pain","Flame Barrier","Pummel","PreservedInsect","Dark Embrace","Orrery","Disarm"],"campfire_rested":0,"item_purchase_floors":[4,4,19,19,19,36,53,53,53],"current_hp_per_floor":[75,71,68,68,63,34,34,16,16,25,25,22,22,51,51,32,76,63,63,35,31,31,36,36,36,36,30,30,32,38,17,17,37,93,110,110,108,113,115,117,123,123,123,123,123,119,126,112,130,85,123,135,141,135,58],"gold":41,"neow_bonus":"TEN_PERCENT_HP_BONUS","is_daily":false,"chose_seed":false,"campfire_upgraded":9,"win_rate":0.0,"timestamp":1612047635,"path_taken":["M","M","M","$","M","E","R","E","T","M","R","E","?","?","R","BOSS","M","$","?","?","?","E","R","$","T","E","R","M","M","?","R","BOSS","M","$","?","?","M","E","?","R","T","E","R","E","M","E","R","BOSS","R","$","E","BOSS"],"items_purchased_type":["Card","Card","Card","Card","Card","Relic","Card","Relic","Card"],"build_version":"2020-12-22","purchased_purges":2,"victory":true,"max_hp_per_floor":[82,82,82,82,82,82,82,82,82,85,85,88,88,88,88,91,91,94,94,99,102,102,105,105,105,105,110,110,112,112,112,112,112,112,114,114,108,113,115,120,123,123,123,123,123,130,133,135,135,135,135,135,141,141,141],"relic_stats":{"Singing Bowl":22,"counters":[28,133],"Astrolabe":["Clash","Bludgeon","Clothesline"],"Eternal Feather":30,"Charon\u0027s Ashes":[614],"Pen Nib":[17],"PreservedInsect":378,"Bag of Preparation":[40],"Orichalcum":[174],"MawBank":132,"Burning Blood":154,"Mercury Hourglass":[275],"Gambling Chip":[4],"Necronomicon":[42],"Champion Belt":[21],"obtain_stats":[{"Singing Bowl":9,"Astrolabe":34,"Oddly Smooth Stone":46,"Eternal Feather":44,"Charon\u0027s Ashes":12,"Pen Nib":23,"PreservedInsect":36,"Bag of Preparation":13,"Orichalcum":6,"MawBank":8,"Burning Blood":0,"White Beast Statue":27,"Mercury Hourglass":26,"Bottled Flame":48,"Gambling Chip":54,"Orrery":53,"Coffee Dripper":17,"Red Mask":21,"Necronomicon":31,"Champion Belt":38,"Red Skull":40},{"Singing Bowl":6,"Astrolabe":16,"Oddly Smooth Stone":23,"Eternal Feather":22,"Charon\u0027s Ashes":8,"Pen Nib":12,"PreservedInsect":17,"Bag of Preparation":8,"Orichalcum":5,"MawBank":6,"Burning Blood":0,"White Beast Statue":13,"Mercury Hourglass":12,"Bottled Flame":25,"Gambling Chip":27,"Orrery":26,"Coffee Dripper":9,"Red Mask":11,"Necronomicon":15,"Champion Belt":18,"Red Skull":20},{"Singing Bowl":31,"Astrolabe":74,"Oddly Smooth Stone":102,"Eternal Feather":97,"Charon\u0027s Ashes":37,"Pen Nib":55,"PreservedInsect":77,"Bag of Preparation":37,"Orichalcum":24,"MawBank":31,"Burning Blood":0,"White Beast Statue":59,"Mercury Hourglass":55,"Bottled Flame":109,"Gambling Chip":123,"Orrery":119,"Coffee Dripper":45,"Red Mask":52,"Necronomicon":65,"Champion Belt":81,"Red Skull":91}]},"card_choices":[{"not_picked":["True Grit","Headbutt"],"picked":"Dropkick","floor":1},{"not_picked":["Thunderclap","Clash"],"picked":"Pommel Strike","floor":2},{"not_picked":["Anger","Clothesline"],"picked":"Spot Weakness","floor":3},{"not_picked":["Rupture","Sword Boomerang"],"picked":"Feed","floor":5},{"not_picked":["Thunderclap","Rupture"],"picked":"Seeing Red","floor":6},{"not_picked":["Pommel Strike","Flex","Dropkick"],"picked":"SKIP","floor":8},{"not_picked":["Combust","Spot Weakness"],"picked":"Anger","floor":10},{"not_picked":["Intimidate","Iron Wave"],"picked":"Reaper","floor":12},{"not_picked":["Offering","Exhume"],"picked":"Corruption","floor":16},{"not_picked":["Wild Strike","Anger+1"],"picked":"Second Wind","floor":18},{"not_picked":["Thunderclap","Cleave"],"picked":"Battle Trance","floor":21},{"not_picked":["Fiend Fire","Armaments"],"picked":"Offering","floor":23},{"not_picked":["Metallicize","Blood for Blood","Anger"],"picked":"Singing Bowl","floor":27},{"not_picked":["Havoc","Heavy Blade","Pommel Strike"],"picked":"Singing Bowl","floor":29},{"not_picked":["Infernal Blade","Armaments"],"picked":"Flame Barrier","floor":30},{"not_picked":["Juggernaut","Bludgeon"],"picked":"Impervious","floor":33},{"not_picked":["Bloodletting","Reckless Charge","Sword Boomerang"],"picked":"Singing Bowl","floor":35},{"not_picked":["Cleave+1","Sword Boomerang","Anger+1"],"picked":"Singing Bowl","floor":38},{"not_picked":["Headbutt","Twin Strike","Clothesline"],"picked":"Singing Bowl","floor":39},{"not_picked":["Thunderclap","Body Slam","Metallicize"],"picked":"Singing Bowl","floor":40},{"not_picked":["Armaments","Shrug It Off+1"],"picked":"Uppercut+1","floor":41},{"not_picked":["Flex","Armaments"],"picked":"Shrug It Off","floor":44},{"not_picked":["Hemokinesis+1","Flame Barrier","Dark Embrace"],"picked":"Singing Bowl","floor":46},{"not_picked":["Feed","Wild Strike+1"],"picked":"True Grit+1","floor":47},{"not_picked":["Blood for Blood","Iron Wave","Rage"],"picked":"Singing Bowl","floor":48},{"not_picked":["Cleave","Wild Strike+1"],"picked":"Double Tap","floor":53},{"not_picked":["Clash","Fiend Fire"],"picked":"Uppercut+1","floor":53},{"not_picked":["Twin Strike","Burning Pact","Heavy Blade"],"picked":"Singing Bowl","floor":53},{"not_picked":["Wild Strike","Iron Wave","Clothesline"],"picked":"Singing Bowl","floor":53},{"not_picked":["Perfected Strike","Flame Barrier","Anger"],"picked":"Singing Bowl","floor":53},{"not_picked":["Entrench","Iron Wave"],"picked":"Warcry+1","floor":54}],"player_experience":722164,"relics_obtained":[{"floor":6,"key":"Orichalcum"},{"floor":8,"key":"MawBank"},{"floor":9,"key":"Singing Bowl"},{"floor":12,"key":"Charon\u0027s Ashes"},{"floor":13,"key":"Bag of Preparation"},{"floor":21,"key":"Red Mask"},{"floor":23,"key":"Pen Nib"},{"floor":26,"key":"Mercury Hourglass"},{"floor":27,"key":"White Beast Statue"},{"floor":31,"key":"Necronomicon"},{"floor":38,"key":"Champion Belt"},{"floor":40,"key":"Red Skull"},{"floor":44,"key":"Eternal Feather"},{"floor":46,"key":"Oddly Smooth Stone"},{"floor":48,"key":"Bottled Flame"},{"floor":54,"key":"Gambling Chip"}],"event_choices":[{"damage_healed":29,"gold_gain":0,"player_choice":"Banana","damage_taken":0,"max_hp_gain":0,"max_hp_loss":0,"event_name":"Big Fish","floor":14,"gold_loss":0},{"damage_healed":0,"gold_gain":0,"player_choice":"Shed Blood","damage_taken":33,"max_hp_gain":5,"max_hp_loss":0,"event_name":"Forgotten Altar","floor":20,"gold_loss":0},{"damage_healed":0,"gold_gain":0,"player_choice":"Fought Bandits","damage_taken":0,"max_hp_gain":0,"max_hp_loss":0,"event_name":"Masked Bandits","floor":21,"gold_loss":0},{"damage_healed":0,"gold_gain":0,"player_choice":"Ignored","damage_taken":0,"max_hp_gain":0,"max_hp_loss":0,"event_name":"The Mausoleum","floor":22,"gold_loss":0},{"damage_healed":0,"gold_gain":0,"player_choice":"Obtained Book","damage_taken":21,"max_hp_gain":0,"max_hp_loss":0,"event_name":"Cursed Tome","floor":31,"gold_loss":0},{"damage_healed":0,"gold_gain":0,"player_choice":"Max HP","damage_taken":0,"max_hp_gain":0,"max_hp_loss":6,"event_name":"Winding Halls","floor":37,"gold_loss":0},{"damage_healed":0,"gold_gain":0,"player_choice":"Fight","damage_taken":0,"max_hp_gain":0,"max_hp_loss":0,"event_name":"Mysterious Sphere","floor":38,"gold_loss":0}],"is_beta":false,"boss_relics":[{"not_picked":["Cursed Key","Philosopher\u0027s Stone"],"picked":"Coffee Dripper"},{"not_picked":["Runic Pyramid","Busted Crown"],"picked":"Astrolabe"}],"items_purged_floors":[19,25],"is_endless":false,"potions_floor_spawned":[1,3,6,10,18,23,29,30,33,35,38,39,40,41,44,46,47,48,54],"ascension_level":16}}