{"host":"j0rajrfs2q3wozdq","time":1612012842,"event":{"mods":["Arknights The Spire","BaseMod","Colored Powertips","HololiveMod","Koishi","Lobotomy","LobotomyExtend","Minty Spire (QoL Compilation)","Prisma Mod","Quick Restart","Relic Filter Mod","Remilia¡]Á¢¦Ì²ú?¡^","Replay The Spire","Shop Mod","StSLib","The Alterego","WarShipGirlsR/??¤Ö¤kR mod","Yakumo Yukari mod","Youmu¡]»î¾z§¯?¡^"],"gold_per_floor":[134,144,156,168,184,184,184,184,184,55,55,55,16,37,37,49,49],"floor_reached":16,"language":"ZHS","playtime":811,"items_purged":[],"score":92,"play_id":"c722e28f-3ebd-4607-bf04-aefd94b68cc6","local_time":"20210130212042","is_ascension_mode":false,"campfire_choices":[{"data":"Photoelasticity_Doppler_Effect_purple","floor":6,"key":"SMITH"},{"data":"Observe_purple_2","floor":8,"key":"SMITH"},{"data":"Boundary_of_Extermination_purpleEX","floor":12,"key":"SMITH"},{"floor":15,"key":"DIG"}],"circlet_count":0,"master_deck":["AT_purpleEX","AT_purpleEX","AT_purpleEX","AT_purpleEX","Defend_purpleEX","Defend_purpleEX","Defend_purpleEX","Defend_purpleEX","Observe_purple_1","Observe_purple_2+1","Wellcheers","Photoelasticity_Doppler_Effect_purple+1","Line_surface_state_purple","Bloodbath","MHz","OmniscientAndOmnipotent_Monster_purple","Worldmountain_purple","Mirror_FormAndEmptin_purple+1","Boundary_of_Extermination_purpleEX+1","CommonSense_AntiCommonSense_purple"],"relics":["Boundary_crack","Memoryfragments_purpleEX","CogitoBucket","Golden Idol","Bronze Scales","MawBank"],"acts_visited":["Exordium"],"potions_floor_usage":[16],"damage_taken":[{"damage":5,"enemies":"Jaw Worm","floor":1,"turns":4},{"damage":5,"enemies":"Small Slimes","floor":2,"turns":3},{"damage":4,"enemies":"Cultist","floor":3,"turns":5},{"damage":9,"enemies":"Blue Slaver","floor":4,"turns":3},{"damage":21,"enemies":"Exordium Wildlife","floor":5,"turns":5},{"damage":24,"enemies":"3 Louse","floor":14,"turns":4},{"damage":30,"enemies":"Slime Boss","floor":16,"turns":3}],"seed_played":"-7604609482426886565","potions_obtained":[{"floor":2,"key":"Ancient Potion"},{"floor":3,"key":"LiquidMemories"}],"is_trial":false,"path_per_floor":["M","M","M","M","M","R","?","R","T","$","?","R","$","M","R","B"],"character_chosen":"Youkari","items_purchased":["Mirror_FormAndEmptin_purple","Boundary_of_Extermination_purpleEX","CommonSense_AntiCommonSense_purple"],"campfire_rested":0,"item_purchase_floors":[10,10,13],"current_hp_per_floor":[66,65,63,59,43,43,43,43,43,43,43,43,43,28,28,0,0],"gold":49,"neow_bonus":"","is_daily":false,"chose_seed":false,"campfire_upgraded":3,"win_rate":0.0,"timestamp":1612012842,"path_taken":["M","M","M","M","M","R","?","R","T","$","?","R","$","M","R","BOSS"],"items_purchased_type":["Card","Card","Card"],"build_version":"2020-12-22","purchased_purges":0,"victory":false,"max_hp_per_floor":[70,70,70,70,70,70,65,65,65,65,65,65,65,65,65,65,65],"card_choices":[{"not_picked":["SpiderBud","OldLady","PunishingBird"],"picked":"Singing Bowl","floor":1},{"not_picked":["Scorched","PunishingBird"],"picked":"Wellcheers","floor":1},{"not_picked":["MeetDecomposer_purple","DarkRealmRedLine_purple"],"picked":"Photoelasticity_Doppler_Effect_purple","floor":1},{"not_picked":["FairyFestival","DreamingCurrent","WallGazer"],"picked":"Singing Bowl","floor":2},{"not_picked":["Bait_Toxicbait_purple","Umbrella_purple"],"picked":"Line_surface_state_purple","floor":2},{"not_picked":["Scorched","BigBird"],"picked":"Bloodbath","floor":3},{"not_picked":["MetroBOOM_purple","SharpContractionReality_purple","ExistenceContinue_purple"],"picked":"SKIP","floor":3},{"not_picked":["UniverseFragment","VoidDream"],"picked":"MHz","floor":4},{"not_picked":["Umbrella_purple","Line_surface_state_purple"],"picked":"OmniscientAndOmnipotent_Monster_purple","floor":4},{"not_picked":["MeatLantern","PunishingBird","ShyLook"],"picked":"Singing Bowl","floor":5},{"not_picked":["Mirror_FourBoundary_purple","WangLiang_LineAndCurveDreams_purple"],"picked":"Worldmountain_purple","floor":5},{"not_picked":["WallGazer","OSAHOGD","WhitesApple"],"picked":"Singing Bowl","floor":14},{"not_picked":["PurpleNeedle_purple","WingOfChimera_purple","OpenedBox_purple"],"picked":"SKIP","floor":14}],"player_experience":57233,"relics_obtained":[{"floor":9,"key":"Bronze Scales"},{"floor":15,"key":"MawBank"}],"event_choices":[{"damage_healed":0,"gold_gain":0,"player_choice":"Lose Max HP","damage_taken":0,"relics_obtained":["Golden Idol"],"max_hp_gain":0,"max_hp_loss":5,"event_name":"Golden Idol","floor":7,"gold_loss":0}],"is_beta":false,"boss_relics":[],"items_purged_floors":[],"is_endless":false,"potions_floor_spawned":[2,3],"killed_by":"Slime Boss","ascension_level":0}}