{"host":"bbjnqymry46jz0fa","time":1612014866,"event":{"mods":["BaseMod","DeckTracker","Minty Spire (QoL Compilation)","Quick Restart","StSLib","SuperFastMode"],"gold_per_floor":[162,178,198,123,139,139,172,190,241,51,51,51,68,87,87,159,159,172,172,47,47,47,76,479,509,535,535,570,582,601,337,337,416,416,433,453,92,110,125,125,159,184,184,237,237,237,42537,42562,42562,42562,42562,42562,42562,65,93,93],"floor_reached":57,"language":"KOR","playtime":1530,"items_purged":["Strike_G","Strike_G","Strike_G","Strike_G","Defend_G","Defend_G","Defend_G","Defend_G"],"score":3561,"play_id":"131d1e82-0b0e-4e6b-b761-c94bf5e0ec2b","local_time":"20210130225425","is_ascension_mode":true,"campfire_choices":[{"data":"Neutralize","floor":6.0,"key":"SMITH"},{"floor":11,"key":"REST"},{"data":"Acrobatics","floor":15,"key":"SMITH"},{"floor":27,"key":"REST"},{"data":"Concentrate","floor":32,"key":"SMITH"},{"data":"Expertise","floor":40,"key":"SMITH"},{"floor":45,"key":"RECALL"},{"floor":49,"key":"REST"},{"floor":53,"key":"REST"}],"circlet_count":128,"master_deck":["AscendersBane","Defend_G+1","Survivor","Neutralize+1","Heel Hook+1","Heel Hook+1","Crippling Poison+1","Expertise+1","Acrobatics+1","After Image","After Image","Escape Plan+1","Concentrate+1"],"relics":["Tiny House","HornCleat","Dream Catcher","Busted Crown","Blue Candle","Medical Kit","Ornamental Fan","Boot","Potion Belt","Ice Cream","Runic Pyramid","ClockworkSouvenir","Incense Burner","Thread and Needle","Pocketwatch","The Courier","TheAbacus","War Paint","CeramicFish","Blood Vial","Strawberry","Vajra","Centennial Puzzle","Art of War","Gremlin Horn","Question Card","Bag of Preparation","Bird Faced Urn","Frozen Egg 2","MealTicket","Sundial","Oddly Smooth Stone","Kunai","Nunchaku","White Beast Statue","Eternal Feather","Omamori","Whetstone","StoneCalendar","Snake Skull","Tingsha","PreservedInsect","Pen Nib","Ninja Scroll","Toy Ornithopter","Toxic Egg 2","Mercury Hourglass","Juzu Bracelet","Pear","StrikeDummy","Lantern","Regal Pillow","Akabeko","Letter Opener","Anchor","Singing Bowl","Shuriken","InkBottle","Torii","Darkstone Periapt","Mummified Hand","Paper Crane","Molten Egg 2","Mango","TungstenRod","Ginger","CaptainsWheel","Tough Bandages","Sling","Lizard Tail","Du-Vu Doll","Circlet","Unceasing Top"],"acts_visited":["Exordium","TheCity","TheBeyond","TheEnding"],"potions_floor_usage":[16,18,33],"damage_taken":[{"damage":10.0,"enemies":"Cultist","floor":1.0,"turns":6.0},{"damage":0.0,"enemies":"Small Slimes","floor":2.0,"turns":4.0},{"damage":5.0,"enemies":"Jaw Worm","floor":3.0,"turns":5.0},{"damage":3.0,"enemies":"Looter","floor":5.0,"turns":4.0},{"damage":20.0,"enemies":"Lagavulin","floor":7.0,"turns":7.0},{"damage":7.0,"enemies":"Large Slime","floor":8.0,"turns":6.0},{"damage":9,"enemies":"Blue Slaver","floor":13,"turns":4},{"damage":0,"enemies":"Looter","floor":14,"turns":3},{"damage":15,"enemies":"Slime Boss","floor":16,"turns":5},{"damage":17,"enemies":"2 Thieves","floor":18,"turns":4},{"damage":0,"enemies":"Slavers","floor":23,"turns":1},{"damage":12,"enemies":"Book of Stabbing","floor":25,"turns":10},{"damage":2,"enemies":"Gremlin Leader","floor":28,"turns":4},{"damage":0,"enemies":"3 Byrds","floor":29,"turns":4},{"damage":1,"enemies":"3 Cultists","floor":30,"turns":6},{"damage":0,"enemies":"Champ","floor":33,"turns":7},{"damage":0,"enemies":"Orb Walker","floor":35,"turns":1},{"damage":0,"enemies":"3 Darklings","floor":36,"turns":1},{"damage":0,"enemies":"Jaw Worm Horde","floor":38,"turns":1},{"damage":0,"enemies":"Spire Growth","floor":39,"turns":1},{"damage":0,"enemies":"Reptomancer","floor":41,"turns":1},{"damage":0,"enemies":"Mind Bloom Boss Battle","floor":42,"turns":1},{"damage":0,"enemies":"2 Orb Walkers","floor":44,"turns":1},{"damage":1,"enemies":"Nemesis","floor":48,"turns":1},{"damage":0,"enemies":"Donu and Deca","floor":50,"turns":1},{"damage":0,"enemies":"Awakened One","floor":51,"turns":2},{"damage":0,"enemies":"Shield and Spear","floor":55,"turns":1},{"damage":0,"enemies":"The Heart","floor":56,"turns":4}],"seed_played":"6623269161020455512","potions_obtained":[{"floor":0.0,"key":"EntropicBrew"},{"floor":1.0,"key":"Explosive Potion"},{"floor":7.0,"key":"DistilledChaos"},{"floor":23,"key":"Fire Potion"},{"floor":29,"key":"Strength Potion"},{"floor":30,"key":"CunningPotion"},{"floor":41,"key":"Energy Potion"},{"floor":44,"key":"SteroidPotion"},{"floor":55,"key":"EntropicBrew"}],"is_trial":false,"path_per_floor":["M","M","M","$","M","R","E","M","T","$","R","$","M","M","R","B",null,"M","?","$","?","?","E","$","E","T","R","E","M","M","$","R","B",null,"M","M","$","M","M","R","E","?","T","?","R","T","$","E","R","B","B",null,"R","$","E","B",null],"character_chosen":"THE_SILENT","items_purchased":["Expertise","Medical Kit","Ornamental Fan","Concentrate","ClockworkSouvenir","TheAbacus","War Paint","CeramicFish","Blood Vial","Strawberry","Vajra","Centennial Puzzle","Art of War","Gremlin Horn","Question Card","Bag of Preparation","Bird Faced Urn","Frozen Egg 2","MealTicket","Sundial","Oddly Smooth Stone","Kunai","Nunchaku","White Beast Statue","Eternal Feather","Omamori","Whetstone","StoneCalendar","Snake Skull","Tingsha","PreservedInsect","Pen Nib","Ninja Scroll","Toy Ornithopter","Toxic Egg 2","Mercury Hourglass","Juzu Bracelet","Pear","StrikeDummy","Lantern","Regal Pillow","Akabeko","Letter Opener","Anchor","Singing Bowl","Shuriken","InkBottle","Torii","Darkstone Periapt","Mummified Hand","Paper Crane","Molten Egg 2","Mango","Ginger","CaptainsWheel","Tough Bandages","Sling","Lizard Tail","Du-Vu Doll","Circlet","Circlet","Circlet","Circlet","Unceasing Top","Circlet","Circlet","Circlet","Circlet","Circlet","Circlet","Circlet","Circlet","Circlet","Circlet","Circlet","Circlet","Circlet","Circlet","Circlet","Circlet","Circlet","Circlet","Circlet","Circlet","Circlet","Circlet","Circlet","Circlet","Circlet","Circlet","Circlet","Circlet","Circlet","Circlet","Circlet","Circlet","Circlet","Circlet","Circlet","Circlet","Circlet","Circlet","Circlet","Circlet","Circlet","Circlet","Circlet","Circlet","Circlet","Circlet","Circlet","Circlet","Circlet","Circlet","Circlet","Circlet","Circlet","Circlet","Circlet","Circlet","Circlet","Circlet","Circlet","Circlet","Circlet","Circlet","Circlet","Circlet","Circlet","Circlet","Circlet","Circlet","Circlet","Circlet","Circlet","Circlet","Circlet","Circlet","Circlet","Circlet","Circlet","Circlet","Circlet","Circlet","Circlet","Circlet","Circlet","Circlet","Circlet","Circlet","Circlet","Circlet","Circlet","Circlet","Circlet","Circlet","Circlet","Circlet","Circlet","Circlet","Circlet","Circlet","Circlet","Circlet","Circlet","Circlet","Circlet","Circlet","Circlet","Circlet","Circlet","Circlet","Circlet","Circlet","Circlet","Circlet","Circlet","Circlet","Circlet","Circlet","Circlet","Circlet","Circlet","Circlet","Circlet","Circlet","Circlet"],"campfire_rested":4,"item_purchase_floors":[10,24,24,31,37,47,47,47,47,47,47,47,47,47,47,47,47,47,47,47,47,47,47,47,47,47,47,47,47,47,47,47,47,47,47,47,47,47,47,47,47,47,47,47,47,47,47,47,47,47,47,47,47,54,54,54,54,54,54,54,54,54,54,54,54,54,54,54,54,54,54,54,54,54,54,54,54,54,54,54,54,54,54,54,54,54,54,54,54,54,54,54,54,54,54,54,54,54,54,54,54,54,54,54,54,54,54,54,54,54,54,54,54,54,54,54,54,54,54,54,54,54,54,54,54,54,54,54,54,54,54,54,54,54,54,54,54,54,54,54,54,54,54,54,54,54,54,54,54,54,54,54,54,54,54,54,54,54,54,54,54,54,54,54,54,54,54,54,54,54,54,54,54,54,54,54,54,54,54,54,54,54,54,54,54,54,54],"current_hp_per_floor":[54,54,49,49,46,46,26,19,19,19,40,40,31,31,31,16,57,40,40,40,40,40,40,40,28,28,49,47,47,46,46,46,46,65,65,65,65,65,65,65,65,65,65,65,65,65,96,103,106,106,106,106,108,108,110,110],"gold":93,"neow_bonus":"BOSS_RELIC","is_daily":false,"chose_seed":false,"campfire_upgraded":4,"win_rate":0.0,"timestamp":1612014865,"path_taken":["M","M","M","$","?","R","E","M","T","$","R","?","M","M","R","BOSS","M","?","$","?","?","E","$","E","T","R","E","M","M","$","R","BOSS","M","M","$","M","M","R","E","?","T","?","R","?","$","E","R","BOSS","BOSS","R","$","E","BOSS"],"items_purchased_type":["Card","Relic","Relic","Card","Relic","Relic","Relic","Relic","Relic","Relic","Relic","Relic","Relic","Relic","Relic","Relic","Relic","Relic","Relic","Relic","Relic","Relic","Relic","Relic","Relic","Relic","Relic","Relic","Relic","Relic","Relic","Relic","Relic","Relic","Relic","Relic","Relic","Relic","Relic","Relic","Relic","Relic","Relic","Relic","Relic","Relic","Relic","Relic","Relic","Relic","Relic","Relic","Relic","Relic","Relic","Relic","Relic","Relic","Relic","Undefined","Undefined","Undefined","Undefined","Relic","Undefined","Undefined","Undefined","Undefined","Undefined","Undefined","Undefined","Undefined","Undefined","Undefined","Undefined","Undefined","Undefined","Undefined","Undefined","Undefined","Undefined","Undefined","Undefined","Undefined","Undefined","Undefined","Undefined","Undefined","Undefined","Undefined","Undefined","Undefined","Undefined","Undefined","Undefined","Undefined","Undefined","Undefined","Undefined","Undefined","Undefined","Undefined","Undefined","Undefined","Undefined","Undefined","Undefined","Undefined","Undefined","Undefined","Undefined","Undefined","Undefined","Undefined","Undefined","Undefined","Undefined","Undefined","Undefined","Undefined","Undefined","Undefined","Undefined","Undefined","Undefined","Undefined","Undefined","Undefined","Undefined","Undefined","Undefined","Undefined","Undefined","Undefined","Undefined","Undefined","Undefined","Undefined","Undefined","Undefined","Undefined","Undefined","Undefined","Undefined","Undefined","Undefined","Undefined","Undefined","Undefined","Undefined","Undefined","Undefined","Undefined","Undefined","Undefined","Undefined","Undefined","Undefined","Undefined","Undefined","Undefined","Undefined","Undefined","Undefined","Undefined","Undefined","Undefined","Undefined","Undefined","Undefined","Undefined","Undefined","Undefined","Undefined","Undefined","Undefined","Undefined","Undefined","Undefined","Undefined","Undefined","Undefined","Undefined","Undefined","Undefined","Undefined","Undefined"],"build_version":"2020-12-22","purchased_purges":8,"victory":true,"max_hp_per_floor":[71,71,71,71,71,71,71,71,71,71,71,71,71,71,71,71,71,71,71,71,71,71,71,71,71,71,71,71,71,71,71,71,71,71,71,71,71,71,71,71,71,71,71,71,71,71,102,104,106,106,106,106,108,108,110,110],"card_choices":[{"not_picked":["Slice","Bane"],"picked":"Heel Hook","floor":0.0},{"not_picked":["Deadly Poison","Flechettes","Bouncing Flask"],"picked":"SKIP","floor":1.0},{"not_picked":["PiercingWail","Dodge and Roll","Deflect"],"picked":"SKIP","floor":2.0},{"not_picked":["Calculated Gamble","Prepared"],"picked":"Heel Hook","floor":3.0},{"not_picked":["Cloak And Dagger","Poisoned Stab"],"picked":"Crippling Poison","floor":5.0},{"not_picked":["Dagger Spray","All Out Attack","Quick Slash"],"picked":"SKIP","floor":7.0},{"not_picked":["Finisher","Noxious Fumes","All Out Attack"],"picked":"SKIP","floor":8.0},{"not_picked":["Underhanded Strike","Deflect"],"picked":"Acrobatics","floor":11},{"not_picked":["Finisher","Accuracy","Setup"],"picked":"SKIP","floor":13},{"not_picked":["Quick Slash","Setup"],"picked":"After Image","floor":14},{"not_picked":["Wraith Form v2","Tools of the Trade"],"picked":"After Image","floor":16},{"not_picked":["Blade Dance"],"picked":"SKIP","floor":18},{"not_picked":["Blade Dance"],"picked":"SKIP","floor":23},{"not_picked":[],"picked":"Escape Plan","floor":25},{"not_picked":["Grand Finale"],"picked":"SKIP","floor":28},{"not_picked":["Bane"],"picked":"SKIP","floor":29},{"not_picked":["Leg Sweep+1"],"picked":"SKIP","floor":30},{"not_picked":["Deflect+1"],"picked":"SKIP","floor":35},{"not_picked":["Dagger Spray+1"],"picked":"SKIP","floor":36},{"not_picked":["Outmaneuver"],"picked":"SKIP","floor":38},{"not_picked":["Dagger Throw"],"picked":"SKIP","floor":39},{"not_picked":["Endless Agony"],"picked":"SKIP","floor":41},{"not_picked":["Cloak And Dagger+1","Backflip+1"],"picked":"Singing Bowl","floor":48},{"not_picked":["Backflip+1","Quick Slash+1"],"picked":"Singing Bowl","floor":49},{"not_picked":["Accuracy+1","Dodge and Roll+1"],"picked":"Singing Bowl","floor":53},{"not_picked":["Accuracy+1","Acrobatics+1"],"picked":"Singing Bowl","floor":55}],"player_experience":737580,"relics_obtained":[{"floor":7.0,"key":"HornCleat"},{"floor":9.0,"key":"Dream Catcher"},{"floor":23,"key":"Blue Candle"},{"floor":25,"key":"Boot"},{"floor":26,"key":"Potion Belt"},{"floor":28,"key":"Ice Cream"},{"floor":41,"key":"Incense Burner"},{"floor":42,"key":"Thread and Needle"},{"floor":44,"key":"Pocketwatch"},{"floor":46,"key":"The Courier"},{"floor":48,"key":"TungstenRod"},{"floor":55,"key":"Circlet"}],"event_choices":[{"damage_healed":0,"gold_gain":0,"player_choice":"Ignored","damage_taken":0,"max_hp_gain":0,"max_hp_loss":0,"event_name":"Ghosts","floor":19,"gold_loss":0},{"cards_removed":["Strike_G"],"damage_healed":0,"gold_gain":0,"player_choice":"Elegance","damage_taken":0,"max_hp_gain":0,"max_hp_loss":0,"event_name":"Back to Basics","floor":21,"gold_loss":0},{"damage_healed":0,"gold_gain":0,"player_choice":"Ignored","damage_taken":0,"max_hp_gain":0,"max_hp_loss":0,"event_name":"The Mausoleum","floor":22,"gold_loss":0},{"damage_healed":0,"gold_gain":0,"player_choice":"Fight","damage_taken":0,"max_hp_gain":0,"max_hp_loss":0,"event_name":"MindBloom","floor":42,"gold_loss":0},{"damage_healed":0,"gold_gain":0,"player_choice":"Fight","damage_taken":0,"max_hp_gain":0,"max_hp_loss":0,"event_name":"Mysterious Sphere","floor":44,"gold_loss":0}],"is_beta":false,"boss_relics":[{"not_picked":["WristBlade","Snecko Eye"],"picked":"Busted Crown"},{"not_picked":["Philosopher\u0027s Stone","Cursed Key"],"picked":"Runic Pyramid"}],"items_purged_floors":[4,10,20,24,31,37,47,54],"is_endless":false,"potions_floor_spawned":[1,5,7,23,29,30,41,44,48,55],"ascension_level":20}}