{"host":"gcl0wx4kxpuh49bt","time":1612015881,"event":{"mods":["AchievementEnabler","BaseMod","DeckTracker","Minty Spire (QoL Compilation)","StSLib"],"gold_per_floor":[209,228,240,18,93,93,107,142,142,142,213,242,242,257,257,257,257],"floor_reached":16,"language":"KOR","playtime":503,"items_purged":["Strike_R"],"score":149,"play_id":"b75ff6d5-9cbb-4c8e-b314-54f67e12ea61","local_time":"20210130231121","is_ascension_mode":true,"campfire_choices":[{"data":"Cleave","floor":6.0,"key":"SMITH"},{"floor":10.0,"key":"REST"},{"floor":15,"key":"REST"}],"circlet_count":0,"master_deck":["Strike_R","Strike_R","Strike_R","Defend_R","Defend_R","Defend_R","Defend_R","Bash","Cleave+1","Body Slam","Power Through","Feel No Pain","Bloodletting","Sword Boomerang","Warcry"],"relics":["Burning Blood","MealTicket","Nunchaku","Blue Candle","Matryoshka"],"acts_visited":["Exordium"],"potions_floor_usage":[12],"damage_taken":[{"damage":12.0,"enemies":"Jaw Worm","floor":1.0,"turns":3.0},{"damage":7.0,"enemies":"2 Louse","floor":2.0,"turns":3.0},{"damage":6.0,"enemies":"Cultist","floor":3.0,"turns":4.0},{"damage":16.0,"enemies":"Exordium Wildlife","floor":7.0,"turns":5.0},{"damage":36.0,"enemies":"Lagavulin","floor":8.0,"turns":8.0},{"damage":30,"enemies":"Gremlin Nob","floor":12,"turns":4},{"damage":6,"enemies":"Looter","floor":14,"turns":3},{"damage":41,"enemies":"Hexaghost","floor":16,"turns":9}],"seed_played":"5007112203639562044","potions_obtained":[{"floor":1.0,"key":"SmokeBomb"},{"floor":2.0,"key":"CultistPotion"}],"is_trial":false,"path_per_floor":["M","M","M","$","?","R","M","E","T","R","?","E","?","M","R","B"],"character_chosen":"IRONCLAD","items_purchased":["MealTicket"],"campfire_rested":2,"item_purchase_floors":[4],"current_hp_per_floor":[66,65,65,65,54,54,44,14,14,38,38,14,14,14,38,0,0],"gold":257,"neow_bonus":"HUNDRED_GOLD","is_daily":false,"chose_seed":false,"campfire_upgraded":1,"win_rate":0.0,"timestamp":1612015881,"path_taken":["M","M","M","$","?","R","M","E","T","R","?","E","?","?","R","BOSS"],"items_purchased_type":["Relic"],"build_version":"2020-12-22","purchased_purges":1,"victory":false,"max_hp_per_floor":[80,80,80,80,80,80,80,80,80,80,80,80,80,80,80,80,80],"card_choices":[{"not_picked":["Burning Pact","Iron Wave"],"picked":"Cleave","floor":1.0},{"not_picked":["Intimidate","Perfected Strike"],"picked":"Body Slam","floor":2.0},{"not_picked":["Twin Strike","Brutality"],"picked":"Power Through","floor":3.0},{"not_picked":["Armaments","Clash"],"picked":"Feel No Pain","floor":7.0},{"not_picked":["Warcry","Perfected Strike"],"picked":"Bloodletting","floor":8.0},{"not_picked":["Iron Wave","Anger"],"picked":"Sword Boomerang","floor":12},{"not_picked":["Heavy Blade","Flex"],"picked":"Warcry","floor":14}],"player_experience":167653,"relics_obtained":[{"floor":8.0,"key":"Nunchaku"},{"floor":9.0,"key":"Blue Candle"},{"floor":12,"key":"Matryoshka"}],"event_choices":[{"damage_healed":0.0,"max_hp_gain":0.0,"max_hp_loss":0.0,"gold_gain":75.0,"event_name":"World of Goop","player_choice":"Gather Gold","floor":5.0,"gold_loss":0.0,"damage_taken":11.0},{"damage_healed":0.0,"max_hp_gain":0.0,"max_hp_loss":0.0,"gold_gain":71.0,"event_name":"Golden Wing","player_choice":"Gained Gold","floor":11.0,"gold_loss":0.0,"damage_taken":0.0},{"cards_removed":["Strike_R"],"damage_healed":0,"gold_gain":0,"player_choice":"Offered Basic","damage_taken":0,"max_hp_gain":0,"max_hp_loss":0,"event_name":"Bonfire Elementals","floor":13,"gold_loss":0}],"is_beta":false,"boss_relics":[],"items_purged_floors":[4],"is_endless":false,"potions_floor_spawned":[1,2],"killed_by":"Hexaghost","ascension_level":7}}