{"host":"8ki4rp59nppvqwda","time":1612047123,"event":{"mods":["AlwaysNeverKeys","BaseMod","Hermit","Minty Spire (QoL Compilation)","Robot Space Explorer","SacredBarkPlus","StSLib","The Cursed","The Necromancer","The Trickster"],"gold_per_floor":[118,393,170,190,210,224,256,269,269,296,296,313,313,313,313,415,415,431,431,129,148,164,197,197,228,228,228,247,247,259,270,270,375,375,392,392,410,410,410,410,441,123,123,140,151,62,73,99,99,99],"floor_reached":51,"language":"ENG","playtime":2555,"items_purged":["Regret","RobotSpaceExplorer:Strike","Parasite","Parasite"],"score":951,"play_id":"2b35c86f-1e7d-402e-96bd-a66a4d3f3b57","local_time":"20210130175203","is_ascension_mode":true,"campfire_choices":[{"data":"RobotSpaceExplorer:Pulsar","floor":13.0,"key":"SMITH"},{"data":"RobotSpaceExplorer:BlastShield","floor":15.0,"key":"SMITH"},{"data":"RobotSpaceExplorer:MiniLasers","floor":24,"key":"SMITH"},{"data":"RobotSpaceExplorer:Accelerator","floor":27,"key":"SMITH"},{"data":"RobotSpaceExplorer:GearShield","floor":32,"key":"SMITH"},{"data":"RobotSpaceExplorer:Blaster","floor":40,"key":"SMITH"},{"floor":49,"key":"REST"}],"circlet_count":0,"master_deck":["RobotSpaceExplorer:Strike","RobotSpaceExplorer:Strike","RobotSpaceExplorer:Defend","RobotSpaceExplorer:Defend","RobotSpaceExplorer:Defend","RobotSpaceExplorer:Scan","RobotSpaceExplorer:MiniLasers+1","RobotSpaceExplorer:GearShield+1","RobotSpaceExplorer:BigMissile","RobotSpaceExplorer:ScrapMissile","RobotSpaceExplorer:ScrapMissile","RobotSpaceExplorer:JunkDive","RobotSpaceExplorer:Pulsar+1","RobotSpaceExplorer:Probe","RobotSpaceExplorer:BlastShield+1","RobotSpaceExplorer:ChargingLaser+1","RobotSpaceExplorer:MiniDrones+1","RobotSpaceExplorer:Probe","RobotSpaceExplorer:Calculate+1","RobotSpaceExplorer:Probe+1","RobotSpaceExplorer:Accelerator+1","RobotSpaceExplorer:FrostMissile+1","RobotSpaceExplorer:Counterblock+1","RobotSpaceExplorer:GlueShot+1","RobotSpaceExplorer:Blaster+1","RobotSpaceExplorer:PowerGlove+1","Madness","Madness","RobotSpaceExplorer:Probe+1","Bandage Up","RobotSpaceExplorer:Jetpack","RobotSpaceExplorer:RigExplosive","RobotSpaceExplorer:DualCore","RobotSpaceExplorer:SurgingStrike+1"],"relics":["RobotSpaceExplorer:RoboCore","Anchor","Smiling Mask","Meat on the Bone","Strawberry","CultistMask","Cursed Key","Question Card","Shuriken","Orichalcum","RobotSpaceExplorer:ClockworkSextant","The Courier","Happy Flower","RobotSpaceExplorer:Reprocessor","Pen Nib","Ornamental Fan","Bronze Scales","RobotSpaceExplorer:SlideRule","RobotSpaceExplorer:PlasmaHourglass","Eternal Feather"],"acts_visited":["Exordium","TheCity","TheBeyond"],"potions_floor_usage":[25,30,41,48,50],"damage_taken":[{"damage":0.0,"enemies":"Jaw Worm","floor":1.0,"turns":3.0},{"damage":0.0,"enemies":"Cultist","floor":4.0,"turns":3.0},{"damage":0.0,"enemies":"2 Louse","floor":5.0,"turns":2.0},{"damage":12.0,"enemies":"Exordium Thugs","floor":6.0,"turns":7.0},{"damage":22.0,"enemies":"Lagavulin","floor":7.0,"turns":6.0},{"damage":0.0,"enemies":"3 Louse","floor":8.0,"turns":3.0},{"damage":10.0,"enemies":"3 Sentries","floor":10.0,"turns":10.0},{"damage":1.0,"enemies":"Blue Slaver","floor":12.0,"turns":3.0},{"damage":31.0,"enemies":"Hexaghost","floor":16.0,"turns":11.0},{"damage":22,"enemies":"2 Thieves","floor":18,"turns":5},{"damage":0,"enemies":"3 Byrds","floor":21,"turns":3},{"damage":4,"enemies":"Snecko","floor":22,"turns":5},{"damage":14,"enemies":"Slavers","floor":23,"turns":6},{"damage":8,"enemies":"Gremlin Leader","floor":25,"turns":5},{"damage":0,"enemies":"3 Cultists","floor":28,"turns":3},{"damage":0,"enemies":"Shelled Parasite and Fungi","floor":30,"turns":4},{"damage":0,"enemies":"Centurion and Healer","floor":31,"turns":5},{"damage":9,"enemies":"Collector","floor":33,"turns":7},{"damage":5,"enemies":"3 Shapes","floor":35,"turns":5},{"damage":20,"enemies":"3 Darklings","floor":37,"turns":5},{"damage":26,"enemies":"Reptomancer","floor":41,"turns":6},{"damage":0,"enemies":"Maw","floor":44,"turns":6},{"damage":0,"enemies":"Jaw Worm Horde","floor":45,"turns":2},{"damage":0,"enemies":"Sphere and 2 Shapes","floor":47,"turns":4},{"damage":8,"enemies":"Nemesis","floor":48,"turns":6},{"damage":2,"enemies":"Time Eater","floor":50,"turns":8}],"seed_played":"6421890596478507076","potions_obtained":[{"floor":1.0,"key":"SkillPotion"},{"floor":6.0,"key":"SteroidPotion"},{"floor":8.0,"key":"PowerPotion"},{"floor":22,"key":"FairyPotion"},{"floor":23,"key":"LiquidBronze"},{"floor":25,"key":"Block Potion"},{"floor":35,"key":"BlessingOfTheForge"},{"floor":37,"key":"LiquidMemories"},{"floor":48,"key":"Regen Potion"}],"is_trial":false,"path_per_floor":["M","?","$","M","M","M","E","M","T","E","?","M","R","?","R","B",null,"M","?","$","M","M","E","R","E","T","R","M","?","M","M","R","B",null,"M","?","M","T","?","R","E","$","T","M","M","$","M","E","R","B",null],"character_chosen":"RobotSpaceExplorer","items_purchased":["Anchor","Shuriken","Bronze Scales","RobotSpaceExplorer:SlideRule","RobotSpaceExplorer:RigExplosive","Block Potion"],"campfire_rested":1,"item_purchase_floors":[3,20,42,42,42,46],"current_hp_per_floor":[75,75,75,75,75,63,41,41,41,50,50,49,49,49,49,30,82,60,60,60,60,56,42,42,46,46,46,46,46,46,46,46,49,82,77,67,47,47,47,47,37,37,37,41,41,41,45,41,73,73],"gold":99,"neow_bonus":"TRANSFORM_CARD","is_daily":false,"chose_seed":false,"campfire_upgraded":6,"win_rate":0.0,"timestamp":1612047123,"path_taken":["M","?","$","M","M","M","E","?","T","E","?","M","R","?","R","BOSS","M","?","?","M","M","E","R","E","T","R","M","?","M","M","R","BOSS","M","?","M","?","?","R","E","$","T","?","M","$","M","E","R","BOSS"],"items_purchased_type":["Relic","Relic","Relic","Relic","Card","Potion"],"build_version":"2020-12-22","purchased_purges":4,"victory":true,"max_hp_per_floor":[75,75,75,75,75,75,75,75,75,82,82,82,82,82,82,82,82,82,82,82,82,82,82,82,82,82,82,82,82,82,82,82,82,82,82,82,82,82,82,82,82,79,79,79,79,76,73,73,73,73],"card_choices":[{"not_picked":["RobotSpaceExplorer:SurgingShield","RobotSpaceExplorer:ScrapShield"],"picked":"RobotSpaceExplorer:BigMissile","floor":1.0},{"not_picked":["RobotSpaceExplorer:ShockKick","RobotSpaceExplorer:SlimeMissile","RobotSpaceExplorer:ToxicBomb"],"picked":"SKIP","floor":4.0},{"not_picked":["RobotSpaceExplorer:Counterblock","RobotSpaceExplorer:Ammunition"],"picked":"RobotSpaceExplorer:ScrapMissile","floor":5.0},{"not_picked":["RobotSpaceExplorer:Electroshield","RobotSpaceExplorer:MiniDrones"],"picked":"RobotSpaceExplorer:ScrapMissile","floor":6.0},{"not_picked":["RobotSpaceExplorer:SurgingShield","RobotSpaceExplorer:GlueSpray"],"picked":"RobotSpaceExplorer:JunkDive","floor":7.0},{"not_picked":["RobotSpaceExplorer:GlueShot","RobotSpaceExplorer:MiniDrones"],"picked":"RobotSpaceExplorer:Pulsar","floor":8.0},{"not_picked":["RobotSpaceExplorer:FrostMissile","RobotSpaceExplorer:SlimeMissile"],"picked":"RobotSpaceExplorer:Probe","floor":10.0},{"not_picked":["RobotSpaceExplorer:MetalStrike","RobotSpaceExplorer:FrostMissile"],"picked":"RobotSpaceExplorer:BlastShield","floor":12.0},{"not_picked":["RobotSpaceExplorer:Autoloader","RobotSpaceExplorer:Asteroid"],"picked":"RobotSpaceExplorer:ChargingLaser","floor":16.0},{"not_picked":["RobotSpaceExplorer:LaserBurst","RobotSpaceExplorer:SurgingStrike"],"picked":"RobotSpaceExplorer:MiniDrones+1","floor":18},{"not_picked":["RobotSpaceExplorer:FranticSearch","RobotSpaceExplorer:Electroshield+1","RobotSpaceExplorer:Ammunition+1"],"picked":"RobotSpaceExplorer:Probe","floor":21},{"not_picked":["RobotSpaceExplorer:Discharger","RobotSpaceExplorer:BigMissile","RobotSpaceExplorer:ExhaustFan"],"picked":"RobotSpaceExplorer:Calculate+1","floor":22},{"not_picked":["RobotSpaceExplorer:MetalStrike+1","RobotSpaceExplorer:Pulsar","RobotSpaceExplorer:Electropulse"],"picked":"RobotSpaceExplorer:Probe+1","floor":23},{"not_picked":["RobotSpaceExplorer:FrostMissile+1","RobotSpaceExplorer:ScrapToss","RobotSpaceExplorer:ShovelStrike"],"picked":"RobotSpaceExplorer:Accelerator","floor":25},{"not_picked":["RobotSpaceExplorer:ShockKick","RobotSpaceExplorer:SurgingStrike","RobotSpaceExplorer:Counterblock"],"picked":"RobotSpaceExplorer:FrostMissile+1","floor":28},{"not_picked":["RobotSpaceExplorer:FrostMissile","RobotSpaceExplorer:MiniDrones","RobotSpaceExplorer:FranticSearch"],"picked":"RobotSpaceExplorer:Counterblock+1","floor":30},{"not_picked":["RobotSpaceExplorer:SwiftStep","RobotSpaceExplorer:TurboDodge","RobotSpaceExplorer:SurgingStrike"],"picked":"RobotSpaceExplorer:GlueShot+1","floor":31},{"not_picked":["RobotSpaceExplorer:BlastShield","RobotSpaceExplorer:Asteroid","RobotSpaceExplorer:Autoloader"],"picked":"RobotSpaceExplorer:Blaster","floor":33},{"not_picked":["RobotSpaceExplorer:Pulsar","RobotSpaceExplorer:Discharger","RobotSpaceExplorer:ShovelStrike"],"picked":"RobotSpaceExplorer:PowerGlove+1","floor":35},{"not_picked":["RobotSpaceExplorer:GlueSpray","RobotSpaceExplorer:StunGrenade","RobotSpaceExplorer:IronShell"],"picked":"RobotSpaceExplorer:Probe+1","floor":37},{"not_picked":["Mind Blast","Swift Strike","Madness"],"picked":"Bandage Up","floor":39},{"not_picked":["RobotSpaceExplorer:RigExplosive","RobotSpaceExplorer:Counterblock+1","RobotSpaceExplorer:LuckyStrike"],"picked":"RobotSpaceExplorer:Jetpack","floor":41},{"not_picked":["RobotSpaceExplorer:Probe+1","RobotSpaceExplorer:SurgingStrike","RobotSpaceExplorer:ScrapMissile"],"picked":"RobotSpaceExplorer:Wormhole","floor":44},{"not_picked":["RobotSpaceExplorer:SurgingShield","RobotSpaceExplorer:Probe","RobotSpaceExplorer:FrostMissile","RobotSpaceExplorer:IronShell"],"picked":"SKIP","floor":45},{"not_picked":["RobotSpaceExplorer:ShovelStrike","RobotSpaceExplorer:PowerCollector","RobotSpaceExplorer:IronShell"],"picked":"RobotSpaceExplorer:DualCore","floor":47},{"not_picked":["RobotSpaceExplorer:ImprovisedAttack+1","RobotSpaceExplorer:SlimeMissile+1","RobotSpaceExplorer:StunGrenade"],"picked":"RobotSpaceExplorer:SurgingStrike+1","floor":48}],"player_experience":1273548,"relics_obtained":[{"floor":7.0,"key":"Smiling Mask"},{"floor":9.0,"key":"Meat on the Bone"},{"floor":10.0,"key":"Strawberry"},{"floor":18,"key":"Question Card"},{"floor":23,"key":"Orichalcum"},{"floor":25,"key":"RobotSpaceExplorer:ClockworkSextant"},{"floor":26,"key":"The Courier"},{"floor":38,"key":"Pen Nib"},{"floor":41,"key":"Ornamental Fan"},{"floor":43,"key":"RobotSpaceExplorer:PlasmaHourglass"},{"floor":48,"key":"Eternal Feather"}],"event_choices":[{"damage_healed":0.0,"max_hp_gain":0.0,"max_hp_loss":0.0,"gold_gain":275.0,"event_name":"Golden Shrine","player_choice":"Desecrate","floor":2.0,"gold_loss":0.0,"damage_taken":0.0,"cards_obtained":["Regret"]},{"damage_healed":0.0,"max_hp_gain":0.0,"max_hp_loss":0.0,"gold_gain":0.0,"cards_transformed":["RobotSpaceExplorer:Defend"],"event_name":"Living Wall","player_choice":"Change","floor":11.0,"gold_loss":0.0,"damage_taken":0.0,"cards_obtained":["RobotSpaceExplorer:Exploration"]},{"damage_healed":0.0,"max_hp_gain":0.0,"max_hp_loss":0.0,"gold_gain":0.0,"event_name":"FaceTrader","player_choice":"Trade","floor":14.0,"gold_loss":0.0,"damage_taken":0.0,"relics_obtained":["CultistMask"]},{"damage_healed":0,"gold_gain":0,"player_choice":"Forge","damage_taken":0,"max_hp_gain":0,"max_hp_loss":0,"event_name":"Accursed Blacksmith","floor":19,"gold_loss":0,"cards_upgraded":["RobotSpaceExplorer:ChargingLaser"]},{"damage_healed":0,"gold_gain":0,"player_choice":"Opened","damage_taken":0,"relics_obtained":["Happy Flower"],"max_hp_gain":0,"max_hp_loss":0,"event_name":"The Mausoleum","floor":29,"gold_loss":0},{"damage_healed":0,"gold_gain":0,"player_choice":"Embrace Madness","damage_taken":10,"max_hp_gain":0,"max_hp_loss":0,"event_name":"Winding Halls","floor":36,"gold_loss":0,"cards_obtained":["Madness","Madness"]},{"damage_healed":0,"gold_gain":0,"player_choice":"Memory 1","damage_taken":0,"max_hp_gain":0,"max_hp_loss":0,"event_name":"SensoryStone","floor":39,"gold_loss":0}],"is_beta":false,"boss_relics":[{"not_picked":["RobotSpaceExplorer:TurboCore","Runic Dome"],"picked":"Cursed Key"},{"not_picked":["Empty Cage","Runic Pyramid"],"picked":"RobotSpaceExplorer:Reprocessor"}],"items_purged_floors":[3,20,42,46],"is_endless":false,"potions_floor_spawned":[1,6,8,22,23,25,35,37,48],"ascension_level":4}}