{"host":"a4ifeplrx8vfq4u5","time":1612049450,"event":{"mods":["BaseMod","Beaked The Cultist","Better Third Choice","Colored Map","Conspire","Downfall","Marisa????????","Minty Spire (QoL Compilation)","Random Character Button","Rare Cards Sparkle","Replay The Spire","StSLib","The Cursed","The Hierophant","The Servant 0.9.4"],"gold_per_floor":[216,69,87,60,10,10,34,34,57,74,93,93,105,5,5,100,100,117,117,71,90,40,40,58,58,132,132,145,162,162,37,37,137,137,157,157,7,17,67,67,67,77,130,130,145,164,179,199,199,199],"floor_reached":51,"language":"ENG","playtime":4050,"items_purged":["Strike_G","Defend_G","Defend_G","Strike_G"],"score":589,"play_id":"cfa9d642-1d68-4255-9526-fdd432efca9f","local_time":"20210130233050","is_ascension_mode":false,"campfire_choices":[{"data":"Accuracy","floor":6.0,"key":"SMITH"},{"data":"Noxious Fumes","floor":12.0,"key":"SMITH"},{"data":"Cloak And Dagger","floor":15.0,"key":"SMITH"},{"data":"After Image","floor":23.0,"key":"SMITH"},{"data":"Cloak And Dagger","floor":25.0,"key":"SMITH"},{"data":"Cloak And Dagger","floor":30.0,"key":"SMITH"},{"data":"Neutralize","floor":32.0,"key":"SMITH"},{"data":"Survivor","floor":40,"key":"SMITH"},{"data":"Defend_G","floor":44,"key":"SMITH"},{"floor":49,"key":"REST"}],"circlet_count":0,"master_deck":["Strike_G","Defend_G+1","Defend_G","Defend_G","Survivor+1","Neutralize+1","Accuracy+1","Infinite Blades","PiercingWail","Noxious Fumes+1","Cloak And Dagger+1","After Image+1","Infinite Blades","Cloak And Dagger+1","Blade Dance+1","Cloak And Dagger+1","Adrenaline+1"],"relics":["Ring of the Snake","PreservedInsect","ReplayFunnel","HoveringKite","Divine Protection","Sozu","Incense Burner","Gremlin Food"],"acts_visited":["Exordium","TheCity","TheBeyond"],"potions_floor_usage":[50,50],"damage_taken":[{"damage":0.0,"enemies":"2 Louse","floor":1.0,"turns":3.0},{"damage":0.0,"enemies":"Jaw Worm","floor":3.0,"turns":4.0},{"damage":0.0,"enemies":"conspire:RoseBush","floor":10.0,"turns":4.0},{"damage":0.0,"enemies":"Blue Slaver","floor":11.0,"turns":6.0},{"damage":0.0,"enemies":"conspire:2 RoseBushes","floor":13.0,"turns":5.0},{"damage":2.0,"enemies":"Fading Forest","floor":16.0,"turns":11.0},{"damage":0.0,"enemies":"Shell Parasite","floor":18.0,"turns":5.0},{"damage":5.0,"enemies":"3 Byrds","floor":21.0,"turns":6.0},{"damage":11.0,"enemies":"Snecko","floor":24.0,"turns":6.0},{"damage":3.0,"enemies":"Sentry and Sphere","floor":28.0,"turns":4.0},{"damage":0.0,"enemies":"Shelled Parasite and Fungi","floor":29.0,"turns":6.0},{"damage":2.0,"enemies":"Collector","floor":33.0,"turns":8.0},{"damage":0,"enemies":"Orb Walker","floor":35,"turns":4},{"damage":0,"enemies":"3 Shapes","floor":38,"turns":3},{"damage":0,"enemies":"Mind Bloom Boss Battle","floor":39,"turns":4},{"damage":0,"enemies":"Writhing Mass","floor":42,"turns":7},{"damage":22,"enemies":"Sphere and 2 Shapes","floor":45,"turns":5},{"damage":0,"enemies":"Transient","floor":46,"turns":5},{"damage":0,"enemies":"Maw","floor":47,"turns":6},{"damage":0,"enemies":"4 Shapes","floor":48,"turns":4},{"damage":36,"enemies":"Time Eater","floor":50,"turns":14}],"seed_played":"-7672362539445675235","potions_obtained":[{"floor":10.0,"key":"sneckomod:MuddlingPotion"},{"floor":11.0,"key":"SkillPotion"},{"floor":16.0,"key":"sneckomod:MuddlingPotion"},{"floor":21.0,"key":"EssenceOfSteel"},{"floor":29.0,"key":"Ancient Potion"}],"is_trial":false,"path_per_floor":["M","$","M","$","?","R","T","?","T","M","M","R","M","$","R","B",null,"M","?","$","M","$","R","M","R","T","?","M","M","R","$","R","B",null,"M","?","$","M","?","R","$","M","T","R","M","M","M","M","R","B",null],"character_chosen":"THE_SILENT","items_purchased":["Infinite Blades","PiercingWail","Cloak And Dagger","Cloak And Dagger"],"campfire_rested":1,"item_purchase_floors":[2,4,20,22],"current_hp_per_floor":[70,70,70,70,70,70,70,63,63,63,63,63,63,63,63,61,70,70,70,70,65,65,65,54,54,54,54,51,51,51,51,51,49,70,70,70,70,70,70,70,70,70,70,70,48,48,48,48,69,33],"gold":199,"neow_bonus":"HUNDRED_GOLD","is_daily":false,"chose_seed":false,"campfire_upgraded":9,"win_rate":0.0,"timestamp":1612049450,"path_taken":["M","$","M","$","?","R","?","?","T","M","M","R","M","?","R","BOSS","M","?","$","M","$","R","M","R","T","?","M","M","R","?","R","BOSS","M","?","$","M","?","R","?","M","T","R","?","M","?","M","R","BOSS"],"items_purchased_type":["Card","Card","Card","Card"],"build_version":"2020-12-22","purchased_purges":4,"victory":true,"max_hp_per_floor":[70,70,70,70,70,70,70,70,70,70,70,70,70,70,70,70,70,70,70,70,70,70,70,70,70,70,70,70,70,70,70,70,70,70,70,70,70,70,70,70,70,70,70,70,70,70,70,70,70,70],"card_choices":[{"not_picked":["Prepared","Dash"],"picked":"Accuracy","floor":1.0},{"not_picked":["Catalyst","Masterful Stab","Blade Dance"],"picked":"SKIP","floor":3.0},{"not_picked":["Dagger Throw","PiercingWail","Prepared"],"picked":"SKIP","floor":10.0},{"not_picked":["Sucker Punch","Poisoned Stab"],"picked":"Noxious Fumes","floor":11.0},{"not_picked":["Venomology","Dash"],"picked":"Cloak And Dagger","floor":13.0},{"not_picked":["Malaise","Unload"],"picked":"After Image","floor":16.0},{"not_picked":["Dodge and Roll","ReplayTheSpireMod:Tripwire","Endless Agony+1"],"picked":"SKIP","floor":18.0},{"not_picked":["Expertise","Sucker Punch"],"picked":"Blade Dance+1","floor":21.0},{"not_picked":["conspire:PoisonWeapons+1","Cloak And Dagger+1","Prepared"],"picked":"SKIP","floor":24.0},{"not_picked":["PiercingWail+1","Quick Slash","Cloak And Dagger+1"],"picked":"SKIP","floor":28.0},{"not_picked":["Dodge and Roll","Deadly Poison","Deflect"],"picked":"SKIP","floor":29.0},{"not_picked":["Glass Knife","Unload"],"picked":"Adrenaline","floor":33.0},{"not_picked":["PiercingWail","Hidden Blade","Slice+1"],"picked":"SKIP","floor":35},{"not_picked":["Cloak And Dagger+1","Blade Dance+1","Flechettes"],"picked":"SKIP","floor":38},{"not_picked":["PiercingWail","Heel Hook+1","Dodge and Roll+1"],"picked":"SKIP","floor":42},{"not_picked":["Flying Knee+1","Eviscerate+1","Blade Dance+1"],"picked":"SKIP","floor":45},{"not_picked":["Masterful Stab+1","Backflip","Blade Dance+1"],"picked":"SKIP","floor":46},{"not_picked":["Tactician+1","Dagger Spray","Bane+1"],"picked":"SKIP","floor":47},{"not_picked":["Sucker Punch","Outmaneuver+1","Dodge and Roll+1"],"picked":"SKIP","floor":48}],"player_experience":432961,"relics_obtained":[{"floor":7.0,"key":"PreservedInsect"},{"floor":9.0,"key":"ReplayFunnel"},{"floor":26.0,"key":"Divine Protection"},{"floor":39,"key":"Incense Burner"},{"floor":43,"key":"Gremlin Food"}],"event_choices":[{"cards_removed":["Strike_G"],"damage_healed":0.0,"max_hp_gain":0.0,"max_hp_loss":0.0,"gold_gain":0.0,"event_name":"The Cleric","player_choice":"Card Removal","floor":5.0,"gold_loss":50.0,"damage_taken":0.0},{"cards_removed":["Strike_G"],"damage_healed":0.0,"max_hp_gain":0.0,"max_hp_loss":0.0,"gold_gain":0.0,"event_name":"Golden Wing","player_choice":"Card Removal","floor":8.0,"gold_loss":0.0,"damage_taken":7.0},{"damage_healed":0.0,"max_hp_gain":0.0,"max_hp_loss":0.0,"gold_gain":0.0,"event_name":"The Library","player_choice":"Read","floor":19.0,"gold_loss":0.0,"damage_taken":0.0,"cards_obtained":["Infinite Blades"]},{"damage_healed":0,"gold_gain":0,"player_choice":"Ignored","damage_taken":0,"max_hp_gain":0,"max_hp_loss":0,"event_name":"Tomb of Lord Red Mask","floor":36,"gold_loss":0},{"damage_healed":0,"gold_gain":0,"player_choice":"Fight","damage_taken":0,"max_hp_gain":0,"max_hp_loss":0,"event_name":"MindBloom","floor":39,"gold_loss":0}],"is_beta":false,"boss_relics":[{"not_picked":["Kintsugi","Runic Dome"],"picked":"HoveringKite"},{"not_picked":["bronze:MakeshiftBattery","Velvet Choker"],"picked":"Sozu"}],"items_purged_floors":[2,14,31,37],"is_endless":false,"potions_floor_spawned":[10,11,16,21,29,35,39,46,48],"ascension_level":0}}