{"host":"x5w9zppki4gdwvc7","time":1612036887,"event":{"mods":["AchievementEnabler","BaseMod","Colored Powertips","DeckTracker","Minty Spire (QoL Compilation)","Relic Sorter","SuperFastMode"],"gold_per_floor":[114,129,129,129,144,144,174,274,324,324,354,369,369,399,399,499,499,514,514,514,529,479,479,404,419,444,5,35,50,50,150,150,250,250,265,280,280,280,110,110,35,85,85,100,130,130,13,28,28,28],"floor_reached":51,"language":"ENG","playtime":4153,"items_purged":["Strike_R","Defend_R","Strike_R","Strike_R"],"score":759,"play_id":"163aa9f2-f377-45e1-a1f0-2071940a44d2","local_time":"20210130210127","daily_mods":["Specialized","Colorless Cards","Terminal"],"is_ascension_mode":false,"campfire_choices":[{"data":"Body Slam","floor":6,"key":"SMITH"},{"data":"Pommel Strike","floor":10,"key":"SMITH"},{"data":"Bash","floor":15,"key":"SMITH"},{"data":"Flame Barrier","floor":23,"key":"SMITH"},{"data":"Apotheosis","floor":32,"key":"SMITH"},{"data":"Strike_R","floor":40,"key":"PURGE"},{"data":"Flame Barrier","floor":46,"key":"PURGE"},{"floor":49,"key":"REST"}],"circlet_count":0,"master_deck":["Strike_R","Defend_R+1","Defend_R","Bash+1","Flame Barrier+1","Flame Barrier","Flame Barrier+1","Pommel Strike+1","Body Slam+1","Flash of Steel","CurseOfTheBell","J.A.X.","Shrug It Off+1","Shrug It Off","Apotheosis+1","Bandage Up","Whirlwind","Anger+1","Heavy Blade","Master of Strategy","Parasite"],"relics":["Burning Blood","Potion Belt","Smiling Mask","Juzu Bracelet","HornCleat","PreservedInsect","Calling Bell","Bag of Preparation","Pear","Charon\u0027s Ashes","Strawberry","Membership Card","Gambling Chip","Peace Pipe","Frozen Egg 2","Busted Crown","Lantern","War Paint","Vajra","Bottled Flame"],"acts_visited":["Exordium","TheCity","TheBeyond"],"potions_floor_usage":[16,16,16,16,18,21,27,28,33,33,33,33,33,50,50,50,50],"damage_taken":[{"damage":0,"enemies":"Cultist","floor":1,"turns":4},{"damage":0,"enemies":"Jaw Worm","floor":2,"turns":4},{"damage":0,"enemies":"Small Slimes","floor":5,"turns":3},{"damage":13,"enemies":"3 Sentries","floor":7,"turns":13},{"damage":2,"enemies":"Lagavulin","floor":11,"turns":10},{"damage":7,"enemies":"Exordium Wildlife","floor":12,"turns":6},{"damage":7,"enemies":"Gremlin Nob","floor":14,"turns":4},{"damage":0,"enemies":"Hexaghost","floor":16,"turns":7},{"damage":0,"enemies":"3 Byrds","floor":18,"turns":2},{"damage":18,"enemies":"Shell Parasite","floor":21,"turns":6},{"damage":6,"enemies":"Cultist and Chosen","floor":25,"turns":6},{"damage":19,"enemies":"Book of Stabbing","floor":28,"turns":5},{"damage":6,"enemies":"Sentry and Sphere","floor":29,"turns":6},{"damage":3,"enemies":"Colosseum Slavers","floor":31,"turns":5},{"damage":31,"enemies":"Colosseum Nobs","floor":31,"turns":5},{"damage":37,"enemies":"Champ","floor":33,"turns":12},{"damage":24,"enemies":"3 Shapes","floor":35,"turns":3},{"damage":8,"enemies":"3 Darklings","floor":36,"turns":4},{"damage":10,"enemies":"Maw","floor":44,"turns":8},{"damage":3,"enemies":"Reptomancer","floor":45,"turns":3},{"damage":49,"enemies":"Writhing Mass","floor":48,"turns":4},{"damage":30,"enemies":"Awakened One","floor":50,"turns":11}],"seed_played":"-828330817948855686","potions_obtained":[{"floor":2,"key":"AttackPotion"},{"floor":11,"key":"CultistPotion"},{"floor":12,"key":"EntropicBrew"},{"floor":13,"key":"CultistPotion"},{"floor":13,"key":"EntropicBrew"},{"floor":14,"key":"DuplicationPotion"},{"floor":16,"key":"SteroidPotion"},{"floor":18,"key":"PowerPotion"},{"floor":31,"key":"LiquidMemories"},{"floor":35,"key":"Explosive Potion"},{"floor":48,"key":"LiquidMemories"}],"is_trial":false,"path_per_floor":["M","M","?","?","M","R","E","?","T","R","E","M","?","E","R","B",null,"M","?","?","M","$","R","?","M","T","$","E","M","?","?","R","B",null,"M","M","?","?","$","R","$","T","T","M","E","R","$","M","R","B",null],"character_chosen":"IRONCLAD","items_purchased":["Apotheosis","Membership Card","Fruit Juice","Lantern","Bandage Up","Energy Potion","Heavy Blade","Master of Strategy"],"campfire_rested":1,"item_purchase_floors":[27,27,27,39,39,41,47,47],"current_hp_per_floor":[78,77,81,80,79,78,71,71,71,71,73,72,71,70,69,68,77,76,75,74,62,62,62,62,62,69,74,61,61,61,39,39,8,72,54,52,52,52,52,52,52,52,52,54,57,57,57,20,37,19],"gold":28,"neow_bonus":"","is_daily":true,"chose_seed":false,"campfire_upgraded":5,"win_rate":0.0,"timestamp":1612036887,"path_taken":["M","M","?","?","?","R","E","?","T","R","E","M","?","E","R","BOSS","M","?","?","M","?","R","?","M","T","$","E","M","?","?","R","BOSS","M","M","?","?","?","R","$","?","T","M","E","R","$","M","R","BOSS"],"items_purchased_type":["Card","Relic","Potion","Relic","Card","Potion","Card","Card"],"build_version":"2020-12-22","purchased_purges":4,"victory":true,"max_hp_per_floor":[78,77,81,80,79,78,77,76,75,74,73,72,71,70,69,68,77,76,75,74,73,72,71,70,69,75,79,78,77,76,75,74,73,72,71,70,69,68,67,66,65,64,63,62,61,60,59,58,57,56],"card_choices":[{"not_picked":["Uppercut","Flex"],"picked":"Pommel Strike","floor":1},{"not_picked":["Clothesline","Pummel","Searing Blow"],"picked":"SKIP","floor":2},{"not_picked":["Hemokinesis","Headbutt"],"picked":"Body Slam","floor":5},{"not_picked":["Thunderclap","Panacea","Twin Strike"],"picked":"SKIP","floor":7},{"not_picked":["Headbutt","Flex","Mind Blast"],"picked":"SKIP","floor":11},{"not_picked":["Cleave","Armaments","Panacea"],"picked":"SKIP","floor":12},{"not_picked":["Wild Strike","Ghostly Armor"],"picked":"Flash of Steel","floor":14},{"not_picked":["Warcry","Clothesline"],"picked":"Thinking Ahead","floor":18},{"not_picked":["Spot Weakness","Clothesline"],"picked":"Shrug It Off+1","floor":21},{"not_picked":["Flex+1","Thunderclap"],"picked":"Shrug It Off","floor":25},{"not_picked":["Enlightenment","Bludgeon","Good Instincts"],"picked":"SKIP","floor":28},{"not_picked":["Warcry","Twin Strike","Armaments"],"picked":"SKIP","floor":29},{"not_picked":["Impatience+1"],"picked":"SKIP","floor":35},{"not_picked":["Cleave"],"picked":"SKIP","floor":36},{"not_picked":[],"picked":"Whirlwind","floor":44},{"not_picked":[],"picked":"Anger+1","floor":45},{"not_picked":["Clothesline+1"],"picked":"SKIP","floor":48}],"player_experience":290736,"relics_obtained":[{"floor":7,"key":"Smiling Mask"},{"floor":9,"key":"Juzu Bracelet"},{"floor":11,"key":"HornCleat"},{"floor":14,"key":"PreservedInsect"},{"floor":17,"key":"Bag of Preparation"},{"floor":17,"key":"Pear"},{"floor":17,"key":"Charon\u0027s Ashes"},{"floor":26,"key":"Strawberry"},{"floor":28,"key":"Gambling Chip"},{"floor":31,"key":"Peace Pipe"},{"floor":31,"key":"Frozen Egg 2"},{"floor":42,"key":"War Paint"},{"floor":43,"key":"Vajra"},{"floor":45,"key":"Bottled Flame"}],"event_choices":[{"damage_healed":0,"gold_gain":0,"player_choice":"Donut","damage_taken":0,"max_hp_gain":5,"max_hp_loss":0,"event_name":"Big Fish","floor":3,"gold_loss":0},{"cards_removed":["Flame Barrier"],"damage_healed":0,"gold_gain":0,"player_choice":"Gave Card","damage_taken":0,"relics_obtained":["Potion Belt"],"max_hp_gain":0,"max_hp_loss":0,"event_name":"WeMeetAgain","floor":4,"gold_loss":0},{"damage_healed":0,"gold_gain":100,"player_choice":"Pray","damage_taken":0,"max_hp_gain":0,"max_hp_loss":0,"event_name":"Golden Shrine","floor":8,"gold_loss":0},{"damage_healed":0,"gold_gain":0,"player_choice":"Got Potions","damage_taken":0,"max_hp_gain":0,"max_hp_loss":0,"event_name":"Lab","floor":13,"gold_loss":0},{"damage_healed":0,"gold_gain":0,"player_choice":"Obtain J.A.X.","damage_taken":0,"max_hp_gain":0,"max_hp_loss":0,"event_name":"Drug Dealer","floor":19,"gold_loss":0,"cards_obtained":["J.A.X."]},{"damage_healed":0,"gold_gain":0,"player_choice":"Ignored","damage_taken":0,"max_hp_gain":0,"max_hp_loss":0,"event_name":"Ghosts","floor":20,"gold_loss":0},{"cards_removed":["Defend_R"],"damage_healed":0,"gold_gain":0,"player_choice":"Gave Gold","damage_taken":0,"max_hp_gain":0,"max_hp_loss":0,"event_name":"Beggar","floor":24,"gold_loss":75},{"damage_healed":0,"gold_gain":0,"player_choice":"Fight","damage_taken":0,"max_hp_gain":0,"max_hp_loss":0,"event_name":"Colosseum","floor":31,"gold_loss":0},{"damage_healed":0,"gold_gain":0,"player_choice":"Fought Nobs","damage_taken":0,"max_hp_gain":0,"max_hp_loss":0,"event_name":"Colosseum","floor":31,"gold_loss":0},{"damage_healed":0,"gold_gain":0,"player_choice":"Ignored","damage_taken":0,"max_hp_gain":0,"max_hp_loss":0,"event_name":"Mysterious Sphere","floor":37,"gold_loss":0},{"cards_removed":["Thinking Ahead"],"damage_healed":0,"gold_gain":0,"player_choice":"Removed Skill","damage_taken":0,"max_hp_gain":0,"max_hp_loss":0,"event_name":"Falling","floor":38,"gold_loss":0}],"is_beta":false,"boss_relics":[{"not_picked":["Coffee Dripper","Runic Dome"],"picked":"Calling Bell"},{"not_picked":["Tiny House","SacredBark"],"picked":"Busted Crown"}],"items_purged_floors":[22,27,39,41],"is_endless":false,"potions_floor_spawned":[2,11,12,14,16,18,31,31,35,48],"ascension_level":0}}