{"host":"ke3urjq17qgissv4","time":1612022912,"event":{"mods":["AchievementEnabler","Act Like it!","Arknights The Spire","BaseMod","Challenge The Spire","Conspire","Highlight Path","Marisa（F雨　魔理沙）","Minty Spire (QoL Compilation)","Quick Restart","Replay The Spire","RumiaBox-露米娅的神秘盒子","Spicy Shops","StSLib","Waifu the Spire","【功能Mod】混沌之环修复补丁","【遗物卡牌】REMEMod"],"gold_per_floor":[109,124,124,137,137,163,163,88,88,88,88,100,133,80,80,80,80],"floor_reached":16,"language":"ZHS","playtime":878,"items_purged":["Regret"],"score":266,"play_id":"55310e13-ddcb-4565-9864-75501af2b271","local_time":"20210131000832","is_ascension_mode":true,"campfire_choices":[{"data":"TalkToTheHand","floor":7.0,"key":"SMITH"},{"data":"TalkToTheHand+1","floor":15,"key":"SMITH"}],"circlet_count":0,"master_deck":["AscendersBane","Strike_P","Strike_P","Strike_P","Defend_P","Defend_P","Defend_P","Eruption","Vigilance","REME_LeechingPoison","TalkToTheHand+2","Protect","Evaluate","Scrawl","ForeignInfluence","Steam","FlurryOfBlows","Vault"],"relics":["REME_ComplimentaryCards","Sozu","CloakClasp","Regal Pillow","conspire:GiftBox","Bag of Marbles","conspire:InfiniteJournal"],"acts_visited":["Exordium"],"potions_floor_usage":[],"damage_taken":[{"damage":1.0,"enemies":"conspire:RoseBush","floor":1.0,"turns":5.0},{"damage":0.0,"enemies":"Cultist","floor":2.0,"turns":4.0},{"damage":2.0,"enemies":"Small Slimes","floor":4.0,"turns":3.0},{"damage":26.0,"enemies":"Lagavulin","floor":6.0,"turns":9.0},{"damage":14.0,"enemies":"Exordium Wildlife","floor":12.0,"turns":8.0},{"damage":0,"enemies":"Gremlin Nob","floor":13,"turns":3},{"damage":25,"enemies":"Fading Forest","floor":16,"turns":11}],"seed_played":"-239980236499508850","potions_obtained":[],"is_trial":false,"path_per_floor":["M","M","?","M","?","E","R","$","T","?","?","M","E","?","R","B"],"character_chosen":"WATCHER","items_purchased":[],"campfire_rested":0,"item_purchase_floors":[],"current_hp_per_floor":[66,66,66,68,68,46,46,46,46,42,42,32,32,32,32,16,16],"gold":80,"neow_bonus":"BOSS_RELIC","is_daily":false,"chose_seed":false,"campfire_upgraded":2,"win_rate":0.0,"timestamp":1612022912,"path_taken":["M","M","?","M","?","E","R","$","T","?","?","M","E","?","R","BOSS"],"items_purchased_type":[],"build_version":"2020-12-22","purchased_purges":1,"victory":false,"max_hp_per_floor":[68,68,68,68,68,68,68,68,68,68,68,68,68,68,68,68,68],"card_choices":[{"not_picked":["Evaluate","Pray"],"picked":"TalkToTheHand","floor":1.0},{"not_picked":["Replay:ManipulateFuture","Replay:Hum"],"picked":"Protect","floor":2.0},{"not_picked":["ClearTheMind","LikeWater","PathToVictory"],"picked":"SKIP","floor":4.0},{"not_picked":["CutThroughFate","Replay:AtTheReady"],"picked":"Evaluate","floor":6.0},{"not_picked":["DevaForm","Alpha"],"picked":"Scrawl","floor":9.0},{"not_picked":["CrushJoints","REME_Repentance"],"picked":"FlurryOfBlows","floor":12.0},{"not_picked":["REME_Repentance","Wallop"],"picked":"Vault","floor":13}],"player_experience":146294,"relics_obtained":[{"floor":6.0,"key":"Regal Pillow"},{"floor":9.0,"key":"conspire:GiftBox"},{"floor":13,"key":"Bag of Marbles"}],"event_choices":[{"damage_healed":0.0,"max_hp_gain":0.0,"max_hp_loss":0.0,"gold_gain":0.0,"event_name":"Big Fish","player_choice":"Box","floor":3.0,"gold_loss":0.0,"damage_taken":0.0,"relics_obtained":["CloakClasp"],"cards_obtained":["Regret"]},{"damage_healed":0.0,"max_hp_gain":0.0,"max_hp_loss":0.0,"gold_gain":0.0,"event_name":"Liars Game","player_choice":"Ignored","floor":5.0,"gold_loss":0.0,"damage_taken":0.0},{"damage_healed":0.0,"max_hp_gain":0.0,"max_hp_loss":0.0,"gold_gain":0.0,"event_name":"conspire:Investor","player_choice":"Leave","floor":10.0,"gold_loss":0.0,"damage_taken":0.0},{"damage_healed":0,"gold_gain":0,"player_choice":"Paid Gold","damage_taken":0,"relics_obtained":["conspire:InfiniteJournal"],"max_hp_gain":0,"max_hp_loss":0,"event_name":"WeMeetAgain","floor":14,"gold_loss":53}],"is_beta":false,"boss_relics":[],"items_purged_floors":[8],"is_endless":false,"potions_floor_spawned":[2,12,13],"killed_by":"Fading Forest","ascension_level":20}}