{"host":"17jxu4722zcujg93","time":1612005489,"event":{"mods":["BaseMod","Colored Map","Downfall","Minty Spire (QoL Compilation)","StSLib"],"gold_per_floor":[99,110,128,128,38,38,108,136,149,149,149,184,96,108,136,250,262,174,209,241,253,279,291,303,345,367,379,415,42,42,52,66,167,167,167,184,202,212,26,26,26,44,172,187,199,231,247,263,280,280],"floor_reached":51,"language":"ENG","playtime":5771,"items_purged":["Guardian:Strike_Guardian","Parasite","Guardian:RollAttack"],"score":786,"play_id":"3b0a5bd5-b17c-4a37-b92b-19a5bb31a9d9","local_time":"20210130031809","is_ascension_mode":false,"campfire_choices":[{"floor":1,"key":"RECALL"},{"data":"Guardian:SentryBeam","floor":6,"key":"SMITH"},{"data":"Guardian:TemporalShield","floor":13,"key":"SMITH"},{"data":"Guardian:SentryBeam","floor":18,"key":"SMITH"},{"data":"Guardian:PrimingBeam","floor":23,"key":"SMITH"},{"data":"Guardian:Planning","floor":27,"key":"SMITH"},{"data":"Guardian:TwinSlam","floor":30,"key":"SMITH"},{"data":"Guardian:Harden","floor":35,"key":"PURGE"},{"data":"RitualDagger","floor":40,"key":"SMITH"}],"circlet_count":0,"master_deck":["Guardian:CurlUp","Guardian:TwinSlam+1","Guardian:Planning+1","Guardian:SentryBeam+1","Guardian:PiercingHide+1","Guardian:TemporalShield+1","Guardian:Incinerate","Guardian:PrimingBeam+1","Guardian:TemporalStrike","Guardian:ShieldSpikes","Guardian:SentryBeam+1","Guardian:ExploitGems","RitualDagger+1","Guardian:ChargeCore","Guardian:CrystalBeam","Guardian:TimeSifter","Guardian:TimeSifter","Guardian:TimeCapacitor+1","Guardian:EvasiveProtocol","Guardian:StasisStrike","Guardian:Gem_Fragmented","Guardian:Gem_Crimson","Guardian:PiercingHide","Guardian:ShieldCharger+1","Guardian:Incinerate+1","Guardian:BronzeOrb+1"],"relics":["Guardian:ModeShifter","HornCleat","Smiling Mask","MawBank","downfall:HeartBlessingRed","Pandora\u0027s Box","downfall:HeartBlessingGreen","Toy Ornithopter","The Courier","Peace Pipe","Dream Catcher","Lee\u0027s Waffle","Coffee Dripper","Bird Faced Urn","Sling","Gremlin Horn"],"acts_visited":["Exordium","TheCity","TheBeyond"],"potions_floor_usage":[16,16,33,33,36,48,50,50,50],"damage_taken":[{"damage":5,"enemies":"Cultist","floor":2,"turns":4},{"damage":9,"enemies":"2 Louse","floor":3,"turns":4},{"damage":10,"enemies":"downfall:FleeingMerchant","floor":5,"turns":4},{"damage":26,"enemies":"Gremlin Nob","floor":8,"turns":6},{"damage":10,"enemies":"Small Slimes","floor":9,"turns":4},{"damage":0,"enemies":"Lagavulin","floor":12,"turns":8},{"damage":4,"enemies":"Red Slaver","floor":15,"turns":3},{"damage":13,"enemies":"SI_SHIV_ARCHETYPE","floor":16,"turns":7},{"damage":5,"enemies":"3 Byrds","floor":20,"turns":4},{"damage":10,"enemies":"Chosen","floor":22,"turns":3},{"damage":0,"enemies":"Book of Stabbing","floor":25,"turns":4},{"damage":12,"enemies":"Centurion and Healer","floor":26,"turns":3},{"damage":0,"enemies":"downfall:FleeingMerchant","floor":29,"turns":4},{"damage":0,"enemies":"3 Cultists","floor":31,"turns":4},{"damage":0,"enemies":"Chosen and Byrds","floor":32,"turns":4},{"damage":18,"enemies":"IC_MUSHROOM_ARCHETYPE","floor":33,"turns":6},{"damage":4,"enemies":"3 Darklings","floor":36,"turns":4},{"damage":0,"enemies":"Orb Walker","floor":37,"turns":3},{"damage":0,"enemies":"Writhing Mass","floor":38,"turns":4},{"damage":0,"enemies":"downfall:FleeingMerchant","floor":39,"turns":4},{"damage":3,"enemies":"3 Darklings","floor":42,"turns":4},{"damage":11,"enemies":"downfall:FleeingMerchant","floor":43,"turns":4},{"damage":12,"enemies":"4 Shapes","floor":44,"turns":3},{"damage":0,"enemies":"Transient","floor":45,"turns":5},{"damage":0,"enemies":"Nemesis","floor":46,"turns":5},{"damage":12,"enemies":"Maw","floor":47,"turns":6},{"damage":24,"enemies":"Sphere and 2 Shapes","floor":48,"turns":4},{"damage":10,"enemies":"Spire Growth","floor":49,"turns":5},{"damage":13,"enemies":"DF_ARCHETYPE_ORBS","floor":50,"turns":6}],"seed_played":"3398269049300115892","potions_obtained":[{"floor":8,"key":"Strength Potion"},{"floor":9,"key":"Guardian:DefensiveModePotion"},{"floor":12,"key":"Fire Potion"},{"floor":20,"key":"Block Potion"},{"floor":31,"key":"Dexterity Potion"},{"floor":38,"key":"DuplicationPotion"},{"floor":42,"key":"Fire Potion"},{"floor":45,"key":"Strength Potion"},{"floor":46,"key":"Weak Potion"},{"floor":49,"key":"Block Potion"}],"is_trial":false,"path_per_floor":["R","M","M","?","$","R","T","E","M","?","?","E","R","?","M","B",null,"R","T","M","?","M","R","T","E","M","R","T","$","R","M","M","B",null,"R","M","M","M","$","R","T","M","$","M","M","E","M","M","M","B",null],"character_chosen":"GUARDIAN","items_purchased":["Guardian:Gem_Red","Guardian:Gem_Green","Lee\u0027s Waffle","Guardian:Gem_Purple","Guardian:CrystalBeam","Guardian:Gem_White","Guardian:StasisStrike","Guardian:PiercingHide","Sling"],"campfire_rested":0,"item_purchase_floors":[29,29,29,29,29,29,39,43,43],"current_hp_per_floor":[88,83,74,79,69,69,69,43,33,33,33,33,33,33,29,16,93,93,93,88,82,72,72,72,72,60,60,60,100,100,100,100,82,100,100,96,96,96,96,96,96,97,88,78,86,94,85,74,72,82],"gold":280,"neow_bonus":"TEN_PERCENT_HP_BONUS","is_daily":false,"chose_seed":false,"campfire_upgraded":7,"win_rate":0.0,"timestamp":1612005489,"path_taken":["R","M","M","?","$","R","T","E","M","?","?","E","R","?","M","BOSS","R","?","?","?","M","R","T","E","M","R","?","$","R","M","M","BOSS","R","M","?","M","$","R","T","?","$","M","M","E","M","M","M","BOSS"],"items_purchased_type":["Card","Card","Relic","Card","Card","Card","Card","Card","Relic"],"build_version":"2020-12-22","purchased_purges":3,"victory":true,"max_hp_per_floor":[88,88,88,93,93,93,93,93,93,93,93,93,93,93,93,93,93,93,93,93,93,93,93,93,93,93,93,93,100,100,100,100,100,100,100,100,100,100,97,97,97,97,97,97,97,97,97,97,97,97],"card_choices":[{"not_picked":["Guardian:WalkerClaw","Guardian:Gem_Blue"],"picked":"Guardian:Planning","floor":2},{"not_picked":["Guardian:PrismaticBeam","Guardian:Gem_Lightblue"],"picked":"Guardian:SentryBeam","floor":3},{"not_picked":["Guardian:RefractedBeam","Guardian:AncientConstruct"],"picked":"Guardian:PiercingHide","floor":5},{"not_picked":["Guardian:TemporalStrike","Guardian:Reroute"],"picked":"Guardian:TemporalShield","floor":8},{"not_picked":["Guardian:GuardianWhirl","Guardian:Harden"],"picked":"Guardian:Incinerate","floor":9},{"not_picked":["Guardian:Preprogram","Guardian:PiercingHide"],"picked":"Guardian:PrimingBeam","floor":12},{"not_picked":["Guardian:BaubleBeam","Guardian:DecasProtection"],"picked":"Guardian:TemporalStrike","floor":15},{"not_picked":["Guardian:ConstructionForm","Guardian:ExploitGems"],"picked":"Guardian:Gem_Synthetic","floor":16},{"not_picked":["Guardian:VentSteam+1","Guardian:RollAttack","Guardian:PiercingHide"],"picked":"SKIP","floor":20},{"not_picked":["Guardian:ShieldCharger","Guardian:Gem_Fragmented"],"picked":"Guardian:Gem_Red","floor":22},{"not_picked":["Guardian:PiercingHide","Guardian:Repulse"],"picked":"Guardian:Gem_Red","floor":25},{"not_picked":["Guardian:HyperBeam_Guardian","Guardian:Reroute+1"],"picked":"Guardian:Gem_Red","floor":26},{"not_picked":["Guardian:Suspension","Guardian:Planning+1"],"picked":"Guardian:ChargeCore","floor":29},{"not_picked":["Guardian:Reroute","Guardian:Incinerate","Guardian:MultiBeam+1"],"picked":"SKIP","floor":31},{"not_picked":["Guardian:Gem_Green","Guardian:Preprogram"],"picked":"Guardian:TimeSifter","floor":32},{"not_picked":["Guardian:HyperBeam_Guardian","Guardian:AncientConstruct"],"picked":"Guardian:TimeSifter","floor":33},{"not_picked":["Guardian:Incinerate","Guardian:WalkerClaw"],"picked":"Guardian:TimeCapacitor+1","floor":36},{"not_picked":["Guardian:Planning+1","Guardian:ChargeCore"],"picked":"Guardian:EvasiveProtocol","floor":37},{"not_picked":["Guardian:PiercingHide","Guardian:ShieldSpikes+1","Guardian:Preprogram+1"],"picked":"SKIP","floor":38},{"not_picked":["Guardian:Gem_Cyan","Guardian:BronzeArmor"],"picked":"Guardian:Gem_Blue","floor":39},{"not_picked":["Guardian:PrismaticBarrier+1","Guardian:MultiBeam"],"picked":"Guardian:Gem_Fragmented","floor":42},{"not_picked":["Guardian:BronzeOrb","Guardian:RollAttack"],"picked":"Guardian:Gem_Crimson","floor":43},{"not_picked":["Guardian:DonusPower","Guardian:Gem_Lightblue"],"picked":"Guardian:ShieldCharger+1","floor":44},{"not_picked":["Guardian:GuardianWhirl","Guardian:ShieldSpikes","Guardian:DonusPower+1"],"picked":"SKIP","floor":45},{"not_picked":["Guardian:Recover+1","Guardian:PrimingBeam+1"],"picked":"Guardian:Incinerate+1","floor":46},{"not_picked":["Guardian:Gem_Lightblue","Guardian:WalkerClaw+1","Guardian:Gem_Purple"],"picked":"SKIP","floor":47},{"not_picked":["Guardian:CrystalBeam","Guardian:RollAttack+1"],"picked":"Guardian:BronzeOrb+1","floor":48},{"not_picked":["Guardian:DecasProtection+1","Guardian:ConstructionForm","Guardian:CrystalBeam+1"],"picked":"SKIP","floor":49}],"player_experience":137463,"relics_obtained":[{"floor":7,"key":"HornCleat"},{"floor":8,"key":"Smiling Mask"},{"floor":12,"key":"MawBank"},{"floor":19,"key":"Toy Ornithopter"},{"floor":24,"key":"The Courier"},{"floor":25,"key":"Peace Pipe"},{"floor":28,"key":"Dream Catcher"},{"floor":41,"key":"Bird Faced Urn"},{"floor":46,"key":"Gremlin Horn"}],"event_choices":[{"damage_healed":0,"gold_gain":0,"player_choice":"Donut","damage_taken":0,"max_hp_gain":5,"max_hp_loss":0,"event_name":"Big Fish","floor":4,"gold_loss":0},{"cards_removed":["Guardian:Defend_Guardian"],"damage_healed":0,"gold_gain":0,"player_choice":"Card Removal","damage_taken":0,"max_hp_gain":0,"max_hp_loss":0,"event_name":"The Cleric","floor":10,"gold_loss":0},{"cards_removed":["downfall:Malfunctioning"],"damage_healed":0,"gold_gain":0,"player_choice":"Card Removal","damage_taken":0,"max_hp_gain":0,"max_hp_loss":0,"event_name":"Wheel of Change","floor":14,"gold_loss":0}],"is_beta":false,"boss_relics":[{"not_picked":["Cursed Key","SacredBark"],"picked":"Pandora\u0027s Box"},{"not_picked":["Astrolabe","Empty Cage"],"picked":"Coffee Dripper"}],"items_purged_floors":[5,39,43],"is_endless":false,"potions_floor_spawned":[8,9,12,15,20,31,32,38,42,45,46,49],"ascension_level":0}}