{"host":"7z347kdhnquy3q4q","time":1612035527,"event":{"mods":["Act Like it!","Aspiration","BaseMod","Downfall","Hubris","Minty Spire (QoL Compilation)","MostiFishMod","Permanent Neow","Potionbrewer","Robot Space Explorer","Spicy Shops","StSLib","The Marked","Wandering Minibosses"],"gold_per_floor":[99,110,37,37,48,48,48,223,255,281,743,820,832,875,900,912,912],"floor_reached":16,"language":"ENG","playtime":717,"items_purged":[],"score":246,"play_id":"9c6a00bd-85f1-4f4b-a5ca-b4d685cd9de1","local_time":"20210130133847","is_ascension_mode":true,"campfire_choices":[{"data":"theMarked:SelfDefenseTraining","floor":1,"key":"SMITH"},{"data":"theMarked:Vacuum","floor":6,"key":"SMITH"},{"floor":13,"key":"REST"}],"circlet_count":0,"master_deck":["theMarked:Strike","theMarked:Strike","theMarked:Strike","theMarked:Strike","theMarked:Strike","theMarked:Defend","theMarked:Defend","theMarked:Defend","theMarked:Defend","theMarked:SoldierOfQuellstein","theMarked:SelfDefenseTraining+1","theMarked:EmpowerWeapon","theMarked:Vacuum+1","Writhe","theMarked:WardOff","Doubt","theMarked:Memento","theMarked:Memento","downfall:Icky","downfall:Icky","downfall:Icky","theMarked:ChainLightning","theMarked:Toughness","theMarked:RogueSparks"],"relics":["theMarked:ArtifactOfAir","DaveBox","RhineFirstAidKit","MostiFishMod:AdaptiveDefenses","downfall:BrokenWingStatue","Ice Cream","MawBank","theMarked:KettuFlask","Bag of Marbles"],"acts_visited":["Exordium"],"potions_floor_usage":[14,16],"damage_taken":[{"damage":0,"enemies":"Cultist","floor":2,"turns":4},{"damage":0,"enemies":"downfall:FleeingMerchant","floor":3,"turns":4},{"damage":2,"enemies":"2 Louse","floor":5,"turns":3},{"damage":35,"enemies":"3 Sentries","floor":9,"turns":9},{"damage":0,"enemies":"Small Slimes","floor":10,"turns":3},{"damage":35,"enemies":"3 Sentries","floor":12,"turns":9},{"damage":16,"enemies":"Gremlin Nob","floor":14,"turns":3},{"damage":0,"enemies":"2 Fungi Beasts","floor":15,"turns":3},{"damage":64,"enemies":"DF_ARCHETYPE_STREAMLINE","floor":16,"turns":6}],"seed_played":"-1079572518451306786","potions_obtained":[{"floor":10,"key":"DuplicationPotion"},{"floor":12,"key":"Explosive Potion"},{"floor":15,"key":"hexamod:SoulburnPotion"}],"is_trial":false,"path_per_floor":["R","M","$","?","M","R","T","?","E","M","?","?","R","E","M","B"],"character_chosen":"THE_DEFAULT","items_purchased":["MostiFishMod:AdaptiveDefenses"],"campfire_rested":1,"item_purchase_floors":[3],"current_hp_per_floor":[63,63,63,63,61,61,61,61,70,70,70,40,61,52,52,0,0],"gold":912,"neow_bonus":"THREE_CARDS","is_daily":false,"chose_seed":false,"campfire_upgraded":2,"win_rate":0.0,"timestamp":1612035527,"path_taken":["R","M","$","?","M","R","T","?","E","M","?","?","R","E","M","BOSS"],"items_purchased_type":["Relic"],"build_version":"2020-12-22","purchased_purges":0,"victory":false,"max_hp_per_floor":[70,70,70,70,70,70,70,70,70,70,70,70,70,70,70,70,70],"card_choices":[{"not_picked":["theMarked:Aftermath","theMarked:Parry"],"picked":"theMarked:SelfDefenseTraining","floor":0},{"not_picked":["theMarked:RepellingDischarge","theMarked:MuscleMemory"],"picked":"theMarked:EmpowerWeapon","floor":2},{"not_picked":["theMarked:ChainLightning","theMarked:AttractMetal"],"picked":"theMarked:Vacuum","floor":3},{"not_picked":["theMarked:Maelstrom","theMarked:Parkour"],"picked":"theMarked:WardOff","floor":5},{"not_picked":["theMarked:OneWithTheBlade","theMarked:Indomitable"],"picked":"theMarked:Memento","floor":9},{"not_picked":["theMarked:ChainLightning","theMarked:Opportunist"],"picked":"theMarked:Memento","floor":10},{"not_picked":["theMarked:Overthink","theMarked:Frustration"],"picked":"theMarked:ChainLightning","floor":12},{"not_picked":["theMarked:HeightenedSenses","theMarked:Frustration"],"picked":"theMarked:Toughness","floor":14},{"not_picked":["theMarked:PowerFlow","theMarked:ElectricStrings"],"picked":"theMarked:RogueSparks","floor":15}],"player_experience":2030855,"relics_obtained":[{"floor":7,"key":"Ice Cream"},{"floor":9,"key":"MawBank"},{"floor":14,"key":"Bag of Marbles"}],"event_choices":[],"is_beta":false,"boss_relics":[],"items_purged_floors":[],"is_endless":false,"potions_floor_spawned":[10,12,15],"killed_by":"DF_ARCHETYPE_STREAMLINE","ascension_level":7}}