{"host":"fzjk61lpi4bwj033","time":1612038508,"event":{"mods":["Ascension Unlocker","BaseMod","Conspire","Downfall","Hermit","Hubris","Infinite Spire","Jorbs\u0027s Wanderer Trilogy","Minty Spire (QoL Compilation)","Rare Cards Sparkle","Replay The Spire","StSLib","The Jungle"],"gold_per_floor":[99,119,119,36,108,108,131,151,168,193,193,247,247,281,305,313,313,313],"floor_reached":16,"language":"ENG","playtime":1104,"items_purged":[],"score":128,"play_id":"44c1e677-2c52-45d9-805b-80e1f15a919c","local_time":"20210130142828","is_ascension_mode":true,"campfire_choices":[{"data":"champ:GladiatorForm","floor":6,"key":"SMITH"},{"floor":11,"key":"REST"},{"floor":13,"key":"REST"}],"circlet_count":0,"master_deck":["champ:Strike","champ:Strike","champ:Strike","champ:Strike","champ:Defend","champ:Defend","champ:Defend","champ:Defend","champ:Execute","champ:Taunt+1","champ:Encircle","champ:GladiatorForm+1","champ:ShieldSlam","champ:PreciseThrust","champ:AdrenalArmor","champ:TornadoPunch","champ:SkillfulDodge","champ:RecklessLeap"],"relics":["champ:ChampionCrown","infinitespire:Midas Blood","Happy Flower","conspire:InfiniteJournal"],"acts_visited":["Exordium"],"potions_floor_usage":[15,16],"damage_taken":[{"damage":33,"enemies":"Jaw Worm","floor":2,"turns":4},{"damage":25,"enemies":"downfall:FleeingMerchant","floor":4,"turns":4},{"damage":10,"enemies":"Cultist","floor":8,"turns":3},{"damage":10,"enemies":"2 Louse","floor":9,"turns":3},{"damage":35,"enemies":"Exordium Wildlife","floor":10,"turns":4},{"damage":92,"enemies":"3 Sentries","floor":12,"turns":12},{"damage":34,"enemies":"Lots of Slimes","floor":14,"turns":6},{"damage":21,"enemies":"Red Slaver","floor":15,"turns":2},{"damage":30,"enemies":"WA_ARCHETYPE_RETAIN","floor":16,"turns":4}],"seed_played":"-8874525721122241207","potions_obtained":[{"floor":9,"key":"FearPotion"},{"floor":10,"key":"Death Potion"},{"floor":12,"key":"sneckomod:MuddlingPotion"},{"floor":15,"key":"LiquidMemories"}],"is_trial":false,"path_per_floor":["R","M","?","$","T","R","T","M","M","M","R","E","R","M","M","B"],"character_chosen":"THE_CHAMP","items_purchased":["champ:ShieldSlam"],"campfire_rested":2,"item_purchase_floors":[4],"current_hp_per_floor":[99,86,86,81,81,81,81,81,81,56,85,23,52,28,7,0,0,0],"gold":313,"neow_bonus":"TEN_PERCENT_HP_BONUS","is_daily":false,"chose_seed":false,"campfire_upgraded":1,"win_rate":0.0,"timestamp":1612038508,"path_taken":["R","M","?","?","?","R","T","M","?","M","R","E","R","M","M","BOSS"],"items_purchased_type":["Card"],"build_version":"2020-12-22","purchased_purges":0,"victory":false,"max_hp_per_floor":[99,99,99,99,99,99,99,99,99,99,99,99,99,99,99,99,99,99],"card_choices":[{"not_picked":["champ:EndlessRage","champ:FancyFootwork"],"picked":"champ:Encircle","floor":2},{"not_picked":["champ:EndlessRage","champ:CrownThrow"],"picked":"champ:GladiatorForm","floor":4},{"not_picked":["champ:StanceDance","champ:CrookedStrike"],"picked":"champ:PreciseThrust","floor":8},{"not_picked":["champ:FalseCounter","champ:Encircle","champ:EnragedBash"],"picked":"SKIP","floor":9},{"not_picked":["champ:BringItOn","champ:Endure"],"picked":"champ:AdrenalArmor","floor":10},{"not_picked":["champ:PreciseThrust","champ:FlashCut"],"picked":"champ:TornadoPunch","floor":12},{"not_picked":["champ:EndlessRage","champ:Shatter"],"picked":"champ:SkillfulDodge","floor":14},{"not_picked":["champ:SkillfulDodge","champ:Parry"],"picked":"champ:RecklessLeap","floor":15}],"player_experience":797826,"relics_obtained":[{"floor":5,"key":"infinitespire:Midas Blood"},{"floor":7,"key":"Happy Flower"},{"floor":12,"key":"conspire:InfiniteJournal"}],"event_choices":[{"damage_healed":0,"gold_gain":0,"player_choice":"Forge","damage_taken":0,"max_hp_gain":0,"max_hp_loss":0,"event_name":"Accursed Blacksmith","floor":3,"gold_loss":0,"cards_upgraded":["champ:Taunt"]}],"is_beta":false,"boss_relics":[],"items_purged_floors":[],"is_endless":false,"potions_floor_spawned":[9,10,12,14,15],"killed_by":"WA_ARCHETYPE_RETAIN","ascension_level":5}}