{"host":"ffjrj7fisyni1ebk","time":1612034867,"event":{"mods":["2.2 Compatiblity","BaseMod","Bestiary","Colored Map","Colored Powertips","Curses Come First","Highlight Path","Keyboard Shortcuts","Minty Spire (QoL Compilation)","Relic Stats","Slay the Relics Exporter","StSLib","SuperFastMode"],"gold_per_floor":[119,134,134,151,38,71,88,88,88,38,52,69,69,20,20,119,169,183,203,203,216,131,164,164,164],"floor_reached":24,"language":"ENG","playtime":1317,"items_purged":["Pain"],"score":218,"play_id":"afd203d5-bc0f-462b-9d47-d78584d48467","local_time":"20210130212747","is_ascension_mode":false,"campfire_choices":[{"floor":8.0,"key":"REST"},{"floor":13.0,"key":"REST"},{"data":"Noxious Fumes","floor":15.0,"key":"SMITH"}],"circlet_count":0,"master_deck":["Strike_G","Strike_G","Strike_G","Strike_G","Strike_G","Defend_G","Defend_G+1","Defend_G","Defend_G","Defend_G","Survivor","Neutralize","Infinite Blades","Cloak And Dagger","Noxious Fumes+1","Poisoned Stab","Cloak And Dagger","Cloak And Dagger","Deadly Poison","Burst","Blade Dance","Backflip","PiercingWail","Blade Dance"],"relics":["SlaversCollar","WarpedTongs","Happy Flower","Frozen Egg 2","Tiny House","Ginger","White Beast Statue"],"acts_visited":["Exordium","TheCity"],"potions_floor_usage":[],"damage_taken":[{"damage":0.0,"enemies":"Small Slimes","floor":1.0,"turns":5.0},{"damage":1.0,"enemies":"Cultist","floor":2.0,"turns":5.0},{"damage":4.0,"enemies":"Jaw Worm","floor":4.0,"turns":4.0},{"damage":25.0,"enemies":"3 Sentries","floor":6.0,"turns":9.0},{"damage":4.0,"enemies":"Looter","floor":7.0,"turns":4.0},{"damage":1.0,"enemies":"Blue Slaver","floor":11.0,"turns":3.0},{"damage":10.0,"enemies":"Exordium Thugs","floor":12.0,"turns":4.0},{"damage":30.0,"enemies":"The Guardian","floor":16.0,"turns":8.0},{"damage":21.0,"enemies":"Shell Parasite","floor":18.0,"turns":6.0},{"damage":18.0,"enemies":"3 Byrds","floor":19.0,"turns":8.0},{"damage":19.0,"enemies":"Snake Plant","floor":21.0,"turns":5.0},{"damage":25.0,"enemies":"Slavers","floor":23.0,"turns":6.0},{"damage":4,"enemies":"Chosen and Byrds","floor":24,"turns":4}],"seed_played":"-8248568243316954544","potions_obtained":[{"floor":1.0,"key":"Poison Potion"},{"floor":6.0,"key":"Dexterity Potion"},{"floor":12.0,"key":"CultistPotion"},{"floor":16.0,"key":"FearPotion"},{"floor":17.0,"key":"FearPotion"},{"floor":19.0,"key":"Explosive Potion"}],"is_trial":false,"path_per_floor":["M","M","?","M","$","E","M","R","T","$","M","M","R","$","R","B",null,"M","M","?","M","?","E","M"],"character_chosen":"THE_SILENT","items_purchased":["Noxious Fumes","Cloak And Dagger","Deadly Poison"],"campfire_rested":2,"item_purchase_floors":[5,10,14],"current_hp_per_floor":[70,69,69,65,65,40,36,57,57,57,56,46,67,67,67,37,75,54,36,61,42,42,17,13,13],"gold":164,"neow_bonus":"BOSS_RELIC","is_daily":false,"chose_seed":false,"campfire_upgraded":1,"win_rate":0.0,"timestamp":1612034867,"path_taken":["M","M","?","M","$","E","M","R","T","?","M","?","R","$","R","BOSS","M","M","?","M","?","E","M"],"items_purchased_type":["Card","Card","Card"],"build_version":"2020-12-22","purchased_purges":1,"victory":false,"max_hp_per_floor":[70,70,70,70,70,70,70,70,70,70,70,70,70,70,70,70,75,75,75,75,75,75,75,75,75],"relic_stats":{"Happy Flower":[16],"counters":[13,71],"Ginger":[5],"obtain_stats":[{"SlaversCollar":0,"Tiny House":17,"Happy Flower":6,"Ginger":22,"Frozen Egg 2":9,"White Beast Statue":23,"Ring of the Snake":0,"WarpedTongs":3},{"SlaversCollar":0,"Tiny House":8,"Happy Flower":4,"Ginger":11,"Frozen Egg 2":5,"White Beast Statue":12,"Ring of the Snake":0,"WarpedTongs":2},{"SlaversCollar":0,"Tiny House":42,"Happy Flower":23,"Ginger":61,"Frozen Egg 2":27,"White Beast Statue":67,"Ring of the Snake":0,"WarpedTongs":10}],"WarpedTongs":[61]},"card_choices":[{"not_picked":["Masterful Stab","Eviscerate"],"picked":"Infinite Blades","floor":1.0},{"not_picked":["Eviscerate","Setup","Dodge and Roll"],"picked":"SKIP","floor":2.0},{"not_picked":["Backflip","Dodge and Roll"],"picked":"Cloak And Dagger","floor":4.0},{"not_picked":["Quick Slash","Bane","Malaise"],"picked":"SKIP","floor":6.0},{"not_picked":["Setup","Eviscerate"],"picked":"Poisoned Stab","floor":7.0},{"not_picked":["Flying Knee","Backflip"],"picked":"Cloak And Dagger","floor":11.0},{"not_picked":["Calculated Gamble","Setup","Deflect"],"picked":"SKIP","floor":12.0},{"not_picked":["Night Terror","After Image+1"],"picked":"Burst","floor":16.0},{"not_picked":["Bane","Dagger Throw"],"picked":"Blade Dance","floor":17.0},{"not_picked":["Slice","Dagger Throw"],"picked":"Backflip","floor":18.0},{"not_picked":["Grand Finale","Dodge and Roll"],"picked":"PiercingWail","floor":19.0},{"not_picked":["Tactician","Dash"],"picked":"Blade Dance","floor":21.0},{"not_picked":["Masterful Stab","Dagger Throw","Bullet Time"],"picked":"SKIP","floor":23.0}],"player_experience":287656,"relics_obtained":[{"floor":6.0,"key":"Happy Flower"},{"floor":9.0,"key":"Frozen Egg 2"},{"floor":23.0,"key":"White Beast Statue"}],"event_choices":[{"damage_healed":0.0,"max_hp_gain":0.0,"max_hp_loss":0.0,"gold_gain":0.0,"event_name":"Accursed Blacksmith","player_choice":"Rummage","floor":3.0,"gold_loss":0.0,"damage_taken":0.0,"relics_obtained":["WarpedTongs"],"cards_obtained":["Pain"]},{"damage_healed":25.0,"max_hp_gain":0.0,"max_hp_loss":0.0,"gold_gain":0.0,"event_name":"The Library","player_choice":"Heal","floor":20.0,"gold_loss":0.0,"damage_taken":0.0},{"damage_healed":0.0,"max_hp_gain":0.0,"max_hp_loss":0.0,"gold_gain":0.0,"event_name":"Addict","player_choice":"Obtained Relic","floor":22.0,"gold_loss":85.0,"damage_taken":0.0,"relics_obtained":["Ginger"]}],"is_beta":false,"boss_relics":[{"not_picked":["WristBlade","SacredBark"],"picked":"Tiny House"}],"items_purged_floors":[5],"is_endless":false,"potions_floor_spawned":[1,6,12,16,19],"killed_by":"Chosen and Byrds","ascension_level":0}}