{"host":"6xsbn6ynqlzwllfm","time":1612006390,"event":{"mods":["2.2 Compatiblity","BaseMod","Bestiary","Colored Map","Colored Powertips","Curses Come First","Highlight Path","Keyboard Shortcuts","Minty Spire (QoL Compilation)","Relic Stats","Slay the Relics Exporter","StSLib","SuperFastMode"],"gold_per_floor":[116,266,266,44,62,92,92,117,117,130,80,93,121,146,146,146,146],"floor_reached":16,"language":"ENG","playtime":528,"items_purged":["Doubt","Strike_P"],"score":286,"play_id":"2bca2d26-f44e-449a-baf7-382bb3a71c0f","local_time":"20210130063310","is_ascension_mode":true,"campfire_choices":[{"data":"CrushJoints","floor":7,"key":"SMITH"},{"data":"Eruption","floor":15,"key":"SMITH"}],"circlet_count":0,"master_deck":["AscendersBane","Strike_P","Strike_P","Strike_P","Defend_P","Defend_P","Defend_P","Defend_P","Eruption+1","Vigilance","EmptyFist","CrushJoints+1","FollowUp","EmptyFist","BowlingBash","Weave"],"relics":["PureWater","NeowsBlessing","Membership Card","Eternal Feather","Unceasing Top","HornCleat","Odd Mushroom","Damaru"],"acts_visited":["Exordium"],"potions_floor_usage":[8,8,13,16],"damage_taken":[{"damage":0.0,"enemies":"Jaw Worm","floor":1.0,"turns":1.0},{"damage":0,"enemies":"Cultist","floor":5,"turns":1},{"damage":0,"enemies":"3 Sentries","floor":6,"turns":1},{"damage":17,"enemies":"Lagavulin","floor":8,"turns":6},{"damage":7,"enemies":"2 Louse","floor":10,"turns":2},{"damage":1,"enemies":"Large Slime","floor":12,"turns":4},{"damage":4,"enemies":"The Mushroom Lair","floor":13,"turns":3},{"damage":20,"enemies":"3 Sentries","floor":14,"turns":7},{"damage":28,"enemies":"Hexaghost","floor":16,"turns":8}],"seed_played":"-7100505123606404249","potions_obtained":[{"floor":1.0,"key":"DistilledChaos"},{"floor":3,"key":"Block Potion"},{"floor":8,"key":"SteroidPotion"},{"floor":13,"key":"DuplicationPotion"},{"floor":14,"key":"Ancient Potion"}],"is_trial":false,"path_per_floor":["M","?","?","$","M","E","R","E","T","M","$","M","?","E","R","B"],"character_chosen":"WATCHER","items_purchased":["Membership Card","CrushJoints"],"campfire_rested":0,"item_purchase_floors":[4,4],"current_hp_per_floor":[61,61,61,61,61,61,67,50,50,43,43,42,38,18,27,0,0],"gold":146,"neow_bonus":"THREE_ENEMY_KILL","is_daily":false,"chose_seed":false,"campfire_upgraded":2,"win_rate":0.0,"timestamp":1612006390,"path_taken":["M","?","?","$","M","E","R","E","T","?","$","M","?","E","R","BOSS"],"items_purchased_type":["Relic","Card"],"build_version":"2020-12-22","purchased_purges":2,"victory":false,"max_hp_per_floor":[68,68,68,68,68,68,68,68,68,68,68,68,68,68,68,68,68],"relic_stats":{"counters":[9,33],"Eternal Feather":15,"obtain_stats":[{"HornCleat":9,"NeowsBlessing":0,"Damaru":14,"Eternal Feather":6,"Membership Card":4,"PureWater":0,"Odd Mushroom":13,"Unceasing Top":8},{"HornCleat":4,"NeowsBlessing":0,"Damaru":8,"Eternal Feather":3,"Membership Card":1,"PureWater":0,"Odd Mushroom":7,"Unceasing Top":4},{"HornCleat":9,"NeowsBlessing":0,"Damaru":25,"Eternal Feather":3,"Membership Card":1,"PureWater":0,"Odd Mushroom":18,"Unceasing Top":9}],"Unceasing Top":[1]},"card_choices":[{"not_picked":["Study","ClearTheMind"],"picked":"EmptyFist","floor":1.0},{"not_picked":["Sanctity","EmptyBody"],"picked":"FollowUp","floor":8},{"not_picked":["ClearTheMind","Protect"],"picked":"EmptyFist","floor":10},{"not_picked":["JustLucky","Halt"],"picked":"BowlingBash","floor":12},{"not_picked":["ForeignInfluence","Nirvana"],"picked":"Weave","floor":14}],"player_experience":1273526,"relics_obtained":[{"floor":6,"key":"Eternal Feather"},{"floor":8,"key":"Unceasing Top"},{"floor":9,"key":"HornCleat"},{"floor":13,"key":"Odd Mushroom"},{"floor":14,"key":"Damaru"}],"event_choices":[{"damage_healed":0,"gold_gain":150,"player_choice":"AGREE","damage_taken":0,"max_hp_gain":0,"max_hp_loss":0,"event_name":"Liars Game","floor":2,"gold_loss":0,"cards_obtained":["Doubt"]},{"damage_healed":0,"gold_gain":0,"player_choice":"Got Potions","damage_taken":0,"max_hp_gain":0,"max_hp_loss":0,"event_name":"Lab","floor":3,"gold_loss":0},{"damage_healed":0,"gold_gain":0,"player_choice":"Fought Mushrooms","damage_taken":0,"max_hp_gain":0,"max_hp_loss":0,"event_name":"Mushrooms","floor":13,"gold_loss":0}],"is_beta":false,"boss_relics":[],"items_purged_floors":[4,11],"is_endless":false,"potions_floor_spawned":[1,8,13,14],"killed_by":"Hexaghost","ascension_level":20}}