{"host":"9v3x998ddbx8o276","time":1612049818,"event":{"mods":["AchievementEnabler","BaseMod","Colored Map","Colored Powertips","Highlight Path","Minty Spire (QoL Compilation)","Quick Restart","Rare Cards Sparkle"],"gold_per_floor":[109,109,124,90,90,121,121,139,163,176,208,225,244,287,287,287,287],"floor_reached":16,"language":"ENG","playtime":427,"items_purged":[],"score":147,"play_id":"b46e928a-b1e6-447b-ae2b-335b4eea3119","local_time":"20210131100658","is_ascension_mode":false,"campfire_choices":[{"data":"Bash","floor":7,"key":"SMITH"},{"floor":15,"key":"REST"}],"circlet_count":0,"master_deck":["Strike_R","Strike_R","Strike_R","Strike_R","Defend_R","Defend_R","Defend_R+1","Defend_R+1","Bash+1","Rampage","Feel No Pain","Clothesline","Carnage","Second Wind","Sever Soul","Sword Boomerang","Havoc","Battle Trance","Intimidate","Cleave","Infernal Blade","Thunderclap"],"relics":["Burning Blood","NeowsBlessing","MealTicket","War Paint","Art of War","CeramicFish"],"acts_visited":["Exordium"],"potions_floor_usage":[12,14,14],"damage_taken":[{"damage":0,"enemies":"Small Slimes","floor":1,"turns":1},{"damage":0,"enemies":"Cultist","floor":3,"turns":1},{"damage":0,"enemies":"Lagavulin","floor":6,"turns":1},{"damage":3,"enemies":"Jaw Worm","floor":8,"turns":3},{"damage":18,"enemies":"Red Slaver","floor":10,"turns":4},{"damage":11,"enemies":"Gremlin Nob","floor":11,"turns":4},{"damage":13,"enemies":"Gremlin Gang","floor":12,"turns":5},{"damage":42,"enemies":"Exordium Thugs","floor":13,"turns":6},{"damage":18,"enemies":"Lagavulin","floor":14,"turns":6},{"damage":20,"enemies":"Slime Boss","floor":16,"turns":8}],"seed_played":"522674715615927690","potions_obtained":[{"floor":1,"key":"SpeedPotion"},{"floor":3,"key":"Block Potion"},{"floor":8,"key":"FearPotion"}],"is_trial":false,"path_per_floor":["M","?","M","$","?","E","R","M","T","M","E","M","M","E","R","B"],"character_chosen":"IRONCLAD","items_purchased":["Second Wind"],"campfire_rested":1,"item_purchase_floors":[4],"current_hp_per_floor":[80,80,80,80,80,80,80,80,80,68,63,56,20,8,32,12,12],"gold":287,"neow_bonus":"THREE_ENEMY_KILL","is_daily":false,"chose_seed":false,"campfire_upgraded":1,"win_rate":0.0,"timestamp":1612049818,"path_taken":["M","?","?","$","?","E","R","M","T","M","E","M","?","E","R","BOSS"],"items_purchased_type":["Card"],"build_version":"2020-12-22","purchased_purges":0,"victory":false,"max_hp_per_floor":[80,80,80,80,80,80,80,80,80,80,80,80,80,80,80,80,80],"card_choices":[{"not_picked":["Headbutt","Fire Breathing"],"picked":"Rampage","floor":1},{"not_picked":["Clash","Twin Strike"],"picked":"Carnage","floor":3},{"not_picked":["Power Through","Pommel Strike"],"picked":"Sword Boomerang","floor":6},{"not_picked":["Uppercut","Sword Boomerang"],"picked":"Havoc","floor":8},{"not_picked":["Sword Boomerang","Warcry"],"picked":"Battle Trance","floor":10},{"not_picked":["Power Through","Rampage"],"picked":"Intimidate","floor":11},{"not_picked":["Armaments","Wild Strike"],"picked":"Cleave","floor":12},{"not_picked":["Clash","Armaments"],"picked":"Infernal Blade","floor":13},{"not_picked":["Sword Boomerang","Heavy Blade"],"picked":"Thunderclap","floor":14}],"player_experience":1679051,"relics_obtained":[{"floor":6,"key":"MealTicket"},{"floor":9,"key":"War Paint"},{"floor":11,"key":"Art of War"},{"floor":14,"key":"CeramicFish"}],"event_choices":[{"damage_healed":0,"gold_gain":0,"player_choice":"2 cards matched","damage_taken":0,"max_hp_gain":0,"max_hp_loss":0,"event_name":"Match and Keep!","floor":2,"gold_loss":0,"cards_obtained":["Feel No Pain","Clothesline"]},{"damage_healed":0,"gold_gain":0,"cards_transformed":["Strike_R"],"player_choice":"Transformed","damage_taken":0,"max_hp_gain":0,"max_hp_loss":0,"event_name":"Transmorgrifier","floor":5,"gold_loss":0,"cards_obtained":["Sever Soul"]}],"is_beta":false,"boss_relics":[],"items_purged_floors":[],"is_endless":false,"potions_floor_spawned":[1,3,8,11],"killed_by":"Slime Boss","ascension_level":0}}