{"host":"d52brwsy6af8zvaq","time":1612026780,"event":{"mods":["AchievementEnabler","BaseMod","Bestiary","Highlight Path","Minty Spire (QoL Compilation)","Quick Restart","Relic Stats","ojb\u0027s Better Paths Mod"],"gold_per_floor":[116,116,128,139,150,150,185,197,197,210,541,541,541,556,556,556,556],"floor_reached":16,"language":"ENG","playtime":475,"items_purged":[],"score":228,"play_id":"21a40bd0-e75e-482d-b507-5022d25338e1","local_time":"20210130101300","is_ascension_mode":true,"campfire_choices":[{"data":"Dagger Spray","floor":6.0,"key":"SMITH"},{"floor":12,"key":"REST"},{"data":"Catalyst","floor":15,"key":"SMITH"}],"circlet_count":0,"master_deck":["AscendersBane","Strike_G","Strike_G","Strike_G","Strike_G","Defend_G","Defend_G","Defend_G","Defend_G","Defend_G","Survivor","Neutralize","Sucker Punch+1","Deadly Poison","Dagger Spray+1","Terror","Glass Knife","Leg Sweep","Deadly Poison","Blade Dance","Catalyst+1","Footwork"],"relics":["Ring of the Snake","The Specimen","Girya","Old Coin"],"acts_visited":["Exordium"],"potions_floor_usage":[7,11],"damage_taken":[{"damage":1.0,"enemies":"2 Louse","floor":1.0,"turns":3.0},{"damage":0.0,"enemies":"Cultist","floor":3.0,"turns":4.0},{"damage":4.0,"enemies":"Small Slimes","floor":4.0,"turns":3.0},{"damage":0.0,"enemies":"Gremlin Gang","floor":5.0,"turns":1.0},{"damage":16,"enemies":"Lagavulin","floor":7,"turns":6},{"damage":1,"enemies":"Large Slime","floor":8,"turns":5},{"damage":7,"enemies":"Lots of Slimes","floor":10,"turns":6},{"damage":34,"enemies":"Gremlin Nob","floor":11,"turns":4},{"damage":4,"enemies":"3 Louse","floor":14,"turns":2},{"damage":36,"enemies":"The Guardian","floor":16,"turns":2}],"seed_played":"-3581455755123405633","potions_obtained":[{"floor":3.0,"key":"BlessingOfTheForge"},{"floor":5.0,"key":"Strength Potion"},{"floor":8,"key":"Weak Potion"},{"floor":14,"key":"Weak Potion"}],"is_trial":false,"path_per_floor":["M","?","M","M","M","R","E","M","T","M","E","R","?","M","R","B"],"character_chosen":"THE_SILENT","items_purchased":[],"campfire_rested":1,"item_purchase_floors":[],"current_hp_per_floor":[64,64,64,60,60,60,44,43,43,36,2,23,23,19,19,0,0],"gold":556,"neow_bonus":"TEN_PERCENT_HP_BONUS","is_daily":false,"chose_seed":false,"campfire_upgraded":2,"win_rate":0.0,"timestamp":1612026780,"path_taken":["M","?","M","M","?","R","E","M","T","M","E","R","?","?","R","BOSS"],"items_purchased_type":[],"build_version":"2020-12-22","purchased_purges":0,"victory":false,"max_hp_per_floor":[72,72,72,72,72,72,72,72,72,72,72,72,72,72,72,72,72],"relic_stats":{"counters":[10,36],"obtain_stats":[{"Girya":9,"The Specimen":7,"Ring of the Snake":0,"Old Coin":11},{"Girya":6,"The Specimen":5,"Ring of the Snake":0,"Old Coin":8},{"Girya":22,"The Specimen":17,"Ring of the Snake":0,"Old Coin":32}],"Ring of the Snake":[20]},"card_choices":[{"not_picked":["Flying Knee","Prepared"],"picked":"Sucker Punch","floor":1.0},{"not_picked":["Masterful Stab","Deflect"],"picked":"Deadly Poison","floor":3.0},{"not_picked":["Distraction","Dodge and Roll"],"picked":"Dagger Spray","floor":4.0},{"not_picked":["Acrobatics","Escape Plan"],"picked":"Terror","floor":5.0},{"not_picked":["Escape Plan","Terror"],"picked":"Glass Knife","floor":7},{"not_picked":["Dagger Throw","Flying Knee"],"picked":"Leg Sweep","floor":8},{"not_picked":["Eviscerate","Acrobatics"],"picked":"Deadly Poison","floor":10},{"not_picked":["Slice","Flechettes"],"picked":"Blade Dance","floor":11},{"not_picked":["Outmaneuver","Noxious Fumes"],"picked":"Footwork","floor":14}],"player_experience":2071341,"relics_obtained":[{"floor":7,"key":"The Specimen"},{"floor":9,"key":"Girya"},{"floor":11,"key":"Old Coin"}],"event_choices":[{"damage_healed":0.0,"max_hp_gain":0.0,"max_hp_loss":0.0,"gold_gain":0.0,"event_name":"Upgrade Shrine","player_choice":"Upgraded","floor":2.0,"gold_loss":0.0,"damage_taken":0.0,"cards_upgraded":["Sucker Punch"]},{"damage_healed":0,"gold_gain":0,"cards_transformed":["Strike_G"],"player_choice":"Transformed","damage_taken":0,"max_hp_gain":0,"max_hp_loss":0,"event_name":"Transmorgrifier","floor":13,"gold_loss":0,"cards_obtained":["Catalyst"]}],"is_beta":false,"boss_relics":[],"items_purged_floors":[],"is_endless":false,"potions_floor_spawned":[3,5,8,14],"killed_by":"The Guardian","ascension_level":20}}