{"host":"mp803s0sc2i1u2gf","time":1612017919,"event":{"mods":["AchievementEnabler","Aspiration","BaseMod","Better Altar","Better Match","Better Note","Better Sensory Stone","Better Skull","Better Third Choice","Better Vampires","BetterRewards","Displayed Cursed Tome","Downfall","Emptier Cage","Highlight Path","Infinite Spire","Marisa????????","Minty Spire (QoL Compilation)","Permanent Neow","Replay The Spire","StSLib","Unceasing Turn Reminder"],"gold_per_floor":[111,111,128,145,145,145,145],"floor_reached":6,"language":"ENG","playtime":386,"items_purged":["Strike_B","Defend_B","Strike_B"],"score":58,"play_id":"0782fcac-493d-4f5e-8eea-c51831710370","local_time":"20210130154519","is_ascension_mode":true,"campfire_choices":[],"circlet_count":0,"master_deck":["AscendersBane","Strike_B","Strike_B","Defend_B","Defend_B","Defend_B","Zap","Self Repair","Gash","Hologram","Bash","ReplayTheSpireMod:Calculation Training","Inflame"],"relics":["Membership Card","Counterbalance","Girya","Iron Core"],"acts_visited":["Exordium"],"potions_floor_usage":[6],"damage_taken":[{"damage":2,"enemies":"Jaw Worm","floor":1,"turns":3},{"damage":12,"enemies":"Small Slimes","floor":3,"turns":4},{"damage":6,"enemies":"2 Louse","floor":4,"turns":4},{"damage":43,"enemies":"3 Sentries","floor":6,"turns":6}],"seed_played":"364316928538613131","potions_obtained":[{"floor":1,"key":"Guardian:BlockOnCardUsePotion"}],"is_trial":false,"path_per_floor":["M","?","M","M","?","E"],"character_chosen":"DEFECT","items_purchased":["Membership Card","Self Repair","Gash","Girya","Hologram"],"campfire_rested":0,"item_purchase_floors":[0,0,0,0,0],"current_hp_per_floor":[38,38,33,34,39,0,0],"gold":145,"neow_bonus":"","is_daily":false,"chose_seed":false,"campfire_upgraded":0,"win_rate":0.0,"timestamp":1612017919,"path_taken":["M","?","M","M","?","E"],"items_purchased_type":["Relic","Card","Card","Relic","Card"],"build_version":"2020-12-22","purchased_purges":3,"victory":false,"max_hp_per_floor":[75,75,75,75,80,80,80],"card_choices":[{"not_picked":["Steam Power","Rebound","Recycle"],"picked":"SKIP","floor":1},{"not_picked":["Coolheaded","Conserve Battery"],"picked":"ReplayTheSpireMod:Calculation Training","floor":3},{"not_picked":["Steam","Force Field"],"picked":"Inflame","floor":4}],"player_experience":373488,"relics_obtained":[],"event_choices":[{"damage_healed":0,"gold_gain":0,"player_choice":"Donut","damage_taken":0,"max_hp_gain":5,"max_hp_loss":0,"event_name":"Big Fish","floor":5,"gold_loss":0}],"is_beta":false,"boss_relics":[],"items_purged_floors":[0,0,0],"is_endless":false,"potions_floor_spawned":[1],"killed_by":"3 Sentries","ascension_level":12}}