{"host":"6p0attdrtjqaih7v","time":1612037207,"event":{"mods":["2.2 Compatiblity","AchievementEnabler","Bard","BaseMod","Better Skull","Better Third Choice","Colored Powertips","Downfall","Hermit","Highlight Path","Key Reminder","Minty Spire (QoL Compilation)","Permanent Neow","Quick Restart","Random Character Button","Relic Stats","Replay The Spire","Robot Space Explorer","StSLib","The Witch"],"gold_per_floor":[113,124,124,45,66,71,71],"floor_reached":6,"language":"ENG","playtime":342,"items_purged":[],"score":72,"play_id":"20a9b204-885f-4167-b4de-f56e9691aedd","local_time":"20210130150647","is_ascension_mode":true,"campfire_choices":[],"circlet_count":0,"master_deck":["AscendersBane","hermit:Strike_Hermit","hermit:Strike_Hermit","hermit:Strike_Hermit","hermit:Strike_Hermit","hermit:Defend_Hermit","hermit:Defend_Hermit","hermit:Defend_Hermit","hermit:Defend_Hermit","hermit:Snapshot","hermit:Covet","hermit:Scavenge","hermit:CursedWeapon","Flechettes+1","hermit:EternalForm"],"relics":["SacredBark"],"acts_visited":["Exordium"],"potions_floor_usage":[],"damage_taken":[{"damage":7,"enemies":"2 Louse","floor":1,"turns":3},{"damage":4,"enemies":"Small Slimes","floor":2,"turns":4},{"damage":9,"enemies":"Jaw Worm","floor":5,"turns":4},{"damage":32,"enemies":"Replay:BlueRogue","floor":6,"turns":13}],"seed_played":"-3438709350475128200","potions_obtained":[{"floor":1,"key":"Venom Potion"},{"floor":2,"key":"Venom Potion"}],"is_trial":false,"path_per_floor":["M","M","?","$","M","E"],"character_chosen":"HERMIT","items_purchased":["hermit:EternalForm"],"campfire_rested":0,"item_purchase_floors":[4],"current_hp_per_floor":[57,53,41,41,32,0,0],"gold":71,"neow_bonus":"BOSS_RELIC","is_daily":false,"chose_seed":false,"campfire_upgraded":0,"win_rate":0.0,"timestamp":1612037207,"path_taken":["M","M","?","$","M","E"],"items_purchased_type":["Card"],"build_version":"2020-12-22","purchased_purges":0,"victory":false,"max_hp_per_floor":[71,71,71,71,71,71,71],"relic_stats":{"counters":[4,24],"obtain_stats":[{"SacredBark":0,"hermit:Momento":0},{"SacredBark":0,"hermit:Momento":0},{"SacredBark":0,"hermit:Momento":0}]},"card_choices":[{"not_picked":["hermit:GhostlyPresence","hermit:Misfire"],"picked":"hermit:Scavenge","floor":1},{"not_picked":["hermit:Coalescence","hermit:Headshot"],"picked":"hermit:CursedWeapon","floor":2},{"not_picked":["hermit:Misfire","hermit:Glare","hermit:Snipe"],"picked":"SKIP","floor":5}],"player_experience":968317,"relics_obtained":[],"event_choices":[{"damage_healed":0,"gold_gain":0,"player_choice":"Card ","damage_taken":12,"max_hp_gain":0,"max_hp_loss":0,"event_name":"betterThird:BetterScrap","floor":3,"gold_loss":0,"cards_obtained":["Flechettes"]}],"is_beta":false,"boss_relics":[],"items_purged_floors":[],"is_endless":false,"potions_floor_spawned":[1,2],"killed_by":"Replay:BlueRogue","ascension_level":20}}