{"host":"sygfylmorsvdndbx","time":1612048473,"event":{"mods":["AchievementEnabler","BaseMod","Highlight Path","Minty Spire (QoL Compilation)","Permanent Neow","Quick Restart","Relic Stats"],"gold_per_floor":[113,123,123,141,141,141,37,37,37,63,63,97,97,144,144,239,239,283,283,295,394,283,312,312,326,326,2,43,78,78,119,119,253,253,296,349,223,223,272,307,307,366,366,415,448,458,523,523,523,523,523,523,24,55,55],"floor_reached":56,"language":"ENG","playtime":8276,"items_purged":["Parasite","Worship"],"score":1909,"play_id":"5a3a6ad7-e4e2-4573-ac8c-9665533a3c1e","local_time":"20210130181433","is_ascension_mode":true,"campfire_choices":[{"data":"CutThroughFate","floor":6.0,"key":"SMITH"},{"data":"1","floor":11.0,"key":"LIFT"},{"data":"Wish","floor":13.0,"key":"SMITH"},{"data":"2","floor":15.0,"key":"LIFT"},{"data":"Protect","floor":24.0,"key":"SMITH"},{"data":"3","floor":30,"key":"LIFT"},{"data":"Adaptation","floor":32,"key":"SMITH"},{"data":"Tantrum","floor":41,"key":"SMITH"},{"floor":49,"key":"RECALL"},{"data":"MentalFortress","floor":52,"key":"SMITH"}],"circlet_count":0,"master_deck":["Strike_P+1","Strike_P+1","Strike_P","Strike_P","Defend_P","Defend_P+1","Defend_P","Defend_P","Eruption","Vigilance","SashWhip+1","EmptyFist","CutThroughFate+1","Protect+1","InnerPeace","Wish+1","ThirdEye","WheelKick+1","FlurryOfBlows+1","ClearTheMind+1","CutThroughFate","Tantrum+1","Adaptation+1","Vault","CurseOfTheBell","Wallop+1","MentalFortress+1","JustLucky+1","LikeWater+1","ClearTheMind+1","FlyingSleeves+1","Thinking Ahead+1","Protect+1","Omniscience+1","CutThroughFate+1"],"relics":["Coffee Dripper","Pantograph","Lizard Tail","Girya","Whetstone","SlaversCollar","Bag of Preparation","Pear","Membership Card","Incense Burner","WingedGreaves","Calling Bell","Oddly Smooth Stone","Sundial","Du-Vu Doll","Mango","Lee\u0027s Waffle","Darkstone Periapt","Shuriken","Toxic Egg 2","Blue Candle","Orichalcum","Mummified Hand","Kunai","Centennial Puzzle"],"acts_visited":["Exordium","TheCity","TheBeyond","TheEnding"],"potions_floor_usage":[29,33,44,50,53,55,55],"damage_taken":[{"damage":2.0,"enemies":"Small Slimes","floor":1.0,"turns":4.0},{"damage":11.0,"enemies":"2 Louse","floor":2.0,"turns":2.0},{"damage":0.0,"enemies":"Jaw Worm","floor":4.0,"turns":3.0},{"damage":2.0,"enemies":"Lagavulin","floor":10.0,"turns":6.0},{"damage":2.0,"enemies":"Gremlin Nob","floor":12.0,"turns":3.0},{"damage":11.0,"enemies":"Looter","floor":14.0,"turns":2.0},{"damage":24.0,"enemies":"Hexaghost","floor":16.0,"turns":8.0},{"damage":36.0,"enemies":"3 Byrds","floor":18.0,"turns":9.0},{"damage":5.0,"enemies":"Shell Parasite","floor":20.0,"turns":4.0},{"damage":14.0,"enemies":"Slavers","floor":23.0,"turns":4.0},{"damage":7.0,"enemies":"Centurion and Healer","floor":25.0,"turns":6.0},{"damage":2.0,"enemies":"Snecko","floor":28.0,"turns":3.0},{"damage":0,"enemies":"Book of Stabbing","floor":29,"turns":1},{"damage":0,"enemies":"Snake Plant","floor":31,"turns":3},{"damage":6,"enemies":"Collector","floor":33,"turns":6},{"damage":6,"enemies":"3 Shapes","floor":35,"turns":9},{"damage":0,"enemies":"2 Orb Walkers","floor":36,"turns":3},{"damage":2,"enemies":"3 Darklings","floor":39,"turns":8},{"damage":0,"enemies":"Giant Head","floor":40,"turns":6},{"damage":36,"enemies":"Nemesis","floor":42,"turns":10},{"damage":8,"enemies":"Transient","floor":44,"turns":5},{"damage":0,"enemies":"Reptomancer","floor":45,"turns":4},{"damage":13,"enemies":"Spire Growth","floor":46,"turns":3},{"damage":0,"enemies":"Nemesis","floor":47,"turns":4},{"damage":0,"enemies":"Time Eater","floor":50,"turns":5},{"damage":8,"enemies":"Shield and Spear","floor":54,"turns":6},{"damage":10,"enemies":"The Heart","floor":55,"turns":6}],"seed_played":"-8228648089039014784","potions_obtained":[{"floor":4.0,"key":"LiquidMemories"},{"floor":16.0,"key":"Weak Potion"},{"floor":18.0,"key":"Fire Potion"},{"floor":20.0,"key":"SteroidPotion"},{"floor":28.0,"key":"LiquidMemories"},{"floor":29,"key":"BottledMiracle"},{"floor":36,"key":"SpeedPotion"},{"floor":42,"key":"ColorlessPotion"},{"floor":44,"key":"FearPotion"},{"floor":46,"key":"Swift Potion"}],"is_trial":false,"path_per_floor":["M","M","?","M","?","R","$","?","T","E","R","E","R","M","R","B",null,"M","?","M","?","$","E","R","M","T","$","M","E","R","M","R","B",null,"M","?","$","?","M","E","R","E","T","M","E","M","E","?","R","B",null,"R","$","E","B",null],"character_chosen":"WATCHER","items_purchased":["Protect","Swift Potion","Worship","Membership Card","Incense Burner","Swift Potion","Lee\u0027s Waffle","Mummified Hand","Kunai","Thinking Ahead+1","Fruit Juice","Ambrosia","Protect+1","Omniscience+1"],"campfire_rested":0,"item_purchase_floors":[7,7,22,27,27,27,37,53,53,53,53,53,53,53],"current_hp_per_floor":[63,52,45,45,31,31,31,49,49,47,47,45,45,34,34,35,63,27,27,22,22,22,8,8,1,11,11,9,9,9,9,9,28,66,60,74,100,100,98,98,98,62,62,54,54,41,41,41,41,66,92,92,97,89,95],"gold":55,"neow_bonus":"BOSS_RELIC","is_daily":false,"chose_seed":false,"campfire_upgraded":6,"win_rate":0.0,"timestamp":1612048473,"path_taken":["M","M","?","M","?","R","$","?","T","E","R","E","R","?","R","BOSS","M","?","M","?","$","E","R","M","T","?","?","E","R","M","R","BOSS","M","?","$","?","?","E","R","E","T","M","E","M","E","?","R","BOSS","R","$","E","BOSS"],"items_purchased_type":["Card","Potion","Card","Relic","Relic","Potion","Relic","Relic","Relic","Card","Potion","Potion","Card","Card"],"build_version":"2020-12-22","purchased_purges":2,"victory":true,"max_hp_per_floor":[72,72,72,72,72,72,72,72,72,72,72,72,72,72,72,72,72,72,72,72,72,69,69,69,69,79,79,79,79,79,79,79,79,79,79,93,100,100,100,100,100,100,100,100,100,100,100,100,100,100,100,100,105,105,105],"relic_stats":{"Darkstone Periapt":0,"Lee\u0027s Waffle":26,"counters":[27,133],"Blue Candle":[1],"Bag of Preparation":[34],"Whetstone":["Strike_P","SashWhip"],"Orichalcum":[12],"Lizard Tail":0,"Centennial Puzzle":[3],"Sundial":[6],"Shuriken":[24],"Mummified Hand":[5],"Pantograph":91,"Kunai":[6],"obtain_stats":[{"Darkstone Periapt":38,"Mango":36,"Bag of Preparation":23,"Incense Burner":27,"Whetstone":12,"Lizard Tail":9,"Centennial Puzzle":54,"Sundial":34,"Mummified Hand":53,"Pantograph":3,"WingedGreaves":29,"Kunai":53,"Toxic Egg 2":42,"Girya":10,"Lee\u0027s Waffle":37,"Pear":26,"Blue Candle":45,"Oddly Smooth Stone":34,"Orichalcum":47,"Calling Bell":34,"Du-Vu Doll":34,"SlaversCollar":17,"Shuriken":40,"Coffee Dripper":0,"Membership Card":27,"PureWater":0},{"Darkstone Periapt":17,"Mango":17,"Bag of Preparation":10,"Incense Burner":11,"Whetstone":5,"Lizard Tail":3,"Centennial Puzzle":26,"Sundial":15,"Mummified Hand":25,"Pantograph":2,"WingedGreaves":13,"Kunai":25,"Toxic Egg 2":20,"Girya":4,"Lee\u0027s Waffle":17,"Pear":11,"Blue Candle":22,"Oddly Smooth Stone":15,"Orichalcum":24,"Calling Bell":15,"Du-Vu Doll":15,"SlaversCollar":7,"Shuriken":19,"Coffee Dripper":0,"Membership Card":11,"PureWater":0},{"Darkstone Periapt":76,"Mango":76,"Bag of Preparation":45,"Incense Burner":51,"Whetstone":18,"Lizard Tail":9,"Centennial Puzzle":127,"Sundial":64,"Mummified Hand":121,"Pantograph":6,"WingedGreaves":55,"Kunai":121,"Toxic Egg 2":100,"Girya":15,"Lee\u0027s Waffle":76,"Pear":51,"Blue Candle":109,"Oddly Smooth Stone":64,"Orichalcum":116,"Calling Bell":64,"Du-Vu Doll":64,"SlaversCollar":28,"Shuriken":90,"Coffee Dripper":0,"Membership Card":51,"PureWater":0}]},"card_choices":[{"not_picked":["Crescendo","Weave"],"picked":"SashWhip","floor":1.0},{"not_picked":["FlurryOfBlows","Halt"],"picked":"EmptyFist","floor":2.0},{"not_picked":["Evaluate","Consecrate"],"picked":"CutThroughFate","floor":4.0},{"not_picked":["Evaluate","EmptyBody"],"picked":"InnerPeace","floor":10.0},{"not_picked":["SashWhip","Consecrate"],"picked":"Wish","floor":12.0},{"not_picked":["Halt","Pray"],"picked":"ThirdEye","floor":14.0},{"not_picked":["Brilliance","MasterReality"],"picked":"Scrawl","floor":16.0},{"not_picked":["SashWhip","EmptyFist"],"picked":"WheelKick+1","floor":18.0},{"not_picked":["WreathOfFlame","Halt"],"picked":"FlurryOfBlows+1","floor":20.0},{"not_picked":["Evaluate","JustLucky"],"picked":"ClearTheMind+1","floor":23.0},{"not_picked":["Indignation","Sanctity"],"picked":"CutThroughFate","floor":25.0},{"not_picked":["CarveReality","FearNoEvil"],"picked":"Tantrum","floor":28.0},{"not_picked":["ForeignInfluence","PathToVictory","WreathOfFlame"],"picked":"SKIP","floor":29},{"not_picked":["Prostrate+1","WaveOfTheHand"],"picked":"Adaptation","floor":31},{"not_picked":["LessonLearned","DeusExMachina"],"picked":"Vault","floor":33},{"not_picked":["Crescendo","Protect"],"picked":"Wallop+1","floor":35},{"not_picked":["Study+1","PathToVictory+1"],"picked":"MentalFortress","floor":36},{"not_picked":["SignatureMove+1","EmptyFist","FollowUp"],"picked":"SKIP","floor":39},{"not_picked":["Conclude+1","Judgement"],"picked":"JustLucky+1","floor":40},{"not_picked":["WreathOfFlame+1","Weave+1"],"picked":"LikeWater+1","floor":42},{"not_picked":["CarveReality","Wallop"],"picked":"ClearTheMind+1","floor":44},{"not_picked":["SandsOfTime","Judgement+1","SashWhip+1"],"picked":"SKIP","floor":45},{"not_picked":["Perseverance+1","MentalFortress","ForeignInfluence+1"],"picked":"SKIP","floor":46},{"not_picked":["JustLucky","Consecrate"],"picked":"FlyingSleeves+1","floor":47},{"not_picked":["EmptyFist","Worship+1"],"picked":"CutThroughFate+1","floor":54}],"player_experience":364764,"relics_obtained":[{"floor":9.0,"key":"Lizard Tail"},{"floor":10.0,"key":"Girya"},{"floor":12.0,"key":"Whetstone"},{"floor":23.0,"key":"Bag of Preparation"},{"floor":26.0,"key":"Pear"},{"floor":29,"key":"WingedGreaves"},{"floor":34,"key":"Oddly Smooth Stone"},{"floor":34,"key":"Sundial"},{"floor":34,"key":"Du-Vu Doll"},{"floor":36,"key":"Mango"},{"floor":40,"key":"Shuriken"},{"floor":42,"key":"Toxic Egg 2"},{"floor":45,"key":"Blue Candle"},{"floor":47,"key":"Orichalcum"},{"floor":54,"key":"Centennial Puzzle"}],"event_choices":[{"damage_healed":0.0,"max_hp_gain":0.0,"max_hp_loss":0.0,"gold_gain":0.0,"event_name":"Scrap Ooze","player_choice":"Success","floor":3.0,"gold_loss":0.0,"damage_taken":7.0,"relics_obtained":["Pantograph"]},{"damage_healed":0.0,"max_hp_gain":0.0,"max_hp_loss":0.0,"gold_gain":0.0,"event_name":"Shining Light","player_choice":"Entered Light","floor":5.0,"gold_loss":0.0,"damage_taken":14.0,"cards_upgraded":["Defend_P","Strike_P"]},{"damage_healed":18.0,"max_hp_gain":0.0,"max_hp_loss":0.0,"gold_gain":0.0,"event_name":"Mushrooms","player_choice":"Healed and dodged fight","floor":8.0,"gold_loss":0.0,"damage_taken":0.0,"cards_obtained":["Parasite"]},{"damage_healed":0.0,"max_hp_gain":0.0,"max_hp_loss":0.0,"gold_gain":0.0,"event_name":"Cursed Tome","player_choice":"Ignored","floor":19.0,"gold_loss":0.0,"damage_taken":0.0},{"damage_healed":0.0,"max_hp_gain":0.0,"max_hp_loss":0.0,"gold_gain":99.0,"event_name":"Nest","player_choice":"Stole From Cult","floor":21.0,"gold_loss":0.0,"damage_taken":0.0},{"damage_healed":0,"gold_gain":0,"player_choice":"Fight","damage_taken":0,"max_hp_gain":0,"max_hp_loss":0,"event_name":"Mysterious Sphere","floor":36,"gold_loss":0},{"cards_removed":["Scrawl"],"damage_healed":0,"gold_gain":0,"player_choice":"Gave Card","damage_taken":0,"relics_obtained":["Darkstone Periapt"],"max_hp_gain":0,"max_hp_loss":0,"event_name":"WeMeetAgain","floor":38,"gold_loss":0},{"damage_healed":0,"gold_gain":0,"player_choice":"Ignored","damage_taken":0,"max_hp_gain":0,"max_hp_loss":0,"event_name":"Tomb of Lord Red Mask","floor":48,"gold_loss":0}],"is_beta":false,"boss_relics":[{"not_picked":["Busted Crown","Fusion Hammer"],"picked":"SlaversCollar"},{"not_picked":["SacredBark","Philosopher\u0027s Stone"],"picked":"Calling Bell"}],"items_purged_floors":[22,37],"is_endless":false,"potions_floor_spawned":[4,16,18,20,28,29,36,42,44,46],"ascension_level":6}}