{"host":"2ixd8xwebcm7gar8","time":1612037234,"event":{"mods":["AchievementEnabler","Act Like it!","Arknights","BaseMod","Beaked The Cultist","Conspire","Defuse TimeMaze Blight","Downfall","Googly Eyes","Hallownest","Hermit","Hubris","Infinite Spire","Minty Spire (QoL Compilation)","Replay The Spire","Robot Space Explorer","Shop Mod","StSLib","The Bug Knight","The Cursed","The Marked","Waifu the Spire"],"gold_per_floor":[118,39,53,53,29,29,29,29,108,135,135,135,135,151,151,247,247,263,192,653,313,332,332,332,332,332,332,332,287,339,381,381,381,381],"floor_reached":33,"language":"ENG","playtime":1622,"items_purged":[],"score":237,"play_id":"0c284209-ca78-4e4d-9e38-d84952e6e164","local_time":"20210130120714","daily_mods":["Heirloom","Time Dilation","Flight"],"is_ascension_mode":false,"campfire_choices":[{"data":"theMarked:Improvise","floor":6,"key":"SMITH"},{"data":"theMarked:Improvise","floor":8,"key":"SMITH"},{"data":"theMarked:Opportunist","floor":11,"key":"SMITH"},{"data":"theMarked:Opportunist","floor":12,"key":"SMITH"},{"data":"theMarked:Opportunist","floor":13,"key":"SMITH"},{"floor":15,"key":"REST"},{"data":"theMarked:ElectricStrings","floor":23,"key":"SMITH"},{"data":"theMarked:GodGivenPower","floor":24,"key":"SMITH"},{"data":"theMarked:RogueSparks","floor":25,"key":"SMITH"},{"floor":32,"key":"REST"}],"circlet_count":0,"master_deck":["theMarked:Strike","theMarked:Strike","theMarked:Strike","theMarked:Strike","theMarked:Strike","theMarked:Defend","theMarked:Defend","theMarked:Defend","theMarked:Defend","theMarked:SoldierOfQuellstein","theMarked:Opportunist+1","theMarked:Opportunist+1","theMarked:Improvise+1","theMarked:Improvise+1","theMarked:Opportunist+1","theMarked:Levitate+1","theMarked:ElectricStrings+1","theMarked:GodGivenPower+1","theMarked:RogueSparks+1","Finesse","theMarked:Challenge"],"relics":["theMarked:ArtifactOfAir","Hallownest:DreamNailRelic","ReplayTheSpireMod:Shallot","conspire:TopHat","Runic Pyramid","Replay:Rubber Ducky","Art of War","Smiling Mask","ReplayTheSpireMod:ShopPack","Nunchaku"],"acts_visited":["Hallownest:Greenpath","Hallownest:CityofTears"],"potions_floor_usage":[14,33],"damage_taken":[{"damage":1,"enemies":"2_ Uuma","floor":1,"turns":7},{"damage":12,"enemies":"Hallownest:2_Tiktiks_and_1_Crawlid","floor":3,"turns":5},{"damage":5,"enemies":"Hallownest:eliteCrystalGuardian","floor":10,"turns":4},{"damage":5,"enemies":"Hallownest:monsterHuskWarrior","floor":14,"turns":2},{"damage":61,"enemies":"Hallownest:BossHornet","floor":16,"turns":8},{"damage":7,"enemies":"Hallownest:3_Youths","floor":18,"turns":9},{"damage":0,"enemies":"Hallownest:2_Mistakes","floor":22,"turns":4},{"damage":7,"enemies":"Hallownest:Glutton_and_Coward","floor":30,"turns":5},{"damage":34,"enemies":"conspire:MimicChest","floor":31,"turns":9},{"damage":46,"enemies":"Hallownest:BossMantisLord","floor":33,"turns":6}],"seed_played":"-3021167912400105071","potions_obtained":[{"floor":1,"key":"Fire Potion"},{"floor":16,"key":"SteroidPotion"},{"floor":22,"key":"Dexterity Potion"}],"is_trial":true,"path_per_floor":["M","$","M","?","$","R","$","R","T","E","R","R","R","M","R","B",null,"M","$","?","$","M","R","R","R","T","?","AVR","?","M","?","R","B"],"character_chosen":"THE_DEFAULT","items_purchased":["theMarked:Opportunist","theMarked:Improvise","theMarked:GodGivenPower","theMarked:RogueSparks","Replay:Rubber Ducky","Art of War"],"campfire_rested":2,"item_purchase_floors":[2,5,19,21,21,21],"current_hp_per_floor":[69,69,57,57,57,57,57,57,57,52,52,52,52,47,68,7,70,63,63,63,63,63,63,63,63,63,63,63,63,56,22,43,0,0],"gold":381,"neow_bonus":"","is_daily":false,"chose_seed":false,"campfire_upgraded":8,"win_rate":0.0,"timestamp":1612037234,"path_taken":["M","$","?","?","$","R","?","R","T","E","R","R","R","M","R","BOSS","M","$","?","$","?","R","R","R","T","?","AVR","?","?","?","R","BOSS"],"items_purchased_type":["Card","Card","Card","Card","Relic","Relic"],"build_version":"2020-12-22","purchased_purges":0,"victory":false,"max_hp_per_floor":[70,70,70,70,70,70,70,70,70,70,70,70,70,70,70,70,70,70,70,70,70,70,70,70,70,70,70,70,70,70,70,70,70,70],"card_choices":[{"not_picked":["theMarked:TwofoldDefense","theMarked:WardOff"],"picked":"theMarked:Opportunist","floor":1},{"not_picked":["theMarked:Reabsorb","theMarked:RepellingDischarge"],"picked":"theMarked:Improvise","floor":3},{"not_picked":["theMarked:MagusForm","theMarked:Improvise"],"picked":"theMarked:Opportunist","floor":10},{"not_picked":["theMarked:Frustration","theMarked:TunnelVision","theMarked:SwordAndMagic"],"picked":"SKIP","floor":14},{"not_picked":["theMarked:MagusForm","theMarked:SuspiciousRaven"],"picked":"theMarked:Levitate","floor":16},{"not_picked":["theMarked:Aftermath","theMarked:WardOff"],"picked":"theMarked:ElectricStrings","floor":18},{"not_picked":["theMarked:Seal","theMarked:Improvise","theMarked:Memento"],"picked":"SKIP","floor":22},{"not_picked":["Panacea","Madness"],"picked":"Finesse","floor":28},{"not_picked":["theMarked:Parkour+1","theMarked:TakeCover"],"picked":"theMarked:Challenge","floor":30}],"player_experience":640843,"relics_obtained":[{"floor":9,"key":"ReplayTheSpireMod:Shallot"},{"floor":10,"key":"conspire:TopHat"},{"floor":26,"key":"Smiling Mask"},{"floor":31,"key":"Nunchaku"}],"event_choices":[],"is_beta":false,"boss_relics":[{"not_picked":["conspire:SlowCooker","conspire:RoyalGoblet"],"picked":"Runic Pyramid"}],"items_purged_floors":[],"is_endless":false,"potions_floor_spawned":[1,16,22],"killed_by":"Hallownest:BossMantisLord","ascension_level":0}}