{"host":"yqkaigvm5ejtkgd3","time":1612043080,"event":{"mods":["AlwaysNeverKeys","Aspiration","BaseMod","BetterRewards","Colored Powertips","Conspire","Custom Start","Defuse TimeMaze Blight","Energized Spire","GifTheSpireLib","Minty Spire (QoL Compilation)","Permanent Neow","Reliquary","Replay The Spire","Reworked Bosses","SacredBarkPlus","Shop Mod","StSLib","The Forsaken","The IronCluck","Transform Curses"],"gold_per_floor":[119,48,48,223,240,272,347,377,377,49,68,99,99,174,174,269,269,287,287,287,306,306],"floor_reached":21,"language":"ENG","playtime":1786,"items_purged":["Doubt"],"score":231,"play_id":"9464786a-11ab-4b45-ac7b-ca0badd9b77d","local_time":"20210130224440","is_ascension_mode":true,"campfire_choices":[],"circlet_count":0,"master_deck":["Strike_R","Strike_R","Strike_R","Strike_R","Defend_R","Defend_R","Defend_R","Defend_R","Inflame","Warcry","Metallicize","Flex","Pommel Strike","Thunderclap","Regret","Limit Break","Inflame+1","Headbutt+1"],"relics":["Burning Blood","Tiny Chest","Iron Hammer","theForsaken:ScaryMask","Regal Pillow","Chameleon Ring","Ornamental Fan","aspiration:SeaSaltIceCream","Burning Blood","CaptainsWheel","Black Star","reliquary:FeatherDuster"],"acts_visited":["Exordium","TheCity"],"potions_floor_usage":[21],"damage_taken":[{"damage":6.0,"enemies":"Cultist","floor":1.0,"turns":3.0},{"damage":6.0,"enemies":"conspire:RoseBush","floor":5.0,"turns":6.0},{"damage":47.0,"enemies":"3 Sentries","floor":6.0,"turns":12.0},{"damage":2.0,"enemies":"Replay:BlueRogue","floor":8.0,"turns":6.0},{"damage":0.0,"enemies":"Jaw Worm","floor":11.0,"turns":6.0},{"damage":10.0,"enemies":"Gremlin Nob","floor":12.0,"turns":1.0},{"damage":45.0,"enemies":"Fading Forest","floor":16.0,"turns":11.0},{"damage":22,"enemies":"Spheric Guardian","floor":18,"turns":7},{"damage":7,"enemies":"Shell Parasite","floor":21,"turns":5}],"seed_played":"-7929782388100564299","potions_obtained":[{"floor":8.0,"key":"Reflective Coating"},{"floor":11.0,"key":"Death Potion"},{"floor":15.0,"key":"BloodPotion"},{"floor":15.0,"key":"Flashbang"},{"floor":18,"key":"Block Potion"},{"floor":21,"key":"Swift Potion"}],"is_trial":false,"path_per_floor":["M","$","?","?","M","E","T","E","T","$","M","E","?","?","R","B",null,"M","T","PTL","M"],"character_chosen":"IRONCLAD","items_purchased":["Inflame","Ornamental Fan"],"campfire_rested":0,"item_purchase_floors":[2,10],"current_hp_per_floor":[80,80,73,73,73,32,32,36,36,36,42,38,38,27,27,14,80,70,70,70,75,75],"gold":306,"neow_bonus":"RANDOM_COMMON_RELIC","is_daily":false,"chose_seed":false,"campfire_upgraded":0,"win_rate":0.0,"timestamp":1612043080,"path_taken":["M","?","?","?","M","E","?","E","T","$","?","E","?","?","R","BOSS","M","?","PTL","PTL","M"],"items_purchased_type":["Card","Relic"],"build_version":"2020-12-22","purchased_purges":1,"victory":false,"max_hp_per_floor":[80,80,80,80,80,80,80,80,80,80,80,80,80,80,80,80,80,80,80,80,80,80],"card_choices":[{"not_picked":["Perfected Strike","Replay:Undeath\u0027s Touch"],"picked":"Warcry","floor":1.0},{"not_picked":["True Grit","Perfected Strike"],"picked":"Warcry","floor":5.0},{"not_picked":["Cleave","Anger"],"picked":"Metallicize","floor":6.0},{"not_picked":["Entrench","conspire:Purge"],"picked":"Flex","floor":8.0},{"not_picked":["Cleave","Bloodletting"],"picked":"Pommel Strike","floor":11.0},{"not_picked":["Clash","Reckless Charge"],"picked":"Thunderclap","floor":12.0},{"not_picked":["Bludgeon","conspire:HitWhereItHurts"],"picked":"Limit Break","floor":16.0},{"not_picked":["Cleave","Clash+1"],"picked":"Inflame+1","floor":18},{"not_picked":["Clothesline","Disarm"],"picked":"Headbutt+1","floor":21}],"player_experience":311129,"relics_obtained":[{"floor":6.0,"key":"Iron Hammer"},{"floor":7.0,"key":"theForsaken:ScaryMask"},{"floor":8.0,"key":"Regal Pillow"},{"floor":9.0,"key":"Chameleon Ring"},{"floor":12.0,"key":"aspiration:SeaSaltIceCream"},{"floor":19,"key":"reliquary:FeatherDuster"}],"event_choices":[{"cards_removed":["Strike_R"],"damage_healed":0.0,"max_hp_gain":0.0,"max_hp_loss":0.0,"gold_gain":0.0,"event_name":"Golden Wing","player_choice":"Card Removal","floor":3.0,"gold_loss":0.0,"damage_taken":7.0},{"damage_healed":0.0,"max_hp_gain":0.0,"max_hp_loss":0.0,"gold_gain":175.0,"event_name":"Liars Game","player_choice":"AGREE","floor":4.0,"gold_loss":0.0,"damage_taken":0.0,"cards_obtained":["Doubt"]},{"damage_healed":0.0,"max_hp_gain":0.0,"max_hp_loss":0.0,"gold_gain":0.0,"event_name":"Big Fish","player_choice":"Box","floor":13.0,"gold_loss":0.0,"damage_taken":0.0,"relics_obtained":["CaptainsWheel"],"cards_obtained":["Regret"]},{"damage_healed":0.0,"max_hp_gain":0.0,"max_hp_loss":0.0,"gold_gain":75.0,"event_name":"World of Goop","player_choice":"Gather Gold","floor":14.0,"gold_loss":0.0,"damage_taken":11.0}],"is_beta":false,"boss_relics":[{"not_picked":["Replay:Bronze Core","reliquary:RedCape"],"picked":"Black Star"}],"items_purged_floors":[10],"is_endless":false,"potions_floor_spawned":[8,11,18,21],"killed_by":"Shell Parasite","ascension_level":1}}