{"host":"v711dtdb46xe9u7l","time":1612028017,"event":{"mods":["BaseMod","Highlight Path","Minty Spire (QoL Compilation)","Quick Restart","StSLib"],"gold_per_floor":[119,119,294,10,27,61,61,87,155,18,45,62,62,12,12,113,113,123,46,46,56,56,76,76,76,76],"floor_reached":25,"language":"ENG","playtime":956,"items_purged":["Doubt"],"score":387,"play_id":"12bb1645-d13b-4899-9833-d7b97d22ebf1","local_time":"20210130173337","is_ascension_mode":true,"campfire_choices":[{"data":"Fire Breathing","floor":7.0,"key":"SMITH"},{"data":"Dark Embrace","floor":13,"key":"SMITH"},{"data":"True Grit","floor":15,"key":"SMITH"},{"data":"Exhume","floor":24,"key":"SMITH"}],"circlet_count":0,"master_deck":["AscendersBane","Strike_R","Strike_R","Defend_R","Defend_R","Defend_R","Defend_R+1","Bash","Pommel Strike","Evolve+1","Shrug It Off","Sword Boomerang","Wild Strike","Fire Breathing+1","Feel No Pain","Immolate","Dark Embrace+1","Ghostly Armor","Spot Weakness","True Grit+1","Exhume+1","Dual Wield","Armaments","Combust","Immolate","Warcry","Shame"],"relics":["Burning Blood","Membership Card","Pen Nib","Torii","Orichalcum","Runic Pyramid","Ancient Tea Set"],"acts_visited":["Exordium","TheCity"],"potions_floor_usage":[11,18,21,21,25],"damage_taken":[{"damage":1.0,"enemies":"Cultist","floor":1.0,"turns":3.0},{"damage":4.0,"enemies":"Jaw Worm","floor":5.0,"turns":3.0},{"damage":0.0,"enemies":"Gremlin Nob","floor":6.0,"turns":2.0},{"damage":25.0,"enemies":"3 Sentries","floor":8.0,"turns":4.0},{"damage":8,"enemies":"Gremlin Nob","floor":11,"turns":3},{"damage":0,"enemies":"Small Slimes","floor":12,"turns":1},{"damage":22,"enemies":"Hexaghost","floor":16,"turns":9},{"damage":0,"enemies":"Chosen","floor":18,"turns":6},{"damage":14,"enemies":"2 Thieves","floor":21,"turns":4},{"damage":16,"enemies":"Chosen and Byrds","floor":23,"turns":6},{"damage":74,"enemies":"Slavers","floor":25,"turns":4}],"seed_played":"572325117653395303","potions_obtained":[{"floor":1.0,"key":"AttackPotion"},{"floor":11,"key":"EntropicBrew"},{"floor":21,"key":"BloodPotion"}],"is_trial":false,"path_per_floor":["M","?","?","$","M","E","R","E","T","$","E","M","R","?","R","B",null,"M","$","?","M","?","M","R","E"],"character_chosen":"IRONCLAD","items_purchased":["Membership Card","Shrug It Off","Sword Boomerang","Strength Potion","Immolate","Dark Embrace","Ghostly Armor","Armaments","EntropicBrew"],"campfire_rested":0,"item_purchase_floors":[4,4,4,4,10,10,10,19,19],"current_hp_per_floor":[77,61,61,61,63,69,69,50,50,50,48,54,54,54,54,38,70,76,76,76,68,68,58,58,0,0],"gold":76,"neow_bonus":"THREE_CARDS","is_daily":false,"chose_seed":false,"campfire_upgraded":4,"win_rate":0.0,"timestamp":1612028017,"path_taken":["M","?","?","$","M","E","R","E","T","$","E","M","R","?","R","BOSS","M","$","?","M","?","M","R","E"],"items_purchased_type":["Relic","Card","Card","Potion","Card","Card","Card","Card","Potion"],"build_version":"2020-12-22","purchased_purges":1,"victory":false,"max_hp_per_floor":[80,80,80,80,80,80,80,80,80,80,80,80,80,80,80,80,80,80,80,80,80,80,80,80,80,80],"card_choices":[{"not_picked":["Headbutt","Dropkick"],"picked":"Pommel Strike","floor":0.0},{"not_picked":["Thunderclap","Flex"],"picked":"Evolve","floor":1.0},{"not_picked":["Thunderclap","Pommel Strike"],"picked":"Wild Strike","floor":5.0},{"not_picked":["True Grit","Clash"],"picked":"Fire Breathing","floor":6.0},{"not_picked":["Entrench","Fiend Fire"],"picked":"Feel No Pain","floor":8.0},{"not_picked":["Iron Wave","Anger"],"picked":"Spot Weakness","floor":11},{"not_picked":["Evolve","Sword Boomerang"],"picked":"True Grit","floor":12},{"not_picked":["Bludgeon","Feed"],"picked":"Exhume","floor":16},{"not_picked":["True Grit","Ghostly Armor"],"picked":"Dual Wield","floor":18},{"not_picked":["Cleave","Entrench"],"picked":"Warcry","floor":21},{"not_picked":["Havoc","Headbutt","Heavy Blade"],"picked":"SKIP","floor":23}],"player_experience":420740,"relics_obtained":[{"floor":6.0,"key":"Pen Nib"},{"floor":8.0,"key":"Torii"},{"floor":11,"key":"Orichalcum"}],"event_choices":[{"damage_healed":0.0,"max_hp_gain":0.0,"max_hp_loss":0.0,"gold_gain":0.0,"event_name":"Shining Light","player_choice":"Entered Light","floor":2.0,"gold_loss":0.0,"damage_taken":16.0,"cards_upgraded":["Evolve","Defend_R"]},{"damage_healed":0.0,"max_hp_gain":0.0,"max_hp_loss":0.0,"gold_gain":175.0,"event_name":"Liars Game","player_choice":"AGREE","floor":3.0,"gold_loss":0.0,"damage_taken":0.0,"cards_obtained":["Doubt"]},{"cards_removed":["Strike_R"],"damage_healed":0,"gold_gain":0,"player_choice":"Card Removal","damage_taken":0,"max_hp_gain":0,"max_hp_loss":0,"event_name":"The Cleric","floor":14,"gold_loss":50},{"damage_healed":0,"gold_gain":0,"cards_transformed":["Strike_R","Strike_R"],"player_choice":"Became Test Subject","damage_taken":0,"max_hp_gain":0,"max_hp_loss":0,"event_name":"Drug Dealer","floor":20,"gold_loss":0,"cards_obtained":["Combust","Immolate"]},{"damage_healed":0,"gold_gain":0,"player_choice":"Stole Relic","damage_taken":0,"relics_obtained":["Ancient Tea Set"],"max_hp_gain":0,"max_hp_loss":0,"event_name":"Addict","floor":22,"gold_loss":0,"cards_obtained":["Shame"]}],"is_beta":false,"boss_relics":[{"not_picked":["Coffee Dripper","SlaversCollar"],"picked":"Runic Pyramid"}],"items_purged_floors":[4],"is_endless":false,"potions_floor_spawned":[1,5,11,21],"killed_by":"Slavers","ascension_level":12}}