{"host":"yqkaigvm5ejtkgd3","time":1612048507,"event":{"mods":["AlwaysNeverKeys","Aspiration","BaseMod","BetterRewards","Colored Powertips","Conspire","Custom Start","Defuse TimeMaze Blight","Energized Spire","GifTheSpireLib","Minty Spire (QoL Compilation)","Permanent Neow","Reliquary","Replay The Spire","Reworked Bosses","SacredBarkPlus","Shop Mod","StSLib","The Forsaken","The IronCluck","Transform Curses"],"gold_per_floor":[369,389,2,2,20,52,62,94,118,118,175,175,200,84,84,185,185,198,208,77,88,114,149,149,181,205,205,205,205,246,261,261,362,362,382,396,396,396,411,438,438,463,489,489,515,515,529,529,529,529],"floor_reached":49,"language":"ENG","playtime":4303,"items_purged":["Regret"],"score":709,"play_id":"2a2f5119-594b-45a2-b116-41078fe4ad35","local_time":"20210131001507","is_ascension_mode":true,"campfire_choices":[{"data":"Armaments","floor":10.0,"key":"SMITH"},{"data":"Metallicize","floor":15.0,"key":"SMITH"},{"data":"Limit Break","floor":24.0,"key":"SMITH"},{"data":"Offering","floor":28.0,"key":"SMITH"}],"circlet_count":1,"master_deck":["Strike_R","Strike_R","Strike_R","Strike_R","Defend_R","Defend_R","Pommel Strike","Armaments+1","Poisoned Strike+1","Shrug It Off","Atom Bomb","Outmaneuver","Expertise","Replay:Undeath\u0027s Touch","Metallicize+1","Twin Strike","Offering+1","Replay:Undeath\u0027s Touch","Flame Barrier","Limit Break+1","Warcry+1","Headbutt","Twin Strike","Headbutt","ReplayTheSpireMod:Limb From Limb","Inflame+1","Rage+1","Infernal Blade","Flex","Blood for Blood","Feed","ReplayTheSpireMod:LeadingStrike+1","Sword Boomerang","Pommel Strike+1","ReplayTheSpireMod:Corrosion Curse+1","Heavy Blade","Thunderclap+1","Pommel Strike+1","Madness","Madness","Hemogenesis"],"relics":["Burning Blood","Ancient Tea Set","Replay:Kaleidoscope","reliquary:PartyBalloon","reliquary:ExpiredCoupon","theForsaken:Lifeblossom","Meat on the Bone","StoneCalendar","reliquary:TatteredRug","energizedSpire:EnergizedDie","reliquary:Knoch","Red Mask","Circlet","Replay:WaspNest","reliquary:Buckler","aspiration:Lifesprig","ReplayTheSpireMod:Spearhead","Philosopher\u0027s Stone","ReplayTheSpireMod:TigerMarble","Self Forming Clay","PreservedInsect","Potion Belt","InkBottle"],"acts_visited":["Exordium","TheCity","TheBeyond"],"potions_floor_usage":[44],"damage_taken":[{"damage":10.0,"enemies":"Jaw Worm","floor":1.0,"turns":5.0},{"damage":1.0,"enemies":"Cultist","floor":2.0,"turns":4.0},{"damage":2.0,"enemies":"conspire:RoseBush","floor":5.0,"turns":3.0},{"damage":19.0,"enemies":"3 Sentries","floor":6.0,"turns":7.0},{"damage":0.0,"enemies":"conspire:2 RoseBushes","floor":7.0,"turns":6.0},{"damage":25.0,"enemies":"Gremlin Nob","floor":8.0,"turns":5.0},{"damage":4.0,"enemies":"Gremlin Nob","floor":11.0,"turns":2.0},{"damage":15.0,"enemies":"Replay:BlueRogue","floor":13.0,"turns":6.0},{"damage":40.0,"enemies":"Hexaghost","floor":16.0,"turns":7.0},{"damage":16.0,"enemies":"2 Thieves","floor":18.0,"turns":3.0},{"damage":5.0,"enemies":"3 Byrds","floor":19.0,"turns":3.0},{"damage":7.0,"enemies":"conspire:HollyBat","floor":21.0,"turns":5.0},{"damage":13.0,"enemies":"Masked Bandits","floor":22.0,"turns":3.0},{"damage":29.0,"enemies":"Slavers","floor":23.0,"turns":4.0},{"damage":15.0,"enemies":"Book of Stabbing","floor":25.0,"turns":4.0},{"damage":18.0,"enemies":"Gremlin Leader","floor":27.0,"turns":3.0},{"damage":24.0,"enemies":"conspire:MimicChest","floor":30.0,"turns":4.0},{"damage":6.0,"enemies":"Snecko","floor":31.0,"turns":2.0},{"damage":48.0,"enemies":"bossMod:newCollector","floor":33.0,"turns":5.0},{"damage":17.0,"enemies":"3 Darklings","floor":35.0,"turns":4.0},{"damage":10.0,"enemies":"Orb Walker","floor":36.0,"turns":4.0},{"damage":6.0,"enemies":"Jaw Worm Horde","floor":38.0,"turns":2.0},{"damage":22.0,"enemies":"Maw","floor":39.0,"turns":5.0},{"damage":36,"enemies":"Reptomancer","floor":40,"turns":4},{"damage":24,"enemies":"Nemesis","floor":42,"turns":3},{"damage":16,"enemies":"Transient","floor":44,"turns":5},{"damage":22,"enemies":"Reptomancer","floor":45,"turns":4},{"damage":0,"enemies":"Spire Growth","floor":47,"turns":2},{"damage":0,"enemies":"Writhing Mass","floor":49,"turns":1}],"seed_played":"5338185151975089011","potions_obtained":[{"floor":2.0,"key":"Toxic Potion"},{"floor":11.0,"key":"Explosive Potion"},{"floor":13.0,"key":"PowerPotion"},{"floor":19.0,"key":"Reflective Coating"},{"floor":23.0,"key":"EssenceOfSteel"},{"floor":27.0,"key":"ColorlessPotion"},{"floor":30.0,"key":"Energy Potion"},{"floor":31.0,"key":"HeartOfIron"},{"floor":40,"key":"Venom Potion"}],"is_trial":false,"path_per_floor":["M","M","$","?","M","E","M","E","T","R","?","?","E","$","R","B",null,"M","M","$","M","?","E","R","E","T","E","R","?","?","M","R","B",null,"M","M","?","M","M","E","T","E","T","M","E","?","M","PTL","M"],"character_chosen":"IRONCLAD","items_purchased":["Ancient Tea Set","Poisoned Strike","Shrug It Off","reliquary:TatteredRug","reliquary:Knoch","Headbutt"],"campfire_rested":0,"item_purchase_floors":[3,3,3,14,20,20],"current_hp_per_floor":[68,72,72,72,72,59,65,46,46,46,51,51,48,48,48,32,72,64,70,70,71,67,50,50,47,47,52,52,52,52,55,55,31,72,67,69,69,74,59,47,47,47,47,55,45,36,48,48,51,51],"gold":529,"neow_bonus":"TWO_FIFTY_GOLD","is_daily":false,"chose_seed":false,"campfire_upgraded":4,"win_rate":0.0,"timestamp":1612048507,"path_taken":["M","M","$","?","?","E","M","E","T","R","?","?","E","$","R","BOSS","M","M","$","M","?","E","R","E","T","E","R","?","?","M","R","BOSS","M","M","?","M","?","E","?","E","T","M","E","?","M","PTL","M"],"items_purchased_type":["Relic","Card","Card","Relic","Relic","Card"],"build_version":"2020-12-22","purchased_purges":1,"victory":false,"max_hp_per_floor":[72,72,72,72,72,72,72,72,72,72,72,72,72,72,72,72,72,72,72,72,72,72,72,72,72,72,72,72,72,72,72,72,72,72,75,75,75,75,75,75,75,75,75,75,75,75,78,78,78,78],"card_choices":[{"not_picked":["Iron Wave","Twin Strike"],"picked":"Pommel Strike","floor":1.0},{"not_picked":["conspire:HitWhereItHurts","Thunderclap"],"picked":"Armaments","floor":2.0},{"not_picked":["True Grit","Havoc"],"picked":"Replay:Undeath\u0027s Touch","floor":5.0},{"not_picked":["Entrench","Body Slam"],"picked":"Metallicize","floor":6.0},{"not_picked":["Anger","Blood for Blood"],"picked":"Twin Strike","floor":7.0},{"not_picked":["conspire:ExplosiveBarrier","Cleave"],"picked":"Offering","floor":8.0},{"not_picked":["Defy Death","Run Through"],"picked":"Replay:Undeath\u0027s Touch","floor":11.0},{"not_picked":["Shrug It Off","Iron Wave"],"picked":"Flame Barrier","floor":13.0},{"not_picked":["conspire:Purge","Barricade"],"picked":"Limit Break","floor":16.0},{"not_picked":["Searing Blow","Anger"],"picked":"Warcry+1","floor":18.0},{"not_picked":["Clash","Power Through","Wild Strike+1"],"picked":"SKIP","floor":19.0},{"not_picked":["Anger","Armaments"],"picked":"Twin Strike","floor":21.0},{"not_picked":["Clothesline","Havoc"],"picked":"Headbutt","floor":22.0},{"not_picked":["Pummel","Fiend Fire"],"picked":"ReplayTheSpireMod:Limb From Limb","floor":23.0},{"not_picked":["Clash","Run Through"],"picked":"Inflame","floor":25.0},{"not_picked":["Feel No Pain","Hemokinesis"],"picked":"Rage+1","floor":27.0},{"not_picked":["Shockwave","Replay:Undeath\u0027s Touch+1"],"picked":"Infernal Blade","floor":30.0},{"not_picked":["Pummel+1","Intimidate"],"picked":"Flex","floor":31.0},{"not_picked":["Corruption","Replay:Many Hands"],"picked":"Feed","floor":33.0},{"not_picked":["Warcry","Twin Strike+1"],"picked":"ReplayTheSpireMod:LeadingStrike+1","floor":35.0},{"not_picked":["Armaments+1","Dropkick"],"picked":"Sword Boomerang","floor":36.0},{"not_picked":["Havoc+1","Massacre+1","Run Through"],"picked":"SKIP","floor":38.0},{"not_picked":["Ghostly Armor","Havoc"],"picked":"Pommel Strike+1","floor":39.0},{"not_picked":["Fire Breathing+1","Body Slam"],"picked":"ReplayTheSpireMod:Corrosion Curse+1","floor":40},{"not_picked":["Clothesline","Perfected Strike"],"picked":"Heavy Blade","floor":42},{"not_picked":["Iron Wave+1","Warcry"],"picked":"Thunderclap+1","floor":44},{"not_picked":["Sever Soul","Entrench+1"],"picked":"Pommel Strike+1","floor":45},{"not_picked":["Run Through+1","Body Slam"],"picked":"Hemogenesis","floor":47}],"player_experience":312915,"relics_obtained":[{"floor":6.0,"key":"Replay:Kaleidoscope"},{"floor":8.0,"key":"reliquary:PartyBalloon"},{"floor":9.0,"key":"reliquary:ExpiredCoupon"},{"floor":13.0,"key":"StoneCalendar"},{"floor":22.0,"key":"Red Mask"},{"floor":23.0,"key":"Dead Branch"},{"floor":25.0,"key":"Replay:WaspNest"},{"floor":26.0,"key":"reliquary:Buckler"},{"floor":27.0,"key":"aspiration:Lifesprig"},{"floor":30.0,"key":"ReplayTheSpireMod:Spearhead"},{"floor":40,"key":"ReplayTheSpireMod:TigerMarble"},{"floor":41,"key":"Self Forming Clay"},{"floor":42,"key":"PreservedInsect"},{"floor":43,"key":"Potion Belt"},{"floor":45,"key":"InkBottle"}],"event_choices":[{"damage_healed":0.0,"max_hp_gain":0.0,"max_hp_loss":0.0,"gold_gain":0.0,"event_name":"Dead Adventurer","player_choice":"Searched \u00273\u0027 times","floor":11.0,"gold_loss":0.0,"damage_taken":0.0,"relics_obtained":["theForsaken:Lifeblossom"]},{"damage_healed":0.0,"max_hp_gain":0.0,"max_hp_loss":0.0,"gold_gain":0.0,"event_name":"Big Fish","player_choice":"Box","floor":12.0,"gold_loss":0.0,"damage_taken":0.0,"relics_obtained":["Meat on the Bone"],"cards_obtained":["Regret"]},{"damage_healed":0.0,"max_hp_gain":0.0,"max_hp_loss":0.0,"gold_gain":0.0,"event_name":"Masked Bandits","player_choice":"Fought Bandits","floor":22.0,"gold_loss":0.0,"damage_taken":0.0},{"damage_healed":0.0,"max_hp_gain":0.0,"max_hp_loss":0.0,"gold_gain":0.0,"event_name":"Ghosts","player_choice":"Ignored","floor":29.0,"gold_loss":0.0,"damage_taken":0.0},{"damage_healed":0.0,"max_hp_gain":0.0,"max_hp_loss":0.0,"gold_gain":0.0,"event_name":"Match and Keep!","player_choice":"0 cards matched","floor":37.0,"gold_loss":0.0,"damage_taken":0.0,"cards_obtained":[]},{"damage_healed":0,"gold_gain":0,"player_choice":"Embrace Madness","damage_taken":9,"max_hp_gain":0,"max_hp_loss":0,"event_name":"Winding Halls","floor":46,"gold_loss":0,"cards_obtained":["Madness","Madness"]}],"is_beta":false,"boss_relics":[{"not_picked":["Black Blood","Electric Blood"],"picked":"energizedSpire:EnergizedDie"},{"not_picked":["Replay:Ancient Bell","Pandora\u0027s Box"],"picked":"Philosopher\u0027s Stone"}],"items_purged_floors":[14],"is_endless":false,"potions_floor_spawned":[2,11,13,19,23,27,30,31,36,39,40,45],"killed_by":"Writhing Mass","ascension_level":1}}