{"host":"w3d3m1yxg9zt90yy","time":1612016852,"event":{"mods":["BaseMod","Colored Map","Infinite Spire","Minty Spire (QoL Compilation)","Quick Restart","Replay The Spire","Shop Mod","StSLib","The Bladedancer","The Necromancer"],"gold_per_floor":[112,112,128,128,141,171,171,46,46,46,66,78,78,78,78,182,182,192,192,205,205,205,239,239,250,250,250,250],"floor_reached":27,"language":"ENG","playtime":1586,"items_purged":["Reap_The_Weak"],"score":268,"play_id":"cb3080d3-5188-4757-b052-18f612a4cbe5","local_time":"20210130082732","is_ascension_mode":true,"campfire_choices":[{"data":"Bone_Armory","floor":7,"key":"SMITH"},{"floor":10,"key":"REST"},{"data":"Blood_Is_Power","floor":13,"key":"SMITH"},{"data":"Bone_Shift","floor":15,"key":"SMITH"},{"data":"Summon_Vampire_Lady","floor":24,"key":"SMITH"}],"circlet_count":0,"master_deck":["Negative_Energy_Arrows","Bone_Wall","Plague_Bolt","Requiem","Blood_for_Blood","Negative_Energy_Sphere","Violent_Necrosis","Blood_Is_Power+1","Blood_Whip","Bones_to_Steel+1","Bones_to_Steel+1","Bone_Shift+1","Bone_Armory+1","Bone_Armor","Life_Tap","Blood_Whip","Summon_Vampire_Lady+1","Bite","Bite","Bite","Bite","Bite","RitualDagger","Skeleton_Dragon","Bone_Bullets"],"relics":["Pandora\u0027s Box","Meat on the Bone","Bird Faced Urn","ReplayTheSpireMod:Lightbulb","Runic Pyramid","StoneCalendar","Gremlin Food"],"acts_visited":["Exordium","TheCity"],"potions_floor_usage":[],"damage_taken":[{"damage":12,"enemies":"Jaw Worm","floor":1,"turns":4},{"damage":11,"enemies":"2 Louse","floor":3,"turns":3},{"damage":16,"enemies":"Cultist","floor":5,"turns":4},{"damage":36,"enemies":"Lagavulin","floor":6,"turns":11},{"damage":14,"enemies":"3 Louse","floor":11,"turns":4},{"damage":8,"enemies":"Large Slime","floor":12,"turns":8},{"damage":35,"enemies":"Fading Forest","floor":16,"turns":11},{"damage":34,"enemies":"3 Byrds","floor":18,"turns":6},{"damage":23,"enemies":"Chosen","floor":20,"turns":5},{"damage":35,"enemies":"Nightmare","floor":23,"turns":12},{"damage":73,"enemies":"Shelled Parasite and Fungi","floor":25,"turns":6},{"damage":20,"enemies":"Snake Plant","floor":27,"turns":1}],"seed_played":"-5156699403900928298","potions_obtained":[{"floor":3,"key":"SkillPotion"},{"floor":11,"key":"SteroidPotion"},{"floor":12,"key":"Venom Potion"},{"floor":18,"key":"Toxic Potion"},{"floor":25,"key":"SteroidPotion"}],"is_trial":false,"path_per_floor":["M","?","M","?","M","E","R","$","T","R","M","M","R","?","R","B",null,"M","?","M","?","?","NM","R","M","T","M"],"character_chosen":"NECROMANCER","items_purchased":["Bone_Armor"],"campfire_rested":1,"item_purchase_floors":[8],"current_hp_per_floor":[63,56,45,45,41,17,17,17,17,39,39,47,47,47,47,38,75,57,43,50,50,44,53,53,18,18,0,0],"gold":250,"neow_bonus":"BOSS_RELIC","is_daily":false,"chose_seed":false,"campfire_upgraded":4,"win_rate":0.0,"timestamp":1612016852,"path_taken":["M","?","M","?","M","E","R","$","T","R","M","M","R","?","R","BOSS","M","?","M","?","?","NM","R","M","T","M"],"items_purchased_type":["Card"],"build_version":"2020-12-22","purchased_purges":1,"victory":false,"max_hp_per_floor":[75,75,75,75,75,75,75,75,75,75,75,75,75,75,75,75,75,75,80,80,56,56,56,56,56,56,56,56],"card_choices":[{"not_picked":["Negative_Energy_Burst","Shackles_Of_Pain"],"picked":"Blood_Whip","floor":1},{"not_picked":["Bone_Bullets","Toxic_Smoke_Screen"],"picked":"Bones_to_Steel","floor":3},{"not_picked":["Toxic_Smoke_Screen","Death_Coil"],"picked":"Bone_Shift","floor":5},{"not_picked":["Death_Coil","Blood_for_Blood"],"picked":"Bone_Armory","floor":6},{"not_picked":["Thousand_Bone_Knives","Blood_Curse"],"picked":"Life_Tap","floor":11},{"not_picked":["Acid_Javelin","Spectral_Walk"],"picked":"Blood_Whip","floor":12},{"not_picked":["Grasp_Heart","Negative_Energy_Bomb"],"picked":"Summon_Vampire_Lady","floor":16},{"not_picked":["Bones_to_Steel","Negative_Energy_Javelin","Blood_Curse+1"],"picked":"SKIP","floor":18},{"not_picked":["Negative_Energy_Burst","Death_Knell","Blood_for_Blood"],"picked":"SKIP","floor":20},{"not_picked":["Spectral_Walk","Slay_Living+1"],"picked":"Skeleton_Dragon","floor":23},{"not_picked":["Toxic_Smoke_Screen","Blood_Curse"],"picked":"Bone_Bullets","floor":25}],"player_experience":160986,"relics_obtained":[{"floor":6,"key":"Bird Faced Urn"},{"floor":9,"key":"ReplayTheSpireMod:Lightbulb"},{"floor":23,"key":"StoneCalendar"},{"floor":26,"key":"Gremlin Food"}],"event_choices":[{"damage_healed":0,"gold_gain":0,"player_choice":"Success","damage_taken":7,"relics_obtained":["Meat on the Bone"],"max_hp_gain":0,"max_hp_loss":0,"event_name":"Scrap Ooze","floor":2,"gold_loss":0},{"damage_healed":0,"gold_gain":0,"player_choice":"Shed Blood","damage_taken":19,"max_hp_gain":5,"max_hp_loss":0,"event_name":"Forgotten Altar","floor":19,"gold_loss":0},{"damage_healed":0,"gold_gain":0,"player_choice":"Became a vampire","damage_taken":0,"max_hp_gain":0,"max_hp_loss":24,"event_name":"Vampires","floor":21,"gold_loss":0,"cards_obtained":["Bite","Bite","Bite","Bite","Bite"]},{"damage_healed":0,"gold_gain":0,"player_choice":"Joined the Cult","damage_taken":6,"max_hp_gain":0,"max_hp_loss":0,"event_name":"Nest","floor":22,"gold_loss":0,"cards_obtained":["RitualDagger"]}],"is_beta":false,"boss_relics":[{"not_picked":["Calling Bell","infinitespire:Cupcake"],"picked":"Runic Pyramid"}],"items_purged_floors":[8],"is_endless":false,"potions_floor_spawned":[3,11,12,18,23,25],"killed_by":"Snake Plant","ascension_level":1}}