{"host":"vlqejv0notyktumz","time":1612048542,"event":{"mods":["AchievementEnabler","BaseMod","Colored Map","Colored Powertips","Downfall","Googly Eyes","Minty Spire (QoL Compilation)","StSLib"],"gold_per_floor":[110,123,139,151,169,169,186,66,93,93,124,124,124,153,153,249,249,265,265,285,103,103,103,103,103],"floor_reached":24,"language":"ENG","playtime":788,"items_purged":["Strike_G","Strike_G"],"score":309,"play_id":"2b289e60-c9fb-4915-a222-826ccf946240","local_time":"20210130171542","is_ascension_mode":true,"campfire_choices":[{"data":"Footwork","floor":6,"key":"SMITH"},{"data":"Outmaneuver","floor":10,"key":"SMITH"},{"floor":15,"key":"REST"},{"floor":23,"key":"REST"}],"circlet_count":0,"master_deck":["AscendersBane","Strike_G","Strike_G+1","Strike_G","Defend_G","Defend_G","Defend_G","Defend_G","Defend_G","Survivor","Neutralize","Backstab","Infinite Blades","Noxious Fumes","Prepared","Footwork+1","Outmaneuver+1","Sucker Punch+1","Backflip+1","Parasite","Dodge and Roll","Envenom+1","Eviscerate","Prepared","Escape Plan"],"relics":["Ring of the Snake","NeowsBlessing","Whetstone","Snake Skull","Oddly Smooth Stone","WristBlade"],"acts_visited":["Exordium","TheCity"],"potions_floor_usage":[5,11,14,16],"damage_taken":[{"damage":0,"enemies":"Cultist","floor":1,"turns":1},{"damage":0,"enemies":"Small Slimes","floor":2,"turns":1},{"damage":0,"enemies":"2 Louse","floor":3,"turns":1},{"damage":6,"enemies":"Exordium Wildlife","floor":4,"turns":5},{"damage":3,"enemies":"Gremlin Gang","floor":5,"turns":5},{"damage":2,"enemies":"2 Fungi Beasts","floor":7,"turns":6},{"damage":51,"enemies":"3 Sentries","floor":11,"turns":10},{"damage":12,"enemies":"Lagavulin","floor":14,"turns":7},{"damage":4,"enemies":"The Guardian","floor":16,"turns":11},{"damage":36,"enemies":"3 Byrds","floor":18,"turns":9},{"damage":12,"enemies":"Shell Parasite","floor":20,"turns":7},{"damage":33,"enemies":"Book of Stabbing","floor":24,"turns":6}],"seed_played":"5514337358043683371","potions_obtained":[{"floor":3,"key":"Strength Potion"},{"floor":4,"key":"Fire Potion"},{"floor":5,"key":"ColorlessPotion"},{"floor":11,"key":"Slimebound:ThreeZeroPotion"},{"floor":18,"key":"Guardian:BlockOnCardUsePotion"}],"is_trial":false,"path_per_floor":["M","M","M","M","M","R","M","$","T","R","E","?","?","E","R","B",null,"M","?","M","$","?","R","E"],"character_chosen":"THE_SILENT","items_purchased":["Sucker Punch","Escape Plan"],"campfire_rested":2,"item_purchase_floors":[8,21],"current_hp_per_floor":[63,63,63,57,54,54,52,52,52,52,1,18,18,6,27,23,58,22,22,10,10,10,31,0,0],"gold":103,"neow_bonus":"THREE_ENEMY_KILL","is_daily":false,"chose_seed":false,"campfire_upgraded":2,"win_rate":0.0,"timestamp":1612048542,"path_taken":["M","M","?","M","?","R","M","$","T","R","E","?","?","E","R","BOSS","M","?","M","$","?","R","E"],"items_purchased_type":["Card","Card"],"build_version":"2020-12-22","purchased_purges":2,"victory":false,"max_hp_per_floor":[70,70,70,70,70,70,70,70,70,70,70,70,70,70,70,70,70,70,70,70,70,70,70,70,70],"card_choices":[{"not_picked":["Slice","Skewer"],"picked":"Backstab","floor":1},{"not_picked":["Distraction","All Out Attack"],"picked":"Infinite Blades","floor":2},{"not_picked":["Backstab","Dagger Throw"],"picked":"Noxious Fumes","floor":3},{"not_picked":["Well Laid Plans","Backflip"],"picked":"Prepared","floor":4},{"not_picked":["Bane","Flying Knee"],"picked":"Footwork","floor":5},{"not_picked":["Prepared","Bane"],"picked":"Outmaneuver","floor":7},{"not_picked":["Flying Knee","Calculated Gamble"],"picked":"Backflip","floor":11},{"not_picked":["Underhanded Strike","Dagger Throw"],"picked":"Dodge and Roll","floor":14},{"not_picked":["Phantasmal Killer","Venomology"],"picked":"Envenom","floor":16},{"not_picked":["Expertise","Sucker Punch"],"picked":"Eviscerate","floor":18},{"not_picked":["Poisoned Stab","Setup"],"picked":"Prepared","floor":20}],"player_experience":378831,"relics_obtained":[{"floor":9,"key":"Whetstone"},{"floor":11,"key":"Snake Skull"},{"floor":14,"key":"Oddly Smooth Stone"}],"event_choices":[{"damage_healed":17,"gold_gain":0,"player_choice":"Healed and dodged fight","damage_taken":0,"max_hp_gain":0,"max_hp_loss":0,"event_name":"Mushrooms","floor":12,"gold_loss":0,"cards_obtained":["Parasite"]},{"damage_healed":0,"gold_gain":0,"player_choice":"Grow","damage_taken":0,"max_hp_gain":0,"max_hp_loss":0,"event_name":"Living Wall","floor":13,"gold_loss":0,"cards_upgraded":["Backflip"]},{"damage_healed":0,"gold_gain":0,"player_choice":"Ignored","damage_taken":0,"max_hp_gain":0,"max_hp_loss":0,"event_name":"Ghosts","floor":19,"gold_loss":0},{"damage_healed":0,"gold_gain":0,"player_choice":"Upgraded","damage_taken":0,"max_hp_gain":0,"max_hp_loss":0,"event_name":"Upgrade Shrine","floor":22,"gold_loss":0,"cards_upgraded":["Envenom"]}],"is_beta":false,"boss_relics":[{"not_picked":["Empty Cage","Astrolabe"],"picked":"WristBlade"}],"items_purged_floors":[8,21],"is_endless":false,"potions_floor_spawned":[3,4,5,11,18],"killed_by":"Book of Stabbing","ascension_level":10}}