{"host":"815dqs41i1y8uxms","time":1612021125,"event":{"mods":["A Penny For Your Troubles","Act Like it!","BaseMod","Dark Map","Elementarium","Fox Events","Minty Spire (QoL Compilation)","Rare Cards Sparkle","Shop Mod","Spire Arcade","StSLib"],"gold_per_floor":[369,384,12,27,27,27,38,38,63,83,112,82,82,93,93,196,196,215,230,230,230,240,240,267,280,280,296,296,2,2,2],"floor_reached":30,"language":"ENG","playtime":1674,"items_purged":[],"score":305,"play_id":"5f80b633-6c40-457e-803e-7741c6d722d1","local_time":"20210130163845","is_ascension_mode":false,"campfire_choices":[{"floor":6,"key":"RECALL"},{"floor":8,"key":"REST"},{"floor":15,"key":"REST"},{"floor":23,"key":"REST"}],"circlet_count":0,"master_deck":["Defend_B","Defend_B","Defend_B","Zap","Dualcast","Double Energy","Redo","Chaos","White Noise","Barrage","Stack","Coolheaded","Stack","Multi-Cast","Gash+1","Elementarium:StickyTar","Stack+1","Elementarium:GildedStrike","Elementarium:GildedStrike","Elementarium:GildedStrike","Elementarium:GildedStrike","Elementarium:GildedStrike","Consume","Chill","Gash","Redo","Scrape"],"relics":["Cracked Core","Membership Card","MerchantsRug","Pantograph","Smiling Mask","Ancient Tea Set","Calipers","Nuclear Battery","Happy Flower","Symbiotic Virus","MealTicket","Runic Capacitor","Ornamental Fan"],"acts_visited":["Exordium","Elementarium:Elementarium"],"potions_floor_usage":[16,16,16,16,19,22,25],"damage_taken":[{"damage":6,"enemies":"Jaw Worm","floor":1,"turns":3},{"damage":6,"enemies":"Cultist","floor":2,"turns":3},{"damage":2,"enemies":"2 Louse","floor":4,"turns":3},{"damage":14,"enemies":"Blue Slaver","floor":7,"turns":4},{"damage":39,"enemies":"Lagavulin","floor":11,"turns":8},{"damage":2,"enemies":"Looter","floor":12,"turns":4},{"damage":4,"enemies":"Large Slime","floor":14,"turns":4},{"damage":0,"enemies":"The Guardian","floor":16,"turns":16},{"damage":12,"enemies":"Elementarium:Cyclone","floor":18,"turns":5},{"damage":2,"enemies":"Elementarium:MUD_AND_TAR_GOLEMS","floor":19,"turns":5},{"damage":22,"enemies":"Elementarium:VoidBeast","floor":22,"turns":6},{"damage":21,"enemies":"Elementarium:VOID_CORRUPTION_AND_ORB_OF_FIRE","floor":25,"turns":9},{"damage":13,"enemies":"Elementarium:3_ELEMENTALS","floor":27,"turns":4},{"damage":11,"enemies":"Elementarium:RubyGolem","floor":30,"turns":2}],"seed_played":"-4804731233120652055","potions_obtained":[{"floor":4,"key":"BlessingOfTheForge"},{"floor":10,"key":"FocusPotion"},{"floor":14,"key":"EntropicBrew"},{"floor":16,"key":"SteroidPotion"},{"floor":18,"key":"Block Potion"}],"is_trial":false,"path_per_floor":["M","M","$","M","?","R","M","R","T","?","E","M","?","M","R","B",null,"M","M","?","?","M","R","T","M","T","M","?","$","M"],"character_chosen":"DEFECT","items_purchased":["Membership Card","MerchantsRug","Pantograph","Chaos","MealTicket","Runic Capacitor","Ornamental Fan","Scrape"],"campfire_rested":3,"item_purchase_floors":[3,3,3,3,29,29,29,29],"current_hp_per_floor":[48,42,42,40,40,40,26,48,48,48,9,7,12,8,32,57,80,68,66,46,46,24,45,45,24,24,11,11,11,0,0],"gold":2,"neow_bonus":"TWO_FIFTY_GOLD","is_daily":false,"chose_seed":false,"campfire_upgraded":0,"win_rate":0.0,"timestamp":1612021125,"path_taken":["M","M","$","M","?","R","?","R","T","?","E","M","?","M","R","BOSS","M","M","?","?","M","R","?","M","T","M","?","$","M"],"items_purchased_type":["Relic","Relic","Relic","Card","Relic","Relic","Relic","Card"],"build_version":"2020-12-22","purchased_purges":0,"victory":false,"max_hp_per_floor":[75,75,75,75,75,75,75,75,75,75,75,75,80,80,80,80,80,80,80,80,72,72,72,72,72,72,72,72,72,72,72],"card_choices":[{"not_picked":["Steam","Barrage"],"picked":"Double Energy","floor":1},{"not_picked":["Hologram","BootSequence"],"picked":"Redo","floor":2},{"not_picked":["Chill","Barrage"],"picked":"White Noise","floor":4},{"not_picked":["Go for the Eyes","Rebound"],"picked":"Barrage","floor":7},{"not_picked":["Lockon","Sweeping Beam"],"picked":"Stack","floor":11},{"not_picked":["Stack","Barrage"],"picked":"Coolheaded","floor":12},{"not_picked":["Seek","Gash"],"picked":"Stack","floor":14},{"not_picked":["Meteor Strike","Thunder Strike"],"picked":"Multi-Cast","floor":16},{"not_picked":["Steam Power","Stack"],"picked":"Gash+1","floor":18},{"not_picked":["Leap+1","Gash"],"picked":"Stack+1","floor":19},{"not_picked":["Leap","Static Discharge"],"picked":"Consume","floor":22},{"not_picked":["Auto Shields","Redo"],"picked":"Chill","floor":25},{"not_picked":["Reprogram+1","Hologram"],"picked":"Gash","floor":27}],"player_experience":3701900,"relics_obtained":[{"floor":9,"key":"Ancient Tea Set"},{"floor":11,"key":"Calipers"},{"floor":26,"key":"Symbiotic Virus"}],"event_choices":[{"damage_healed":0,"gold_gain":0,"player_choice":"Gave Potion","damage_taken":0,"relics_obtained":["Smiling Mask"],"max_hp_gain":0,"max_hp_loss":0,"event_name":"WeMeetAgain","floor":5,"gold_loss":0},{"damage_healed":0,"gold_gain":0,"player_choice":"Donut","damage_taken":0,"max_hp_gain":5,"max_hp_loss":0,"event_name":"Big Fish","floor":13,"gold_loss":0},{"damage_healed":0,"gold_gain":0,"player_choice":"Strike","damage_taken":20,"max_hp_gain":0,"max_hp_loss":0,"event_name":"Elementarium:OnrushingOffering","floor":20,"gold_loss":0,"cards_obtained":["Elementarium:GildedStrike","Elementarium:GildedStrike","Elementarium:GildedStrike","Elementarium:GildedStrike","Elementarium:GildedStrike"]},{"damage_healed":0,"gold_gain":0,"player_choice":"Essence","damage_taken":0,"relics_obtained":["Happy Flower"],"max_hp_gain":0,"max_hp_loss":8,"event_name":"Elementarium:ShatteredPortal","floor":21,"gold_loss":0},{"damage_healed":0,"gold_gain":0,"cards_transformed":["Defend_B"],"player_choice":"Scrolls","damage_taken":0,"max_hp_gain":0,"max_hp_loss":0,"event_name":"Elementarium:AbandonedFactory","floor":28,"gold_loss":0,"cards_obtained":["Redo"]}],"is_beta":false,"boss_relics":[{"not_picked":["Empty Cage","Tiny House"],"picked":"Nuclear Battery"}],"items_purged_floors":[],"is_endless":false,"potions_floor_spawned":[4,14,16,18],"killed_by":"Elementarium:RubyGolem","ascension_level":0}}