{"host":"f9ntswufr8mq3t4y","time":1612014052,"event":{"mods":["AchievementEnabler","BaseMod","Best Route Mod","Block Reminder","Colored Map","Colored Powertips","Curses Come First","DeckTracker","Displayed Cursed Tome","Highlight Path","Minty Spire (QoL Compilation)","Permanent Neow","Quick Restart","Slay-I","StSLib"],"gold_per_floor":[110,129,149,149,160,160,191,191,191,141,157,173,173,190,190,288,288,305,315,14,31,0,31,31,63,75,87,99,145,169,195,207,318,330,354,366,423,309,321,321,341,341,341,376,93,93,17,33,33,33],"floor_reached":51,"language":"ENG","playtime":9301,"items_purged":["Writhe"],"score":921,"play_id":"c059bd8b-ccbc-4b1c-9063-52088acc6bb3","local_time":"20210130164052","is_ascension_mode":true,"campfire_choices":[{"data":"Armaments","floor":6.0,"key":"SMITH"},{"floor":8.0,"key":"REST"},{"data":"True Grit","floor":13.0,"key":"SMITH"},{"data":"Offering","floor":15.0,"key":"SMITH"},{"floor":24.0,"key":"REST"},{"data":"Offering","floor":32,"key":"SMITH"},{"data":"Exhume","floor":40,"key":"SMITH"},{"data":"Metallicize","floor":42,"key":"SMITH"},{"data":"Infernal Blade","floor":46,"key":"SMITH"},{"floor":49,"key":"REST"}],"circlet_count":0,"master_deck":["Strike_R","Strike_R","Strike_R","Strike_R","Strike_R","Defend_R+1","Defend_R","Defend_R+1","Defend_R","Bash","True Grit+1","Armaments+1","Whirlwind","Dropkick","Offering+1","Immolate","Inflame","Offering+1","Evolve+1","Impervious","Metallicize+1","Exhume+1","Infernal Blade+1","Spot Weakness"],"relics":["Burning Blood","Incense Burner","Bag of Marbles","InkBottle","Mark of Pain","Regal Pillow","Bottled Lightning","MawBank","Kunai","Mercury Hourglass","SlaversCollar","FossilizedHelix","Singing Bowl","Bag of Preparation","Pear"],"acts_visited":["Exordium","TheCity","TheBeyond"],"potions_floor_usage":[31,33,33,44,48,50,50],"damage_taken":[{"damage":3.0,"enemies":"Small Slimes","floor":1.0,"turns":5.0},{"damage":0.0,"enemies":"2 Louse","floor":2.0,"turns":3.0},{"damage":0.0,"enemies":"Jaw Worm","floor":3.0,"turns":5.0},{"damage":6.0,"enemies":"Looter","floor":5.0,"turns":4.0},{"damage":56.0,"enemies":"Gremlin Nob","floor":7.0,"turns":5.0},{"damage":0.0,"enemies":"Large Slime","floor":11.0,"turns":5.0},{"damage":12.0,"enemies":"Exordium Wildlife","floor":12.0,"turns":3.0},{"damage":3.0,"enemies":"Blue Slaver","floor":14.0,"turns":5.0},{"damage":34.0,"enemies":"The Guardian","floor":16.0,"turns":17.0},{"damage":10.0,"enemies":"Chosen","floor":18.0,"turns":5.0},{"damage":6.0,"enemies":"2 Thieves","floor":19.0,"turns":1.0},{"damage":9.0,"enemies":"Snake Plant","floor":21.0,"turns":3.0},{"damage":24.0,"enemies":"Book of Stabbing","floor":23.0,"turns":4.0},{"damage":1.0,"enemies":"Gremlin Leader","floor":25.0,"turns":3.0},{"damage":12.0,"enemies":"Book of Stabbing","floor":29.0,"turns":5.0},{"damage":17.0,"enemies":"Sentry and Sphere","floor":30.0,"turns":4.0},{"damage":7,"enemies":"Snecko","floor":31,"turns":3},{"damage":33,"enemies":"Collector","floor":33,"turns":5},{"damage":6,"enemies":"3 Darklings","floor":35,"turns":1},{"damage":32,"enemies":"2 Orb Walkers","floor":37,"turns":5},{"damage":0,"enemies":"3 Shapes","floor":39,"turns":2},{"damage":15,"enemies":"Spire Growth","floor":41,"turns":4},{"damage":17,"enemies":"Reptomancer","floor":44,"turns":4},{"damage":1,"enemies":"Jaw Worm Horde","floor":48,"turns":1},{"damage":48,"enemies":"Awakened One","floor":50,"turns":8}],"seed_played":"1339129438410689558","potions_obtained":[{"floor":2.0,"key":"SpeedPotion"},{"floor":5.0,"key":"Ancient Potion"},{"floor":7.0,"key":"SkillPotion"},{"floor":11.0,"key":"LiquidBronze"},{"floor":21.0,"key":"LiquidBronze"},{"floor":25.0,"key":"Regen Potion"},{"floor":30.0,"key":"AttackPotion"},{"floor":31,"key":"Energy Potion"},{"floor":41,"key":"Swift Potion"},{"floor":44,"key":"LiquidMemories"},{"floor":48,"key":"Weak Potion"}],"is_trial":false,"path_per_floor":["M","M","M","?","M","R","E","R","T","?","M","M","R","M","R","B",null,"M","M","$","M","?","E","R","E","T","?","$","E","M","M","R","B",null,"M","?","?","$","M","R","M","R","T","E","$","R","$","M","R","B",null],"character_chosen":"IRONCLAD","items_purchased":["Regal Pillow","Offering","PowerPotion","Pear","Infernal Blade","Spot Weakness"],"campfire_rested":3,"item_purchase_floors":[20,20,38,45,45,47],"current_hp_per_floor":[80,80,80,64,64,64,14,38,38,38,44,38,38,41,41,13,63,59,59,59,56,56,38,77,80,80,80,80,74,63,62,62,35,69,69,80,54,54,60,60,51,51,51,42,52,52,52,59,94,52],"gold":33,"neow_bonus":"ONE_RARE_RELIC","is_daily":false,"chose_seed":false,"campfire_upgraded":7,"win_rate":0.0,"timestamp":1612014052,"path_taken":["M","M","M","?","M","R","E","R","T","?","M","M","R","M","R","BOSS","M","M","$","M","?","E","R","E","T","?","$","E","M","M","R","BOSS","M","?","?","$","M","R","M","R","T","E","$","R","?","M","R","BOSS"],"items_purchased_type":["Relic","Card","Potion","Relic","Card","Card"],"build_version":"2020-12-22","purchased_purges":1,"victory":true,"max_hp_per_floor":[80,80,80,80,80,80,80,80,80,80,80,80,80,80,80,80,80,80,80,80,80,80,80,80,80,80,80,80,80,80,80,80,80,80,80,80,80,80,80,80,80,80,80,82,92,92,92,94,94,94],"card_choices":[{"not_picked":["Searing Blow","Reckless Charge"],"picked":"True Grit","floor":1.0},{"not_picked":["Iron Wave","Spot Weakness"],"picked":"Armaments","floor":2.0},{"not_picked":["Battle Trance","Armaments"],"picked":"Whirlwind","floor":3.0},{"not_picked":["Rage","Clothesline","Wild Strike"],"picked":"SKIP","floor":5.0},{"not_picked":["Pummel","Heavy Blade"],"picked":"Dropkick","floor":7.0},{"not_picked":["Intimidate","Anger","Headbutt"],"picked":"SKIP","floor":11.0},{"not_picked":["Cleave","Sever Soul","Havoc"],"picked":"SKIP","floor":12.0},{"not_picked":["Anger","Warcry"],"picked":"Offering","floor":14.0},{"not_picked":["Offering","Exhume"],"picked":"Immolate","floor":16.0},{"not_picked":["Body Slam","Pommel Strike"],"picked":"Inflame","floor":18.0},{"not_picked":["Hemokinesis+1","Searing Blow+1","Second Wind"],"picked":"SKIP","floor":19.0},{"not_picked":["Second Wind","Sword Boomerang+1"],"picked":"Evolve+1","floor":21.0},{"not_picked":["Rampage","Clash+1","Thunderclap"],"picked":"SKIP","floor":23.0},{"not_picked":["Clash","Evolve"],"picked":"Impervious","floor":25.0},{"not_picked":["Sever Soul","Reckless Charge+1","Headbutt"],"picked":"SKIP","floor":29.0},{"not_picked":["Iron Wave+1","Pommel Strike","Rage"],"picked":"SKIP","floor":30.0},{"not_picked":["Whirlwind","Headbutt"],"picked":"Metallicize","floor":31},{"not_picked":["Corruption","Impervious"],"picked":"Exhume","floor":33},{"not_picked":["Havoc","Warcry","Anger+1"],"picked":"SKIP","floor":35},{"not_picked":["Iron Wave","Headbutt","Shrug It Off"],"picked":"SKIP","floor":39},{"not_picked":["Reckless Charge+1","Heavy Blade","Power Through"],"picked":"SKIP","floor":41},{"not_picked":["Seeing Red+1","Rampage","Demon Form"],"picked":"Singing Bowl","floor":44},{"not_picked":["Heavy Blade","Evolve+1","Flex"],"picked":"Singing Bowl","floor":48}],"player_experience":372371,"relics_obtained":[{"floor":7.0,"key":"Bag of Marbles"},{"floor":9.0,"key":"InkBottle"},{"floor":23.0,"key":"Bottled Lightning"},{"floor":25.0,"key":"MawBank"},{"floor":26.0,"key":"Kunai"},{"floor":29.0,"key":"Mercury Hourglass"},{"floor":37,"key":"FossilizedHelix"},{"floor":43,"key":"Singing Bowl"},{"floor":44,"key":"Bag of Preparation"}],"event_choices":[{"damage_healed":0.0,"max_hp_gain":0.0,"max_hp_loss":0.0,"gold_gain":0.0,"event_name":"Shining Light","player_choice":"Entered Light","floor":4.0,"gold_loss":0.0,"damage_taken":16.0,"cards_upgraded":["Defend_R","Defend_R"]},{"cards_removed":["Shame"],"damage_healed":0.0,"max_hp_gain":0.0,"max_hp_loss":0.0,"gold_gain":0.0,"event_name":"The Cleric","player_choice":"Card Removal","floor":10.0,"gold_loss":50.0,"damage_taken":0.0},{"damage_healed":0.0,"max_hp_gain":0.0,"max_hp_loss":0.0,"gold_gain":0.0,"event_name":"Masked Bandits","player_choice":"Paid Fearfully","floor":22.0,"gold_loss":31.0,"damage_taken":0.0},{"damage_healed":0.0,"max_hp_gain":0.0,"max_hp_loss":0.0,"gold_gain":0.0,"event_name":"Vampires","player_choice":"Ignored","floor":27.0,"gold_loss":0.0,"damage_taken":0.0},{"damage_healed":20,"gold_gain":0,"player_choice":"Writhe","damage_taken":0,"max_hp_gain":0,"max_hp_loss":0,"event_name":"Winding Halls","floor":36,"gold_loss":0,"cards_obtained":["Writhe"]},{"damage_healed":0,"gold_gain":0,"player_choice":"Fight","damage_taken":0,"max_hp_gain":0,"max_hp_loss":0,"event_name":"Mysterious Sphere","floor":37,"gold_loss":0}],"is_beta":false,"boss_relics":[{"not_picked":["Velvet Choker","Empty Cage"],"picked":"Mark of Pain"},{"not_picked":["Busted Crown","Black Star"],"picked":"SlaversCollar"}],"items_purged_floors":[38],"is_endless":false,"potions_floor_spawned":[2,5,7,11,14,21,25,30,31,41,44,48],"ascension_level":5}}