{"host":"7qqg3hyzrz6apiso","time":1612022215,"event":{"mods":["AchievementEnabler","BaseMod","Better Debug","Colored Map","Keyboard Shortcuts","Minty Spire (QoL Compilation)","Permanent Neow","Quick Restart","StSLib","SuperFastMode"],"gold_per_floor":[210,210,160,28,47,66,66,66,66,80,7,24,99,118,118,223,223,243,158,158,172,17,17,37,37,37,68,68,88,120,131,131,230,230,240,19,69,69,69,69,69,81,81,81,0,17,17,36,36,36],"floor_reached":51,"language":"KOR","playtime":2146,"items_purged":["Strike_G"],"score":765,"play_id":"0ff8ba46-6ba3-4017-8396-af2b5f45a150","local_time":"20210131005655","is_ascension_mode":true,"campfire_choices":[{"data":"Crippling Poison","floor":7,"key":"SMITH"},{"floor":15,"key":"REST"},{"data":"A Thousand Cuts","floor":23,"key":"SMITH"},{"data":"Noxious Fumes","floor":25,"key":"SMITH"},{"data":"Footwork","floor":28,"key":"SMITH"},{"floor":32,"key":"REST"},{"data":"Catalyst","floor":40,"key":"SMITH"},{"data":"Catalyst","floor":44,"key":"SMITH"},{"data":"Deflect","floor":47,"key":"SMITH"},{"data":"Backflip","floor":49,"key":"SMITH"}],"circlet_count":0,"master_deck":["Strike_G","Strike_G","Strike_G+1","Defend_G","Defend_G","Defend_G","Defend_G","Defend_G+1","Survivor","Neutralize","Deadly Poison","Deadly Poison","Crippling Poison+1","Backflip","Bouncing Flask","Footwork+1","A Thousand Cuts+1","CurseOfTheBell","Caltrops+1","Noxious Fumes+1","Bouncing Flask","Backflip+1","Deflect+1","Catalyst+1","Bouncing Flask","Catalyst+1","Corpse Explosion","Caltrops+1","Crippling Poison+1","Dark Shackles"],"relics":["Ring of the Snake","Snake Skull","Kunai","Calling Bell","Blood Vial","Eternal Feather","Pocketwatch","Centennial Puzzle","Art of War","StoneCalendar","Toy Ornithopter","Happy Flower","Black Star","TheAbacus","TungstenRod","Singing Bowl","Red Mask"],"acts_visited":["Exordium","TheCity","TheBeyond"],"potions_floor_usage":[16,29,30,35,50],"damage_taken":[{"damage":1,"enemies":"Cultist","floor":1,"turns":6},{"damage":0,"enemies":"2 Louse","floor":5,"turns":2},{"damage":8,"enemies":"Small Slimes","floor":6,"turns":4},{"damage":0,"enemies":"Looter","floor":10,"turns":4},{"damage":13,"enemies":"Lots of Slimes","floor":12,"turns":3},{"damage":2,"enemies":"Blue Slaver","floor":14,"turns":3},{"damage":3,"enemies":"Hexaghost","floor":16,"turns":7},{"damage":4,"enemies":"Chosen","floor":18,"turns":4},{"damage":25,"enemies":"2 Thieves","floor":21,"turns":4},{"damage":0,"enemies":"Snecko","floor":24,"turns":4},{"damage":12,"enemies":"Gremlin Leader","floor":27,"turns":6},{"damage":21,"enemies":"Centurion and Healer","floor":29,"turns":6},{"damage":13,"enemies":"Book of Stabbing","floor":30,"turns":5},{"damage":17,"enemies":"Snake Plant","floor":31,"turns":4},{"damage":14,"enemies":"Automaton","floor":33,"turns":6},{"damage":5,"enemies":"3 Darklings","floor":35,"turns":3},{"damage":20,"enemies":"Mind Bloom Boss Battle","floor":37,"turns":6},{"damage":0,"enemies":"3 Shapes","floor":42,"turns":5},{"damage":11,"enemies":"Spire Growth","floor":46,"turns":4},{"damage":7,"enemies":"4 Shapes","floor":48,"turns":4},{"damage":52,"enemies":"Awakened One","floor":50,"turns":11}],"seed_played":"8672704020012028858","potions_obtained":[{"floor":6,"key":"BlessingOfTheForge"},{"floor":16,"key":"SkillPotion"},{"floor":24,"key":"GamblersBrew"},{"floor":27,"key":"Energy Potion"},{"floor":33,"key":"Block Potion"},{"floor":42,"key":"SteroidPotion"},{"floor":48,"key":"Strength Potion"}],"is_trial":false,"path_per_floor":["M","?","?","$","M","M","R","?","T","M","$","M","?","M","R","B",null,"M","?","?","M","$","R","M","R","T","E","R","M","E","M","R","B",null,"M","$","?","?","?","R","$","M","T","R","?","M","R","M","R","B",null],"character_chosen":"THE_SILENT","items_purchased":["Deadly Poison","Crippling Poison","Footwork","Noxious Fumes","Bouncing Flask","TheAbacus"],"campfire_rested":2,"item_purchase_floors":[4,4,11,22,22,36],"current_hp_per_floor":[69,55,55,55,55,47,47,44,44,44,44,31,20,18,39,36,70,66,66,66,43,43,55,57,69,69,58,70,49,43,28,64,52,70,65,65,47,47,47,65,65,67,67,70,70,61,72,67,74,22],"gold":36,"neow_bonus":"HUNDRED_GOLD","is_daily":false,"chose_seed":false,"campfire_upgraded":8,"win_rate":0.0,"timestamp":1612022215,"path_taken":["M","?","?","$","M","M","R","?","T","M","$","M","?","M","R","BOSS","M","?","?","?","$","R","M","R","T","E","R","M","E","?","R","BOSS","M","$","?","?","?","R","?","M","T","R","?","M","R","M","R","BOSS"],"items_purchased_type":["Card","Card","Card","Card","Card","Relic"],"build_version":"2020-12-22","purchased_purges":1,"victory":true,"max_hp_per_floor":[70,70,70,70,70,70,70,70,70,70,70,70,70,70,70,70,70,70,70,70,70,70,70,70,70,70,70,70,70,70,70,70,70,70,70,70,70,70,70,70,70,70,70,70,70,72,72,74,74,74],"card_choices":[{"not_picked":["Dagger Throw","Bane"],"picked":"Deadly Poison","floor":1},{"not_picked":["Underhanded Strike","All Out Attack","Blade Dance"],"picked":"SKIP","floor":5},{"not_picked":["Deadly Poison","Outmaneuver"],"picked":"Backflip","floor":6},{"not_picked":["PiercingWail","Blade Dance"],"picked":"Bouncing Flask","floor":10},{"not_picked":["Acrobatics","Phantasmal Killer","Masterful Stab"],"picked":"SKIP","floor":12},{"not_picked":["Dodge and Roll","Poisoned Stab","Blur"],"picked":"SKIP","floor":14},{"not_picked":["Grand Finale","Venomology"],"picked":"A Thousand Cuts","floor":16},{"not_picked":["Backflip","Acrobatics+1"],"picked":"Caltrops+1","floor":18},{"not_picked":["Masterful Stab+1","Setup","Bane"],"picked":"SKIP","floor":21},{"not_picked":["Predator","Well Laid Plans"],"picked":"Backflip","floor":24},{"not_picked":["Infinite Blades","Cloak And Dagger"],"picked":"Deflect","floor":27},{"not_picked":["Quick Slash","Predator"],"picked":"Catalyst","floor":29},{"not_picked":["Dagger Spray","Dodge and Roll"],"picked":"Bouncing Flask","floor":30},{"not_picked":["Accuracy","Phantasmal Killer"],"picked":"Catalyst","floor":31},{"not_picked":["Doppelganger","Venomology"],"picked":"Corpse Explosion","floor":33},{"not_picked":["Prepared+1","Flying Knee"],"picked":"Caltrops+1","floor":35},{"not_picked":["Acrobatics","Bane+1"],"picked":"Crippling Poison+1","floor":37},{"not_picked":["Chrysalis","Impatience"],"picked":"Dark Shackles","floor":38},{"not_picked":["Escape Plan","Dagger Throw+1","Cloak And Dagger+1"],"picked":"SKIP","floor":42},{"not_picked":["Flechettes+1","Well Laid Plans+1","Slice+1"],"picked":"Singing Bowl","floor":46},{"not_picked":["Outmaneuver+1","Leg Sweep","Quick Slash+1"],"picked":"Singing Bowl","floor":48}],"player_experience":171367,"relics_obtained":[{"floor":9,"key":"Kunai"},{"floor":17,"key":"Blood Vial"},{"floor":17,"key":"Eternal Feather"},{"floor":17,"key":"Pocketwatch"},{"floor":26,"key":"StoneCalendar"},{"floor":27,"key":"Toy Ornithopter"},{"floor":30,"key":"Happy Flower"},{"floor":37,"key":"TungstenRod"},{"floor":43,"key":"Singing Bowl"}],"event_choices":[{"damage_healed":0,"gold_gain":0,"player_choice":"Entered Light","damage_taken":14,"max_hp_gain":0,"max_hp_loss":0,"event_name":"Shining Light","floor":2,"gold_loss":0,"cards_upgraded":["Defend_G","Strike_G"]},{"cards_removed":["Strike_G"],"damage_healed":0,"gold_gain":0,"player_choice":"Card Removal","damage_taken":0,"max_hp_gain":0,"max_hp_loss":0,"event_name":"The Cleric","floor":3,"gold_loss":50},{"damage_healed":0,"gold_gain":0,"player_choice":"Success","damage_taken":3,"relics_obtained":["Snake Skull"],"max_hp_gain":0,"max_hp_loss":0,"event_name":"Scrap Ooze","floor":8,"gold_loss":0},{"damage_healed":0,"gold_gain":75,"player_choice":"Gather Gold","damage_taken":11,"max_hp_gain":0,"max_hp_loss":0,"event_name":"World of Goop","floor":13,"gold_loss":0},{"damage_healed":0,"gold_gain":0,"player_choice":"Obtained Relic","damage_taken":0,"relics_obtained":["Centennial Puzzle"],"max_hp_gain":0,"max_hp_loss":0,"event_name":"Addict","floor":19,"gold_loss":85},{"damage_healed":0,"gold_gain":0,"player_choice":"Gave Potion","damage_taken":0,"relics_obtained":["Art of War"],"max_hp_gain":0,"max_hp_loss":0,"event_name":"WeMeetAgain","floor":20,"gold_loss":0},{"damage_healed":0,"gold_gain":0,"player_choice":"Fight","damage_taken":0,"max_hp_gain":0,"max_hp_loss":0,"event_name":"MindBloom","floor":37,"gold_loss":0},{"damage_healed":0,"gold_gain":0,"player_choice":"Memory 1","damage_taken":0,"max_hp_gain":0,"max_hp_loss":0,"event_name":"SensoryStone","floor":38,"gold_loss":0},{"damage_healed":0,"gold_gain":0,"player_choice":"Ignored","damage_taken":0,"max_hp_gain":0,"max_hp_loss":0,"event_name":"Mysterious Sphere","floor":39,"gold_loss":0},{"damage_healed":0,"gold_gain":0,"player_choice":"Paid","damage_taken":0,"relics_obtained":["Red Mask"],"max_hp_gain":0,"max_hp_loss":0,"event_name":"Tomb of Lord Red Mask","floor":45,"gold_loss":81}],"is_beta":false,"boss_relics":[{"not_picked":["Sozu","Velvet Choker"],"picked":"Calling Bell"},{"not_picked":["Runic Pyramid","Philosopher\u0027s Stone"],"picked":"Black Star"}],"items_purged_floors":[36],"is_endless":false,"potions_floor_spawned":[6,16,24,27,33,42,48],"ascension_level":2}}