{"host":"d6gsnuetzz7j8con","time":1612028329,"event":{"mods":["AchievementEnabler","BaseMod","BetterRewards","Evolution","Minty Spire (QoL Compilation)","Permanent Neow","Remove Card Discount Mod","Shop Mod","StSLib"],"gold_per_floor":[116,147,147,222,222,222,281,320,320,348,413,451,494,554,554,676,676,745,745,784,784,1,61,93,0,51,51,51,126,140,176,176,298,298,315,104,140,415,432,483,518,518,518,518,112,112,186,198,198,223],"floor_reached":51,"language":"ENG","playtime":11328,"items_purged":["Strike_R","Strike_R","Defend_R","Strike_R","Defend_R","Defend_R","Regret","Defend_R+1"],"score":910,"play_id":"2e8335f2-5451-4a43-867c-1e2218b4a8b6","local_time":"20210130123849","is_ascension_mode":false,"campfire_choices":[{"floor":6,"key":"REST"},{"data":"Armaments","floor":15,"key":"SMITH"},{"data":"Power Through","floor":28,"key":"SMITH"},{"data":"Body Slam","floor":32,"key":"SMITH"},{"floor":42,"key":"REST"},{"data":"Bludgeon","floor":46,"key":"SMITH"},{"data":"Clothesline","floor":49,"key":"SMITH"}],"circlet_count":0,"master_deck":["Strike_R+1","Strike_R+1","Bash","HandOfGreed+1","Inflame","Clothesline+1","Whirlwind","Shrug It Off","Inflame","Inflame+1","Intimidate","Headbutt","Armaments+1","Dropkick","Shrug It Off+1","Power Through+1","Barricade+1","Dropkick","Necronomicurse","Thunderclap","Feel No Pain+1","Entrench+1","Flame Barrier+1","Violence+1","Headbutt","Iron Wave+1","Seeing Red+1","Master of Strategy+1","Discovery+1","Shrug It Off+1","Shrug It Off+1","Body Slam+1","Pummel+1","Feed","Power Through+1","Power Through+1","Sadistic Nature","PanicButton+1","Seeing Red+1","Dark Embrace+1","Shrug It Off+1","Feed","Chrysalis+1","Finesse+1","Chrysalis+1","Rampage+1","Shrug It Off+1","Twin Strike+1","Bludgeon+1","Seeing Red+1","Trip+1","Battle Trance+1","Sword Boomerang+1"],"relics":["Burning Blood","EVO:Axolotl","MerchantsRug","Orichalcum","Medical Kit","MealTicket","Bag of Preparation","Lantern","Sozu","Necronomicon","Shuriken","Toxic Egg 2","Kunai","Membership Card","Ancient Tea Set","Potion Belt","Boot","Happy Flower","War Paint","Juzu Bracelet","Oddly Smooth Stone","Orrery","StoneCalendar","Bottled Lightning","Unceasing Top"],"acts_visited":["Exordium","TheCity","TheBeyond"],"potions_floor_usage":[50],"damage_taken":[{"damage":5,"enemies":"Small Slimes","floor":1,"turns":3},{"damage":1,"enemies":"Jaw Worm","floor":2,"turns":4},{"damage":14,"enemies":"Lagavulin","floor":7,"turns":5},{"damage":1,"enemies":"2 Louse","floor":8,"turns":2},{"damage":0,"enemies":"Gremlin Nob","floor":10,"turns":4},{"damage":12,"enemies":"Gremlin Nob","floor":11,"turns":4},{"damage":0,"enemies":"Exordium Wildlife","floor":12,"turns":2},{"damage":0,"enemies":"Large Slime","floor":13,"turns":4},{"damage":24,"enemies":"Lagavulin","floor":14,"turns":7},{"damage":26,"enemies":"The Guardian","floor":16,"turns":9},{"damage":0,"enemies":"3 Byrds","floor":18,"turns":11},{"damage":0,"enemies":"Chosen","floor":20,"turns":2},{"damage":0,"enemies":"Centurion and Healer","floor":23,"turns":6},{"damage":0,"enemies":"Gremlin Leader","floor":24,"turns":11},{"damage":5,"enemies":"Slavers","floor":29,"turns":5},{"damage":0,"enemies":"Snecko","floor":30,"turns":2},{"damage":0,"enemies":"Sentry and Sphere","floor":31,"turns":4},{"damage":12,"enemies":"Champ","floor":33,"turns":8},{"damage":1,"enemies":"Orb Walker","floor":35,"turns":3},{"damage":0,"enemies":"3 Shapes","floor":37,"turns":11},{"damage":0,"enemies":"3 Darklings","floor":39,"turns":3},{"damage":42,"enemies":"Reptomancer","floor":40,"turns":7},{"damage":3,"enemies":"Maw","floor":41,"turns":5},{"damage":7,"enemies":"2 Orb Walkers","floor":47,"turns":4},{"damage":0,"enemies":"Transient","floor":48,"turns":5},{"damage":50,"enemies":"Awakened One","floor":50,"turns":10}],"seed_played":"1246854407051060938","potions_obtained":[{"floor":7,"key":"FearPotion"},{"floor":10,"key":"AttackPotion"},{"floor":11,"key":"BloodPotion"}],"is_trial":false,"path_per_floor":["M","M","?","?","?","R","E","M","T","E","?","M","M","E","R","B",null,"M","?","M","T","$","M","E","$","T","?","R","E","M","M","R","B",null,"M","$","M","?","M","E","M","R","T","?","$","R","?","M","R","B",null],"character_chosen":"IRONCLAD","items_purchased":["MerchantsRug","Orichalcum","Medical Kit","MealTicket","HandOfGreed","Inflame","Clothesline","Strawberry","Toxic Egg 2","Feel No Pain+1","Entrench+1","Flame Barrier+1","Violence+1","Headbutt","Membership Card","Master of Strategy+1","Discovery+1","Shrug It Off+1","Power Through+1","Happy Flower","War Paint","Sadistic Nature","PanicButton+1","Orrery","StoneCalendar","Bottled Lightning","Trip+1"],"campfire_rested":2,"item_purchase_floors":[0,0,0,0,0,0,0,22,22,22,22,22,22,22,25,25,25,25,36,36,36,36,36,45,45,45,45],"current_hp_per_floor":[80,80,80,69,53,77,69,74,74,80,74,80,80,62,62,42,80,80,64,70,70,87,87,87,87,87,87,87,87,87,87,87,81,87,91,91,94,94,94,58,61,89,89,79,94,94,93,94,94,68],"gold":223,"neow_bonus":"","is_daily":false,"chose_seed":false,"campfire_upgraded":5,"win_rate":0.0,"timestamp":1612028329,"path_taken":["M","M","?","?","?","R","E","M","T","E","?","?","M","E","R","BOSS","M","?","M","?","?","M","E","$","T","?","R","E","M","M","R","BOSS","M","$","M","?","M","E","M","R","T","?","$","R","?","M","R","BOSS"],"items_purchased_type":["Relic","Relic","Relic","Relic","Card","Card","Card","Relic","Relic","Card","Card","Card","Card","Card","Relic","Card","Card","Card","Card","Relic","Relic","Card","Card","Relic","Relic","Relic","Card"],"build_version":"2020-12-22","purchased_purges":8,"victory":true,"max_hp_per_floor":[80,80,80,80,80,80,80,80,80,80,80,80,80,80,80,80,80,80,80,80,80,87,87,87,87,87,87,87,87,87,87,87,87,87,91,91,94,94,94,94,94,94,94,94,94,94,94,94,94,94],"card_choices":[{"not_picked":["Perfected Strike","Headbutt"],"picked":"Shrug It Off","floor":1},{"not_picked":["Sword Boomerang","Fire Breathing"],"picked":"Inflame","floor":2},{"not_picked":["Flame Barrier","Headbutt"],"picked":"Inflame+1","floor":7},{"not_picked":["Armaments","Flex"],"picked":"Intimidate","floor":8},{"not_picked":["Shrug It Off","Rage"],"picked":"Headbutt","floor":10},{"not_picked":["True Grit","Rupture+1"],"picked":"Armaments","floor":11},{"not_picked":["Whirlwind","Carnage"],"picked":"Dropkick","floor":12},{"not_picked":["Armaments","Burning Pact"],"picked":"Shrug It Off","floor":13},{"not_picked":["Perfected Strike","Twin Strike"],"picked":"Power Through","floor":14},{"not_picked":["Brutality+1","Reaper"],"picked":"Barricade+1","floor":16},{"not_picked":["Burning Pact","Anger"],"picked":"Dropkick","floor":18},{"not_picked":["Body Slam","Flex"],"picked":"Thunderclap","floor":20},{"not_picked":["Cleave","Perfected Strike"],"picked":"Iron Wave+1","floor":23},{"not_picked":["Dropkick+1","Iron Wave"],"picked":"Seeing Red+1","floor":24},{"not_picked":["Fiend Fire","Warcry+1"],"picked":"Shrug It Off+1","floor":29},{"not_picked":["True Grit+1","Twin Strike"],"picked":"Body Slam","floor":30},{"not_picked":["Twin Strike+1","Bloodletting+1"],"picked":"Pummel+1","floor":31},{"not_picked":["Double Tap+1","Corruption"],"picked":"Feed","floor":33},{"not_picked":["Shrug It Off+1","Thunderclap+1"],"picked":"Power Through+1","floor":35},{"not_picked":["True Grit+1","Uppercut"],"picked":"Seeing Red+1","floor":37},{"not_picked":["Battle Trance+1","Dropkick+1"],"picked":"Dark Embrace+1","floor":39},{"not_picked":["Rage+1","Searing Blow"],"picked":"Shrug It Off+1","floor":40},{"not_picked":["Cleave+1","Pommel Strike"],"picked":"Feed","floor":41},{"not_picked":["Swift Strike","Purity+1"],"picked":"Chrysalis+1","floor":44},{"not_picked":["Panache","Forethought+1"],"picked":"Finesse+1","floor":44},{"not_picked":["Dark Shackles+1","Secret Weapon+1"],"picked":"Chrysalis+1","floor":44},{"not_picked":["Bloodletting+1","Twin Strike+1"],"picked":"Rampage+1","floor":45},{"not_picked":["Body Slam+1","Headbutt"],"picked":"Shrug It Off+1","floor":45},{"not_picked":["Feel No Pain","Headbutt"],"picked":"Twin Strike+1","floor":45},{"not_picked":["Hemokinesis","Blood for Blood+1"],"picked":"Bludgeon","floor":45},{"not_picked":["Second Wind+1","True Grit+1"],"picked":"Seeing Red+1","floor":45},{"not_picked":["Flex+1","Twin Strike+1"],"picked":"Battle Trance+1","floor":47},{"not_picked":["Twin Strike+1","Headbutt"],"picked":"Sword Boomerang+1","floor":48}],"player_experience":252,"relics_obtained":[{"floor":7,"key":"Frozen Egg 2"},{"floor":9,"key":"Ornamental Fan"},{"floor":10,"key":"Bag of Preparation"},{"floor":14,"key":"Vajra"},{"floor":19,"key":"Necronomicon"},{"floor":21,"key":"Shuriken"},{"floor":24,"key":"Kunai"},{"floor":26,"key":"Ancient Tea Set"},{"floor":29,"key":"Boot"},{"floor":40,"key":"Juzu Bracelet"},{"floor":43,"key":"Oddly Smooth Stone"},{"floor":47,"key":"Unceasing Top"}],"event_choices":[{"damage_healed":0,"gold_gain":0,"player_choice":"Grow","damage_taken":0,"max_hp_gain":0,"max_hp_loss":0,"event_name":"Living Wall","floor":3,"gold_loss":0,"cards_upgraded":["HandOfGreed"]},{"damage_healed":0,"gold_gain":75,"player_choice":"Gather Gold","damage_taken":11,"max_hp_gain":0,"max_hp_loss":0,"event_name":"World of Goop","floor":4,"gold_loss":0},{"damage_healed":0,"gold_gain":0,"player_choice":"Entered Light","damage_taken":16,"max_hp_gain":0,"max_hp_loss":0,"event_name":"Shining Light","floor":5,"gold_loss":0,"cards_upgraded":["Strike_R","Strike_R"]},{"damage_healed":0,"gold_gain":0,"player_choice":"Searched \u00273\u0027 times","damage_taken":0,"relics_obtained":["Lantern"],"max_hp_gain":0,"max_hp_loss":0,"event_name":"Dead Adventurer","floor":11,"gold_loss":0},{"damage_healed":0,"gold_gain":0,"player_choice":"Obtained Book","damage_taken":16,"max_hp_gain":0,"max_hp_loss":0,"event_name":"Cursed Tome","floor":19,"gold_loss":0},{"damage_healed":0,"gold_gain":0,"player_choice":"Opened","damage_taken":0,"relics_obtained":["Potion Belt"],"max_hp_gain":0,"max_hp_loss":0,"event_name":"The Mausoleum","floor":27,"gold_loss":0},{"damage_healed":0,"gold_gain":275,"player_choice":"Desecrate","damage_taken":0,"max_hp_gain":0,"max_hp_loss":0,"event_name":"Golden Shrine","floor":38,"gold_loss":0,"cards_obtained":["Regret"]},{"damage_healed":0,"gold_gain":0,"player_choice":"Memory 3","damage_taken":10,"max_hp_gain":0,"max_hp_loss":0,"event_name":"SensoryStone","floor":44,"gold_loss":0},{"damage_healed":0,"gold_gain":0,"player_choice":"Fight","damage_taken":0,"max_hp_gain":0,"max_hp_loss":0,"event_name":"Mysterious Sphere","floor":47,"gold_loss":0}],"is_beta":false,"boss_relics":[{"not_picked":["Runic Dome","Velvet Choker"],"picked":"Sozu"},{"not_picked":["Snecko Eye","SacredBark"],"picked":"Runic Pyramid"}],"items_purged_floors":[22,22,22,25,25,36,45,45],"is_endless":false,"potions_floor_spawned":[7,10,11,12,13,20,29,31,33,41,48],"ascension_level":0}}