{"host":"hxmfoq77054plnuw","time":1612020166,"event":{"mods":["BaseMod","Colored Map","Colored Powertips","Downfall","Highlight Path","Minty Spire (QoL Compilation)","Quick Restart","Replay The Spire","Shop Mod","StSLib","SuperFastMode","[功能]功能增强和修复MOD","【遗物卡牌】REMEMod","篝火指南"],"gold_per_floor":[0,17,36,36,54,73,73,109,136,136,76,112,12,0,19,123,123,23,44,44,44,44],"floor_reached":20,"language":"ZHS","playtime":778,"items_purged":["Sickly","Regret","bronze:Strike","bronze:Strike","bronze:Strike","bronze:Strike","bronze:Defend","bronze:Defend","Inflame"],"score":182,"play_id":"45d98efe-8bc1-4cb6-94fc-980776d93ddb","local_time":"20210130162246","is_ascension_mode":false,"campfire_choices":[{"floor":1,"key":"RECALL"},{"data":"bronze:Verify","floor":10,"key":"SMITH"},{"data":"bronze:Shell","floor":13,"key":"SMITH"},{"floor":18,"key":"DIG"}],"circlet_count":0,"master_deck":["bronze:Defend","bronze:Defend","bronze:Replicate+1","bronze:Goto","bronze:FollowUp+1","bronze:FineTuning","bronze:Fortify","bronze:Verify+1","bronze:Replicate+1","bronze:FollowUp+1","bronze:Shell+1","bronze:InfiniteLoop","bronze:BronzeOrb"],"relics":["REME_ComplimentaryCards","EctoplasmExtend","CeramicFish","Vajra","downfall:HeartBlessingRed","Sozu","downfall:HeartBlessingGreen","Replay:Bottled Steam"],"acts_visited":["Exordium","TheCity"],"potions_floor_usage":[],"damage_taken":[{"damage":0,"enemies":"Small Slimes","floor":2,"turns":3},{"damage":1,"enemies":"Cultist","floor":3,"turns":3},{"damage":0,"enemies":"2 Louse","floor":5,"turns":3},{"damage":10,"enemies":"Exordium Thugs","floor":6,"turns":4},{"damage":5,"enemies":"Lagavulin","floor":8,"turns":6},{"damage":4,"enemies":"downfall:FleeingMerchant","floor":11,"turns":4},{"damage":14,"enemies":"Gremlin Nob","floor":12,"turns":3},{"damage":15,"enemies":"downfall:FleeingMerchant","floor":14,"turns":4},{"damage":0,"enemies":"Large Slime","floor":15,"turns":2},{"damage":11,"enemies":"WA_ARCHETYPE_RETAIN","floor":16,"turns":4},{"damage":0,"enemies":"Chosen","floor":19,"turns":3},{"damage":0,"enemies":"3 Byrds","floor":20,"turns":1}],"seed_played":"-128081202494283323","potions_obtained":[{"floor":3,"key":"LifebloodPotion"},{"floor":6,"key":"LiquidMemories"},{"floor":8,"key":"Swift Potion"},{"floor":15,"key":"Venom Potion"}],"is_trial":false,"path_per_floor":["R","M","M","?","M","M","T","E","?","R","$","E","R","$","M","B",null,"R_BF","M","M"],"character_chosen":"THE_AUTOMATON","items_purchased":[],"campfire_rested":0,"item_purchase_floors":[],"current_hp_per_floor":[70,70,69,69,69,59,59,54,54,54,50,36,36,21,21,10,70,70,70,70,70,70],"gold":44,"neow_bonus":"BOSS_RELIC","is_daily":false,"chose_seed":false,"campfire_upgraded":2,"win_rate":0.0,"timestamp":1612020166,"path_taken":["R","M","M","?","M","?","T","E","?","R","$","E","R","?","M","BOSS","R_BF","M","M"],"items_purchased_type":[],"build_version":"2020-12-22","purchased_purges":9,"victory":false,"max_hp_per_floor":[70,70,70,70,70,70,70,70,70,70,70,70,70,70,70,70,70,70,70,70,70,70],"card_choices":[{"not_picked":["bronze:Backtrace","bronze:Repulsor"],"picked":"bronze:FollowUp","floor":2},{"not_picked":["bronze:Refactor","bronze:Branch"],"picked":"bronze:FineTuning","floor":3},{"not_picked":["bronze:Branch","bronze:WildBeam"],"picked":"bronze:Fortify","floor":5},{"not_picked":["bronze:Repulsor","bronze:Shield","bronze:BitShift"],"picked":"SKIP","floor":6},{"not_picked":["bronze:Backtrace","bronze:ForLoop"],"picked":"bronze:Verify","floor":8},{"not_picked":["bronze:Allocate","bronze:DelayedGuard","bronze:OilSpill"],"picked":"SKIP","floor":11},{"not_picked":["bronze:Branch","bronze:Iterate"],"picked":"bronze:Shell","floor":12},{"not_picked":["bronze:ClassDefault","bronze:Deprecate","bronze:GetLatest"],"picked":"SKIP","floor":14},{"not_picked":["bronze:Iterate","bronze:Format","bronze:Separator"],"picked":"SKIP","floor":15},{"not_picked":["bronze:Assembly","bronze:SpaghettiCode"],"picked":"bronze:InfiniteLoop","floor":16},{"not_picked":["bronze:DarkDash","bronze:Repulsor+1"],"picked":"bronze:BronzeOrb","floor":19}],"player_experience":341140,"relics_obtained":[{"floor":8,"key":"CeramicFish"},{"floor":12,"key":"Vajra"},{"floor":18,"key":"Replay:Bottled Steam"}],"event_choices":[],"is_beta":false,"boss_relics":[{"not_picked":["Velvet Choker","ReplayTheSpireMod:DimensionalGlitch"],"picked":"Sozu"}],"items_purged_floors":[11,11,11,11,11,11,11,11,11],"is_endless":false,"potions_floor_spawned":[3,6,8,12,15,16],"killed_by":"3 Byrds","ascension_level":0}}