{"host":"7jl4uf745pjtflnx","time":1612038690,"event":{"mods":["BaseMod","BetterRewards","Hubris","Minty Spire (QoL Compilation)","Replay The Spire","StSLib","SuperFastMode","The Construct"],"gold_per_floor":[109,109,124,12,27,27,60,60,60,71,71,71,100,115,115,186,186,196,196,23,23,34,63,76,110,137,167,195,245,245,262,262,339,339,354,17,342,342,361,387,387,387,387,417,435,465,75,104,104,104,104,104,104,17,42,42],"floor_reached":57,"language":"ENG","playtime":2061,"items_purged":["Strike_B","Strike_B","Strike_B","Strike_B+1","Pain","Dualcast"],"score":3758,"play_id":"02424eca-c67f-4870-a7b4-682315fcb025","local_time":"20210130153130","is_ascension_mode":true,"campfire_choices":[{"floor":6,"key":"REST"},{"data":"Defragment","floor":12,"key":"SMITH"},{"data":"Defragment","floor":12,"key":"SMITH"},{"data":"Defragment","floor":15,"key":"SMITH"},{"data":"Storm","floor":15,"key":"SMITH"},{"data":"Loop","floor":30,"key":"SMITH"},{"data":"hubris:PowerSurge","floor":30,"key":"SMITH"},{"data":"Biased Cognition","floor":32,"key":"SMITH"},{"data":"Panacea","floor":32,"key":"SMITH"},{"floor":41,"key":"RECALL"},{"data":"Coolheaded","floor":42,"key":"SMITH"},{"data":"Defend_B","floor":42,"key":"SMITH"},{"data":"Glacier","floor":49,"key":"SMITH"},{"data":"Defend_B","floor":49,"key":"SMITH"},{"data":"Defend_B","floor":53,"key":"SMITH"},{"data":"Defend_B+1","floor":53,"key":"SMITH"}],"circlet_count":0,"master_deck":["AscendersBane","Defend_B+2","Defend_B+1","Defend_B+1","Defend_B+1","Zap","FTL+1","FIFO Queue","Flash of Steel","Barrage+1","Panacea+1","Defragment+1","Glacier+1","Apotheosis+1","Defragment+1","hubris:PowerSurge+1","hubris:EnhanceAbility+1","Conserve Battery","Coolheaded+1","Cold Snap","Defragment+1","Storm+1","Zap","Ball Lightning","Hello World","Loop+1","Biased Cognition+1","Loop+1","FIFO Queue+1","Self Repair+1","Echo Form+1","hubris:PowerSurge+1","Crystallizer+1","Electrodynamics+1","hubris:EnhanceAbility+1","Chill+1","Loop+1"],"relics":["Cracked Core","ClockworkSouvenir","Replay:Arrowhead","Simple Rune","DollysMirror","Orichalcum","DataDisk","Whetstone","Replay:Ringing Soul","Carrot","Black Star","ReplayTheSpireMod:CursedCoin","Pondfish Scales","Bronze Scales","Lantern","Smiling Mask","WingedGreaves","Frozen Egg 2","construct:BoolHorns","Incense Burner","Blue Candle","hubris:RunicObelisk","Solar Panel","Old Coin","hubris:Towel","Replay:Rubber Ducky","hubris:ToyBattleship","Replay:Baseball","Gremlin Food","Chameleon Ring","Geode","Letter Opener","Runic Capacitor","ReplayFunnel","ReplayTheSpireMod:Shallot","Oddly Smooth Stone","Bottled Tornado"],"acts_visited":["Exordium","TheCity","TheBeyond","TheEnding"],"potions_floor_usage":[56],"damage_taken":[{"damage":0,"enemies":"2 Louse","floor":1,"turns":3},{"damage":0,"enemies":"Small Slimes","floor":3,"turns":3},{"damage":0,"enemies":"Cultist","floor":5,"turns":4},{"damage":0,"enemies":"3 Sentries","floor":7,"turns":9},{"damage":0,"enemies":"Looter","floor":10,"turns":2},{"damage":0,"enemies":"Lagavulin","floor":13,"turns":4},{"damage":0,"enemies":"Red Slaver","floor":14,"turns":2},{"damage":0,"enemies":"Fading Forest","floor":16,"turns":13},{"damage":0,"enemies":"2 Thieves","floor":18,"turns":3},{"damage":3,"enemies":"Chosen","floor":22,"turns":2},{"damage":8,"enemies":"Slavers","floor":23,"turns":4},{"damage":0,"enemies":"Snecko","floor":24,"turns":3},{"damage":7,"enemies":"Replay:Snechameleon","floor":25,"turns":3},{"damage":16,"enemies":"Slavers","floor":27,"turns":3},{"damage":0,"enemies":"Replay:Snechameleon","floor":28,"turns":3},{"damage":2,"enemies":"3 Cultists","floor":31,"turns":4},{"damage":16,"enemies":"hubris:MusketHawk","floor":33,"turns":5},{"damage":9,"enemies":"Orb Walker","floor":35,"turns":3},{"damage":0,"enemies":"Mind Bloom Boss Battle","floor":37,"turns":2},{"damage":2,"enemies":"3 Shapes","floor":39,"turns":2},{"damage":0,"enemies":"R_Hoarder","floor":40,"turns":3},{"damage":0,"enemies":"Reptomancer","floor":44,"turns":3},{"damage":18,"enemies":"Jaw Worm Horde","floor":45,"turns":2},{"damage":0,"enemies":"R_Hoarder","floor":46,"turns":3},{"damage":0,"enemies":"Nemesis","floor":48,"turns":3},{"damage":0,"enemies":"Replay:Hell Engine","floor":50,"turns":5},{"damage":0,"enemies":"Time Eater","floor":51,"turns":6},{"damage":3,"enemies":"Shield and Spear","floor":55,"turns":3},{"damage":3,"enemies":"The Heart","floor":56,"turns":5}],"seed_played":"-7659548009782233144","potions_obtained":[{"floor":1,"key":"FocusPotion"},{"floor":22,"key":"FairyPotion"}],"is_trial":false,"path_per_floor":["M","?","M","$","M","R","E","?","T","M","?","R","E","M","R","B",null,"M","?","$","?","M","E","M","E","T","E","E","?","R","M","R","B",null,"M","$","?","?","M","E","R","R","T","E","M","E","$","E","R","B","B",null,"R","$","E","B",null],"character_chosen":"DEFECT","items_purchased":["FTL","FIFO Queue","ClockworkSouvenir","Replay:Arrowhead","Simple Rune","Flash of Steel","EntropicBrew","Barrage","Panacea","Defragment","Glacier","Apotheosis","DollysMirror","hubris:PowerSurge","hubris:EnhanceAbility","Orichalcum","Conserve Battery","DataDisk","SkillPotion","Coolheaded","Cold Snap","ReplayTheSpireMod:CursedCoin","Pondfish Scales","Solar Panel","Runic Capacitor","hubris:EnhanceAbility+1","Loop+1"],"campfire_rested":1,"item_purchase_floors":[0,0,0,0,0,0,0,0,0,0,0,0,0,0,0,0,0,0,0,4,4,20,20,36,47,47,54],"current_hp_per_floor":[22,22,22,22,22,43,43,43,43,46,46,46,49,52,52,77,82,85,85,88,88,85,77,77,73,73,57,60,60,60,58,58,55,87,81,81,98,98,104,104,104,104,104,107,103,107,110,113,113,113,113,113,113,116,116,116],"gold":42,"neow_bonus":"","is_daily":false,"chose_seed":false,"campfire_upgraded":14,"win_rate":0.0,"timestamp":1612038690,"path_taken":["M","?","M","$","M","R","E","?","T","?","?","R","E","M","R","BOSS","M","?","$","?","M","E","?","E","T","E","E","?","R","M","R","BOSS","M","$","?","?","?","E","R","R","T","E","M","E","$","E","R","BOSS","BOSS","R","$","E","BOSS"],"items_purchased_type":["Card","Card","Relic","Relic","Relic","Card","Potion","Card","Card","Card","Card","Card","Relic","Card","Card","Relic","Card","Relic","Potion","Card","Card","Relic","Relic","Relic","Relic","Card","Card"],"build_version":"2020-12-22","purchased_purges":6,"victory":true,"max_hp_per_floor":[71,71,71,71,71,71,71,71,71,74,74,74,77,80,80,83,83,86,86,89,89,89,89,89,92,92,92,95,95,95,95,95,98,98,101,101,104,104,104,104,104,104,104,107,107,107,110,113,113,113,113,113,113,116,116,116],"card_choices":[{"not_picked":["Gash","Reinforced Body","Go for the Eyes"],"picked":"SKIP","floor":1},{"not_picked":["ReplaySolidLightProjector","Rebound","Aggregate"],"picked":"SKIP","floor":3},{"not_picked":["Coolheaded","ReplaySort"],"picked":"Defragment","floor":5},{"not_picked":["Gash","Auto Shields"],"picked":"Storm","floor":7},{"not_picked":["Streamline","Sweeping Beam"],"picked":"Ball Lightning","floor":10},{"not_picked":["Barrage","ReplayTheSpireMod:System Scan"],"picked":"Hello World","floor":13},{"not_picked":["Hologram","Defragment"],"picked":"Loop","floor":14},{"not_picked":["Buffer","Mirror Shield"],"picked":"Biased Cognition","floor":16},{"not_picked":["Consume","Leap"],"picked":"Loop+1","floor":18},{"not_picked":["Force Field","ReplayGash","Darkness"],"picked":"SKIP","floor":22},{"not_picked":["Streamline","Go for the Eyes","Conserve Battery"],"picked":"SKIP","floor":23},{"not_picked":["Fusion","Consume","Sunder"],"picked":"SKIP","floor":24},{"not_picked":["Go for the Eyes","Streamline+1"],"picked":"FIFO Queue+1","floor":25},{"not_picked":["Sweeping Beam","Turbo","Reinforced Body"],"picked":"SKIP","floor":27},{"not_picked":["Aggregate","Rebound"],"picked":"Self Repair+1","floor":28},{"not_picked":["Barrage","Beam Cell","Lockon"],"picked":"SKIP","floor":31},{"not_picked":["Seek","Meteor Strike"],"picked":"Echo Form+1","floor":33},{"not_picked":["Leap+1","Tempest"],"picked":"hubris:PowerSurge+1","floor":35},{"not_picked":["Rebound","Stack+1"],"picked":"Crystallizer+1","floor":37},{"not_picked":["Rip and Tear","Turbo","Sweeping Beam"],"picked":"SKIP","floor":39},{"not_picked":["Scrape","Go for the Eyes","Force Field+1"],"picked":"SKIP","floor":40},{"not_picked":["Fusion","Leap"],"picked":"Electrodynamics+1","floor":44},{"not_picked":["ReplayGash+1","Panic Button+1","Steam"],"picked":"SKIP","floor":45},{"not_picked":["Gash","Undo","Streamline"],"picked":"SKIP","floor":46},{"not_picked":["Hologram","Sweeping Beam"],"picked":"Chill+1","floor":48},{"not_picked":["Steam+1","Stack","ReplayGash"],"picked":"SKIP","floor":55}],"player_experience":743999,"relics_obtained":[{"floor":7,"key":"Whetstone"},{"floor":9,"key":"Replay:Ringing Soul"},{"floor":13,"key":"Carrot"},{"floor":23,"key":"Bronze Scales"},{"floor":23,"key":"Lantern"},{"floor":25,"key":"Smiling Mask"},{"floor":25,"key":"WingedGreaves"},{"floor":27,"key":"Frozen Egg 2"},{"floor":27,"key":"construct:BoolHorns"},{"floor":28,"key":"Incense Burner"},{"floor":28,"key":"Blue Candle"},{"floor":37,"key":"Old Coin"},{"floor":40,"key":"Replay:Rubber Ducky"},{"floor":40,"key":"hubris:ToyBattleship"},{"floor":43,"key":"Replay:Baseball"},{"floor":44,"key":"Gremlin Food"},{"floor":44,"key":"Chameleon Ring"},{"floor":46,"key":"Geode"},{"floor":46,"key":"Letter Opener"},{"floor":48,"key":"ReplayFunnel"},{"floor":48,"key":"ReplayTheSpireMod:Shallot"},{"floor":55,"key":"Oddly Smooth Stone"},{"floor":55,"key":"Bottled Tornado"}],"event_choices":[{"damage_healed":0,"gold_gain":0,"player_choice":"Ignored","damage_taken":0,"max_hp_gain":0,"max_hp_loss":0,"event_name":"Golden Idol","floor":2,"gold_loss":0},{"damage_healed":0,"gold_gain":0,"player_choice":"1 cards matched","damage_taken":0,"max_hp_gain":0,"max_hp_loss":0,"event_name":"Match and Keep!","floor":8,"gold_loss":0,"cards_obtained":["Zap"]},{"damage_healed":0,"gold_gain":0,"player_choice":"Forge","damage_taken":0,"max_hp_gain":0,"max_hp_loss":0,"event_name":"Accursed Blacksmith","floor":11,"gold_loss":0,"cards_upgraded":["hubris:EnhanceAbility"]},{"damage_healed":0,"gold_gain":0,"player_choice":"Ignored","damage_taken":0,"max_hp_gain":0,"max_hp_loss":0,"event_name":"Ghosts","floor":19,"gold_loss":0},{"damage_healed":0,"gold_gain":0,"player_choice":"Upgraded","damage_taken":0,"max_hp_gain":0,"max_hp_loss":0,"event_name":"Upgrade Shrine","floor":21,"gold_loss":0,"cards_upgraded":["Apotheosis"]},{"damage_healed":0,"gold_gain":50,"player_choice":"Stole From Cult","damage_taken":0,"max_hp_gain":0,"max_hp_loss":0,"event_name":"Nest","floor":29,"gold_loss":0},{"damage_healed":0,"gold_gain":0,"player_choice":"Fight","damage_taken":0,"max_hp_gain":0,"max_hp_loss":0,"event_name":"MindBloom","floor":37,"gold_loss":0}],"is_beta":false,"boss_relics":[{"not_picked":["hubris:ScarierMask","Pandora\u0027s Box"],"picked":"Black Star"},{"not_picked":["Ring of Chaos","Cursed Key"],"picked":"hubris:RunicObelisk"}],"items_purged_floors":[0,0,0,0,36,47],"is_endless":false,"potions_floor_spawned":[1,5,7,13,14,22,25,31,33,37,44,46,55],"ascension_level":20}}