{"host":"farxtl2u8hmkbdo2","time":1612050043,"event":{"mods":["A Magickal Journey","BaseMod","Better Altar","Better Note","Better Sensory Stone","Better Skull","Better Third Choice","Challenge The Spire","Colored Map","Colored Powertips","Current Relic Mod","Energized Spire","Fox Events","Gremlin Mod","Hermit","Hubris","Mimic Mod","Minty Spire (QoL Compilation)","Quick Restart","READ ME - Guardian Mod","READ ME - Snecko Mod","Rare Cards Sparkle","StSLib","The Bladedancer","The Bug Knight","The Cursed","The Disciple","The Hierophant","The Marked","The Necromancer","The Runesmith","Transform Curses"],"gold_per_floor":[117,136,86,11,24,57,67,103,103,103,134,134,199,22,22,170,120,197,197,197,271,181,270,270,363,458,582,582,52,178,335,335,605,605,797,797,797,797,347,347,549,549,549,737,737,926,1139,84,84,84],"floor_reached":51,"language":"SPA","playtime":2734,"items_purged":["TheCursedMod:Strike_TheCursed"],"score":1099,"play_id":"77f7ea72-a087-49c5-bc7a-722514f68093","local_time":"20210130204043","is_ascension_mode":true,"campfire_choices":[{"data":"TheCursedMod:SpreadPlague","floor":10.0,"key":"SMITH"},{"floor":12.0,"key":"REST"},{"data":"TheCursedMod:NeowsMight","floor":15.0,"key":"SMITH"},{"data":"TheCursedMod:DarkBarrier","floor":24.0,"key":"SMITH"},{"data":"TheCursedMod:HellsGateOpen","floor":32.0,"key":"SMITH"},{"data":"TheCursedMod:CircleOfFlame","floor":40.0,"key":"SMITH"},{"floor":42.0,"key":"REST"},{"floor":49.0,"key":"REST"}],"circlet_count":0,"master_deck":["TheCursedMod:Strike_TheCursed","TheCursedMod:Strike_TheCursed+1","TheCursedMod:Strike_TheCursed","TheCursedMod:Defend_TheCursed","TheCursedMod:Defend_TheCursed","TheCursedMod:Defend_TheCursed","TheCursedMod:CursedWand","TheCursedMod:CleanUpWorkshop","TheCursedMod:VoidForm","TheCursedMod:SurpriseAttack","TheCursedMod:TacticalStrike","TheCursedMod:FuryStrike","TheCursedMod:CircleOfAmplification","hubris:Greed","TheCursedMod:HellsGateOpen+1","hubris:Greed","hubris:Greed","TheCursedMod:NeowsMight+1","hubris:Greed","hubris:Greed","hubris:Greed","TheCursedMod:DemonSword","TheCursedMod:CursedBlade+1","hubris:Greed","hubris:Greed","hubris:Greed","TheCursedMod:DarkBarrier+1","TheCursedMod:Strike_TheCursed","TheCursedMod:FleshFromBone","hubris:Greed","hubris:Greed","hubris:Greed","TheCursedMod:SoulReap+1","TheCursedMod:CircleOfCorruption","hubris:Greed","TheCursedMod:CursedAmulet+1","hubris:Greed","hubris:Greed","hubris:Greed","TheCursedMod:CircleOfBlood","hubris:Greed","hubris:Greed","hubris:Greed","TheCursedMod:StingEye","TheCursedMod:CircleOfFlame+1","TheCursedMod:DemonicPact","hubris:Greed","hubris:Greed","hubris:Greed","hubris:Greed","TheCursedMod:ShockAndAwe","hubris:Greed","hubris:Greed","hubris:Greed","TheCursedMod:StunningStrike","hubris:Greed","hubris:Greed","hubris:Greed","hubris:Greed","hubris:Greed","hubris:Greed","hubris:Greed","hubris:Greed","hubris:Greed","TheCursedMod:VoidForm","TheCursedMod:SurpriseAttack+1","Panache","TheCursedMod:SmokeScreen","TheCursedMod:Obscuration+1","TheCursedMod:FleshFromBone","hubris:Greed","TheCursedMod:HellfireBreathing","TheCursedMod:DarkBarrier","TheCursedMod:SpitefulStrike","TheCursedMod:RavingStaff+1","TheCursedMod:ReleasedKnowledge+1","TheCursedMod:CircleOfBlood","TheCursedMod:CircleOfCorruption","TheCursedMod:StingEye","Secret Technique"],"relics":["TheCursedMod:BlackMagic101","PreservedInsect","Calipers","Nunchaku","Art of War","Toolbox","energizedSpire:HugeHouse","Enchiridion","hubris:Icosahedron","hubris:SlimyHat","Whetstone","Kunai","Akabeko","hubris:Towel","hubris:BottledRain","Lizard Tail","SacredBark","Ancient Tea Set","Bag of Preparation","hubris:CrystalStatue","Pear","Pantograph","Lantern","Orrery"],"acts_visited":["Exordium","TheCity","TheBeyond"],"potions_floor_usage":[50,50,50],"damage_taken":[{"damage":11.0,"enemies":"Small Slimes","floor":1.0,"turns":5.0},{"damage":0.0,"enemies":"2 Louse","floor":2.0,"turns":3.0},{"damage":1.0,"enemies":"Cultist","floor":5.0,"turns":4.0},{"damage":21.0,"enemies":"3 Sentries","floor":6.0,"turns":9.0},{"damage":1.0,"enemies":"3 Louse","floor":7.0,"turns":2.0},{"damage":0.0,"enemies":"Lagavulin","floor":8.0,"turns":3.0},{"damage":8.0,"enemies":"Blue Slaver","floor":11.0,"turns":3.0},{"damage":9.0,"enemies":"Gremlin Nob","floor":13.0,"turns":3.0},{"damage":16.0,"enemies":"Hexaghost","floor":16.0,"turns":6.0},{"damage":7.0,"enemies":"Chosen","floor":18.0,"turns":4.0},{"damage":0.0,"enemies":"Spheric Guardian","floor":21.0,"turns":1.0},{"damage":5.0,"enemies":"Slavers","floor":23.0,"turns":4.0},{"damage":10.0,"enemies":"Gremlin Leader","floor":25.0,"turns":5.0},{"damage":10.0,"enemies":"Chosen and Byrds","floor":26.0,"turns":5.0},{"damage":3.0,"enemies":"Slavers","floor":27.0,"turns":3.0},{"damage":13.0,"enemies":"Chosen and Byrds","floor":30.0,"turns":6.0},{"damage":7.0,"enemies":"Gremlin Leader","floor":31.0,"turns":5.0},{"damage":17.0,"enemies":"hubris:MusketHawk","floor":33.0,"turns":9.0},{"damage":11.0,"enemies":"3 Darklings","floor":35.0,"turns":3.0},{"damage":30.0,"enemies":"Reptomancer","floor":41.0,"turns":6.0},{"damage":8.0,"enemies":"Orb Walker","floor":44.0,"turns":2.0},{"damage":6.0,"enemies":"4 Shapes","floor":46.0,"turns":2.0},{"damage":25.0,"enemies":"Giant Head","floor":47.0,"turns":7.0},{"damage":32,"enemies":"Donu and Deca","floor":50,"turns":6}],"seed_played":"-5103544478409831582","potions_obtained":[{"floor":7.0,"key":"SteroidPotion"},{"floor":8.0,"key":"TheCursedMod:DregsPotion"},{"floor":13.0,"key":"Fire Potion"},{"floor":16.0,"key":"Explosive Potion"},{"floor":23.0,"key":"Explosive Potion"},{"floor":30.0,"key":"Swift Potion"},{"floor":31.0,"key":"SpeedPotion"},{"floor":33.0,"key":"ColorlessPotion"},{"floor":46.0,"key":"EssenceOfSteel"},{"floor":47.0,"key":"PowerPotion"}],"is_trial":false,"path_per_floor":["M","M","?","$","M","E","M","E","T","R","M","R","E","$","R","B",null,"M","?","?","M","?","E","R","E","MIM","E","?","$","M","E","R","B",null,"M","?","?","?","$","R","E","R","T","M","?","M","E","$","R","B",null],"character_chosen":"THE_CURSED","items_purchased":["Toolbox","TheCursedMod:CursedBlade","hubris:BottledRain","TheCursedMod:CircleOfFlame","TheCursedMod:DemonicPact","DuplicationPotion","ColorlessPotion","Ancient Tea Set","AttackPotion","Panache","Strength Potion","Pantograph","Lantern","TheCursedMod:HellfireBreathing","TheCursedMod:DarkBarrier","Orrery","Explosive Potion","TheCursedMod:CircleOfCorruption","TheCursedMod:StingEye","Secret Technique"],"campfire_rested":3,"item_purchase_floors":[14,14,29,29,29,29,29,39,39,39,39,48,48,48,48,48,48,48,48,48],"current_hp_per_floor":[43,43,43,43,42,21,20,20,20,20,12,34,25,25,25,9,70,63,47,47,47,47,44,44,43,40,48,48,48,48,55,55,47,70,59,59,59,59,59,59,29,50,50,42,42,36,30,30,54,51],"gold":84,"neow_bonus":"THREE_RARE_CARDS","is_daily":false,"chose_seed":false,"campfire_upgraded":5,"win_rate":0.0,"timestamp":1612050043,"path_taken":["M","M","?","$","M","E","M","E","T","R","M","R","E","$","R","BOSS","M","?","?","M","?","E","R","E","MIM","E","?","$","M","E","R","BOSS","M","?","?","?","$","R","E","R","T","?","?","M","E","$","R","BOSS"],"items_purchased_type":["Relic","Card","Relic","Card","Card","Potion","Potion","Relic","Potion","Card","Potion","Relic","Relic","Card","Card","Relic","Potion","Card","Card","Card"],"build_version":"2020-12-22","purchased_purges":1,"victory":true,"max_hp_per_floor":[75,75,75,75,75,75,75,75,75,75,75,75,75,75,75,75,70,70,70,70,70,70,70,70,70,70,70,70,70,70,70,70,70,70,70,70,70,70,70,70,70,70,70,70,70,70,80,80,80,80],"card_choices":[{"not_picked":["TheCursedMod:CircleOfAbyss","TheCursedMod:DarkBarrier"],"picked":"TheCursedMod:VoidForm","floor":0.0},{"not_picked":["TheCursedMod:RavingStaff","TheCursedMod:Wield"],"picked":"TheCursedMod:SurpriseAttack","floor":1.0},{"not_picked":["TheCursedMod:Stretching","TheCursedMod:Obscuration"],"picked":"TheCursedMod:SpreadPlague","floor":2.0},{"not_picked":["TheCursedMod:Hemoplague","TheCursedMod:WearCloak"],"picked":"TheCursedMod:TacticalStrike","floor":5.0},{"not_picked":["TheCursedMod:CursedBoomerang","TheCursedMod:EmpowerCircles"],"picked":"TheCursedMod:FuryStrike","floor":6.0},{"not_picked":["TheCursedMod:CursedBlade","TheCursedMod:SurpriseAttack"],"picked":"TheCursedMod:CircleOfAmplification","floor":7.0},{"not_picked":["TheCursedMod:SpitefulPray","TheCursedMod:DoubleShield"],"picked":"TheCursedMod:HellsGateOpen","floor":8.0},{"not_picked":["TheCursedMod:VitalStrike","TheCursedMod:Wield"],"picked":"TheCursedMod:NeowsMight","floor":11.0},{"not_picked":["TheCursedMod:WearCloak","TheCursedMod:TacticalStrike"],"picked":"TheCursedMod:DemonSword","floor":13.0},{"not_picked":["TheCursedMod:Neurasthenia","TheCursedMod:CursedRelics"],"picked":"TheCursedMod:DarkBarrier","floor":16.0},{"not_picked":["TheCursedMod:SpitefulPlan","TheCursedMod:RavingStaff+1"],"picked":"TheCursedMod:SoulReap","floor":18.0},{"not_picked":["TheCursedMod:FleshFromBone","TheCursedMod:SpreadPlague"],"picked":"TheCursedMod:CircleOfCorruption","floor":21.0},{"not_picked":["TheCursedMod:SaltUponWound","TheCursedMod:RavingStaff","TheCursedMod:Stigma+1"],"picked":"SKIP","floor":23.0},{"not_picked":["TheCursedMod:CircleOfWindfury","TheCursedMod:Stigma"],"picked":"TheCursedMod:CursedAmulet+1","floor":25.0},{"not_picked":["TheCursedMod:CircleOfAmplification","TheCursedMod:Stigma"],"picked":"TheCursedMod:CircleOfBlood","floor":26.0},{"not_picked":["TheCursedMod:VitalStrike","TheCursedMod:TacticalStrike+1"],"picked":"TheCursedMod:StingEye","floor":27.0},{"not_picked":["TheCursedMod:Grudge+1","TheCursedMod:VitalStrike+1"],"picked":"TheCursedMod:ShockAndAwe","floor":30.0},{"not_picked":["TheCursedMod:WearCloak+1","TheCursedMod:StingEye"],"picked":"TheCursedMod:StunningStrike","floor":31.0},{"not_picked":["TheCursedMod:CursedRelics","TheCursedMod:UltimatePain"],"picked":"TheCursedMod:VoidForm","floor":33.0},{"not_picked":["TheCursedMod:Stretching","TheCursedMod:CursedBlade+1"],"picked":"TheCursedMod:SurpriseAttack+1","floor":35.0},{"not_picked":["TheCursedMod:WearCloak+1","TheCursedMod:CircleOfFlame"],"picked":"TheCursedMod:SmokeScreen","floor":41.0},{"not_picked":["TheCursedMod:SmokeScreen+1","TheCursedMod:TroublousMinions+1"],"picked":"TheCursedMod:Obscuration+1","floor":44.0},{"not_picked":["TheCursedMod:DemonicPact","TheCursedMod:WearCloak"],"picked":"TheCursedMod:FleshFromBone","floor":46.0},{"not_picked":["TheCursedMod:Hemoplague","TheCursedMod:Torture+1","TheCursedMod:VitalStrike+1"],"picked":"SKIP","floor":47.0},{"not_picked":["TheCursedMod:EmpowerCircles+1","TheCursedMod:CursedBoomerang"],"picked":"TheCursedMod:SpitefulStrike","floor":48.0},{"not_picked":["TheCursedMod:Torture","TheCursedMod:CursedBlade+1"],"picked":"TheCursedMod:RavingStaff+1","floor":48.0},{"not_picked":["TheCursedMod:UltimatePain","TheCursedMod:Obscuration+1"],"picked":"TheCursedMod:ReleasedKnowledge+1","floor":48.0},{"not_picked":["TheCursedMod:SurpriseAttack","TheCursedMod:Obscuration+1"],"picked":"TheCursedMod:CircleOfBlood","floor":48.0}],"player_experience":1987123,"relics_obtained":[{"floor":6.0,"key":"PreservedInsect"},{"floor":8.0,"key":"Calipers"},{"floor":9.0,"key":"Nunchaku"},{"floor":13.0,"key":"Art of War"},{"floor":19.0,"key":"Enchiridion"},{"floor":23.0,"key":"hubris:SlimyHat"},{"floor":25.0,"key":"Whetstone"},{"floor":26.0,"key":"Kunai"},{"floor":27.0,"key":"Akabeko"},{"floor":31.0,"key":"Lizard Tail"},{"floor":41.0,"key":"Bag of Preparation"},{"floor":43.0,"key":"hubris:CrystalStatue"},{"floor":47.0,"key":"Pear"}],"event_choices":[{"cards_removed":["TheCursedMod:Defend_TheCursed"],"damage_healed":0.0,"max_hp_gain":0.0,"max_hp_loss":0.0,"gold_gain":0.0,"event_name":"The Cleric","player_choice":"Card Removal","floor":3.0,"gold_loss":50.0,"damage_taken":0.0},{"damage_healed":0.0,"max_hp_gain":0.0,"max_hp_loss":0.0,"gold_gain":0.0,"event_name":"Cursed Tome","player_choice":"Obtained Book","floor":19.0,"gold_loss":0.0,"damage_taken":16.0},{"cards_removed":["TheCursedMod:Dregs"],"damage_healed":0.0,"max_hp_gain":0.0,"max_hp_loss":0.0,"gold_gain":0.0,"event_name":"Designer","player_choice":"Upgrade and Remove","floor":22.0,"gold_loss":90.0,"damage_taken":0.0,"cards_upgraded":["TheCursedMod:Strike_TheCursed"]},{"damage_healed":0.0,"max_hp_gain":0.0,"max_hp_loss":0.0,"gold_gain":0.0,"event_name":"Tomb of Lord Red Mask","player_choice":"Ignored","floor":37.0,"gold_loss":0.0,"damage_taken":0.0},{"damage_healed":0.0,"max_hp_gain":0.0,"max_hp_loss":0.0,"gold_gain":0.0,"event_name":"Fountain of Cleansing","player_choice":"Ignored","floor":38.0,"gold_loss":0.0,"damage_taken":0.0}],"is_beta":false,"boss_relics":[{"not_picked":["Tiny House","Philosopher\u0027s Stone"],"picked":"energizedSpire:HugeHouse"},{"not_picked":["Runic Dome","energizedSpire:StickyHand"],"picked":"SacredBark"}],"items_purged_floors":[4],"is_endless":false,"potions_floor_spawned":[7,8,13,16,23,30,31,33,46,47],"ascension_level":2}}