{"host":"lktusdb9orijgc6z","time":1612022054,"event":{"mods":["BaseMod","Bestiary","Colored Map","Colored Powertips","Minty Spire (QoL Compilation)","Permanent Neow","Quick Restart","Relic Stats","StSLib","everything is the same but u backflip on backflip","slay the spire mod where everything is the same but ironclad has a cowboy hat"],"gold_per_floor":[359,27,41,58,74,104,104,131,131,143,159,159,159,184,184,256,256,276,27,40,40,59,59,59],"floor_reached":23,"language":"ENG","playtime":905,"items_purged":[],"score":426,"play_id":"7f072b88-0a47-4b29-9e09-44d00bedc0cf","local_time":"20210130165414","is_ascension_mode":true,"campfire_choices":[{"data":"Chaos","floor":7.0,"key":"SMITH"},{"floor":12,"key":"REST"},{"floor":15,"key":"REST"}],"circlet_count":0,"master_deck":["AscendersBane","Strike_B","Strike_B","Strike_B","Strike_B","Defend_B","Defend_B","Defend_B+1","Defend_B+1","Zap","Dualcast","Cold Snap","Genetic Algorithm","Chaos+1","Coolheaded","Sweeping Beam","Darkness","Steam","Capacitor","Darkness","Multi-Cast","Doom and Gloom","Barrage","Double Energy","Seek","Melter","Chill","Reinforced Body","Seek"],"relics":["Cracked Core","DataDisk","Nunchaku","Dream Catcher","War Paint","Letter Opener","Pantograph","Cursed Key","Happy Flower"],"acts_visited":["Exordium","TheCity"],"potions_floor_usage":[11,22,23],"damage_taken":[{"damage":1.0,"enemies":"Cultist","floor":1.0,"turns":3.0},{"damage":7.0,"enemies":"Small Slimes","floor":3.0,"turns":3.0},{"damage":6.0,"enemies":"2 Louse","floor":4.0,"turns":3.0},{"damage":16.0,"enemies":"Exordium Wildlife","floor":5.0,"turns":4.0},{"damage":17.0,"enemies":"Lagavulin","floor":6.0,"turns":6.0},{"damage":14.0,"enemies":"3 Sentries","floor":8.0,"turns":7.0},{"damage":0.0,"enemies":"3 Louse","floor":10.0,"turns":3.0},{"damage":0,"enemies":"Large Slime","floor":11,"turns":3},{"damage":17,"enemies":"Lagavulin","floor":14,"turns":5},{"damage":5,"enemies":"The Guardian","floor":16,"turns":8},{"damage":18,"enemies":"3 Byrds","floor":18,"turns":4},{"damage":9,"enemies":"Shell Parasite","floor":20,"turns":4},{"damage":0,"enemies":"Snake Plant","floor":22,"turns":3},{"damage":34,"enemies":"Gremlin Leader","floor":23,"turns":8}],"seed_played":"5135989357592043209","potions_obtained":[{"floor":3.0,"key":"FocusPotion"},{"floor":5.0,"key":"Weak Potion"},{"floor":8.0,"key":"EntropicBrew"},{"floor":14,"key":"FearPotion"},{"floor":16,"key":"PotionOfCapacity"},{"floor":18,"key":"Block Potion"},{"floor":20,"key":"Block Potion"}],"is_trial":false,"path_per_floor":["M","$","M","M","M","E","R","E","T","M","M","R","T","E","R","B",null,"M","$","M","?","M","E"],"character_chosen":"DEFECT","items_purchased":["DataDisk","Genetic Algorithm","Chaos","Chill","Happy Flower"],"campfire_rested":2,"item_purchase_floors":[2,2,2,19,19],"current_hp_per_floor":[63,63,56,50,34,17,17,3,3,3,3,22,22,5,24,44,59,41,41,32,32,32,0,0],"gold":59,"neow_bonus":"TWO_FIFTY_GOLD","is_daily":false,"chose_seed":false,"campfire_upgraded":1,"win_rate":0.0,"timestamp":1612022054,"path_taken":["M","$","M","M","M","E","R","E","T","M","M","R","?","E","R","BOSS","M","$","M","?","?","E"],"items_purchased_type":["Relic","Card","Card","Card","Relic"],"build_version":"2020-12-22","purchased_purges":0,"victory":false,"max_hp_per_floor":[64,64,64,64,64,64,64,64,64,64,64,64,64,64,64,64,64,64,64,64,64,64,64,64],"relic_stats":{"Nunchaku":[4],"Dream Catcher":2,"Happy Flower":[5],"counters":[14,64],"Pantograph":25,"Letter Opener":[81],"War Paint":["Defend_B","Defend_B"],"Cursed Key":0,"obtain_stats":[{"DataDisk":2,"Nunchaku":6,"Dream Catcher":8,"Happy Flower":19,"Pantograph":14,"Letter Opener":13,"War Paint":9,"Cracked Core":0,"Cursed Key":17},{"DataDisk":1,"Nunchaku":5,"Dream Catcher":6,"Happy Flower":11,"Pantograph":9,"Letter Opener":8,"War Paint":6,"Cracked Core":0,"Cursed Key":10},{"DataDisk":3,"Nunchaku":19,"Dream Catcher":26,"Happy Flower":49,"Pantograph":37,"Letter Opener":32,"War Paint":26,"Cracked Core":0,"Cursed Key":45}]},"card_choices":[{"not_picked":["Gash","Rebound"],"picked":"Cold Snap","floor":1.0},{"not_picked":["Consume","Stack"],"picked":"Coolheaded","floor":3.0},{"not_picked":["Consume","BootSequence"],"picked":"Sweeping Beam","floor":4.0},{"not_picked":["Barrage","Beam Cell"],"picked":"Darkness","floor":5.0},{"not_picked":["Coolheaded","Storm"],"picked":"Steam","floor":6.0},{"not_picked":["Turbo","Conserve Battery"],"picked":"Capacitor","floor":8.0},{"not_picked":["Stack","Genetic Algorithm"],"picked":"Darkness","floor":10.0},{"not_picked":["Ball Lightning","Skim"],"picked":"Multi-Cast","floor":11},{"not_picked":["Steam","Ball Lightning"],"picked":"Doom and Gloom","floor":12},{"not_picked":["Gash","Hyperbeam"],"picked":"Barrage","floor":14},{"not_picked":["Streamline","Tempest"],"picked":"Double Energy","floor":15},{"not_picked":["Core Surge","Machine Learning"],"picked":"Seek","floor":16},{"not_picked":["Turbo","Double Energy"],"picked":"Melter","floor":18},{"not_picked":["Redo","Turbo"],"picked":"Reinforced Body","floor":20},{"not_picked":["Coolheaded","Redo","Auto Shields"],"picked":"SKIP","floor":22}],"player_experience":719041,"relics_obtained":[{"floor":6.0,"key":"Nunchaku"},{"floor":8.0,"key":"Dream Catcher"},{"floor":9.0,"key":"War Paint"},{"floor":13,"key":"Letter Opener"},{"floor":14,"key":"Pantograph"}],"event_choices":[{"damage_healed":0,"gold_gain":0,"player_choice":"Copied","damage_taken":0,"max_hp_gain":0,"max_hp_loss":0,"event_name":"Duplicator","floor":21,"gold_loss":0,"cards_obtained":["Seek"]}],"is_beta":false,"boss_relics":[{"not_picked":["Snecko Eye","Pandora\u0027s Box"],"picked":"Cursed Key"}],"items_purged_floors":[],"is_endless":false,"potions_floor_spawned":[3,5,8,14,16,18,20],"killed_by":"Gremlin Leader","ascension_level":20}}