{"host":"gquo1rsrdiuo0hhv","time":1612039731,"event":{"mods":["Act Like it!","BaseMod","Colored Powertips","Minty Spire (QoL Compilation)","Quick Restart","StSLib"],"gold_per_floor":[109,109,129,3,3,3,32,32,58,93,104,136,156,182,182,287,287,303,303,320,334,350,350,382,394,421,455,472,491,360,387,387,487,487,487,43,71,71,71],"floor_reached":38,"language":"ENG","playtime":2942,"items_purged":["Strike_R","Pain","Doubt"],"score":511,"play_id":"aad1b925-9812-400d-ba44-607a678e73b3","local_time":"20210131034851","is_ascension_mode":true,"campfire_choices":[{"data":"Infernal Blade","floor":6.0,"key":"SMITH"},{"floor":8.0,"key":"RECALL"},{"data":"Heavy Blade","floor":15.0,"key":"SMITH"},{"data":"Evolve","floor":23.0,"key":"SMITH"},{"floor":32.0,"key":"REST"},{"floor":35.0,"key":"REST"}],"circlet_count":0,"master_deck":["Strike_R","Strike_R","Strike_R","Strike_R","Defend_R","Defend_R","Defend_R","Defend_R","Bash","Spot Weakness","Infernal Blade+1","Flash of Steel","Evolve+1","Armaments+1","Warcry","Thunderclap","Blood for Blood","Fiend Fire","Heavy Blade+1","Limit Break","Intimidate+1","Iron Wave+1","True Grit","Shrug It Off","Burning Pact+1","Warcry","Intimidate+1","Battle Trance","Berserk","Inflame","Shrug It Off"],"relics":["Burning Blood","Toy Ornithopter","Anchor","Mercury Hourglass","Ancient Tea Set","Smiling Mask","Cursed Key","WarpedTongs","Blood Vial","Ginger","Question Card","Fusion Hammer","Bag of Marbles","Kunai"],"acts_visited":["TheEnding"],"potions_floor_usage":[38,38],"damage_taken":[{"damage":0.0,"enemies":"2 Louse","floor":1.0,"turns":2.0},{"damage":1.0,"enemies":"Cultist","floor":3.0,"turns":3.0},{"damage":13.0,"enemies":"Lagavulin","floor":7.0,"turns":5.0},{"damage":12.0,"enemies":"3 Sentries","floor":10.0,"turns":8.0},{"damage":2.0,"enemies":"Jaw Worm","floor":11.0,"turns":2.0},{"damage":0.0,"enemies":"Gremlin Nob","floor":12.0,"turns":2.0},{"damage":5.0,"enemies":"Gremlin Gang","floor":13.0,"turns":3.0},{"damage":23.0,"enemies":"Lagavulin","floor":14.0,"turns":4.0},{"damage":32.0,"enemies":"Hexaghost","floor":16.0,"turns":7.0},{"damage":0.0,"enemies":"Shell Parasite","floor":18.0,"turns":2.0},{"damage":15.0,"enemies":"3 Byrds","floor":20.0,"turns":5.0},{"damage":16.0,"enemies":"3 Cultists","floor":21.0,"turns":4.0},{"damage":0.0,"enemies":"Snake Plant","floor":22.0,"turns":2.0},{"damage":30.0,"enemies":"Gremlin Leader","floor":24.0,"turns":4.0},{"damage":17.0,"enemies":"Centurion and Healer","floor":25.0,"turns":7.0},{"damage":32.0,"enemies":"Book of Stabbing","floor":27.0,"turns":5.0},{"damage":20.0,"enemies":"Sentry and Sphere","floor":28.0,"turns":4.0},{"damage":5.0,"enemies":"Snecko","floor":29.0,"turns":4.0},{"damage":4.0,"enemies":"Gremlin Leader","floor":31.0,"turns":3.0},{"damage":58.0,"enemies":"Automaton","floor":33.0,"turns":13.0},{"damage":44.0,"enemies":"Shield and Spear","floor":37.0,"turns":6.0},{"damage":70,"enemies":"The Heart","floor":38,"turns":3}],"seed_played":"-2934470425499475430","potions_obtained":[{"floor":1.0,"key":"AttackPotion"},{"floor":10.0,"key":"EntropicBrew"},{"floor":12.0,"key":"Block Potion"},{"floor":22.0,"key":"BloodPotion"},{"floor":24.0,"key":"BlessingOfTheForge"},{"floor":28.0,"key":"GamblersBrew"},{"floor":29.0,"key":"Energy Potion"}],"is_trial":false,"path_per_floor":["M","?","M","$","?","R","E","R","T","E","M","E","M","E","R","B",null,"M","?","M","M","M","R","E","M","T","E","M","M","$","E","R","B",null,"R","$","E","B"],"character_chosen":"IRONCLAD","items_purchased":["Armaments","Battle Trance","Inflame","Shrug It Off","Bag of Marbles","Weak Potion","LiquidBronze"],"campfire_rested":2,"item_purchase_floors":[4,30,36,36,36,36,36],"current_hp_per_floor":[80,80,80,80,80,80,73,73,73,67,71,80,80,63,63,37,80,80,80,74,64,70,70,67,58,58,34,22,30,30,39,63,18,80,80,80,42,0,0],"gold":71,"neow_bonus":"THREE_CARDS","is_daily":false,"chose_seed":false,"campfire_upgraded":3,"win_rate":0.0,"timestamp":1612039731,"path_taken":["M","?","M","?","?","R","E","R","T","E","?","E","?","E","R","BOSS","M","?","?","M","M","R","E","M","T","E","M","?","$","E","R","BOSS","R","$","E","BOSS"],"items_purchased_type":["Card","Card","Card","Card","Relic","Potion","Potion"],"build_version":"2020-12-22","purchased_purges":3,"victory":false,"max_hp_per_floor":[80,80,80,80,80,80,80,80,80,80,80,80,80,80,80,80,80,80,80,80,80,80,80,80,80,80,80,80,80,80,80,80,80,80,80,80,80,80,80],"card_choices":[{"not_picked":["Twin Strike","Clothesline"],"picked":"Spot Weakness","floor":0.0},{"not_picked":["Uppercut","Perfected Strike"],"picked":"Infernal Blade","floor":1.0},{"not_picked":["Disarm","Metallicize"],"picked":"Evolve","floor":3.0},{"not_picked":["True Grit","Clothesline","Twin Strike"],"picked":"SKIP","floor":7.0},{"not_picked":["Anger","Second Wind"],"picked":"Warcry","floor":10.0},{"not_picked":["Blood for Blood","Sword Boomerang"],"picked":"Thunderclap","floor":11.0},{"not_picked":["Armaments","Pommel Strike"],"picked":"Blood for Blood","floor":12.0},{"not_picked":["True Grit","Body Slam"],"picked":"Fiend Fire","floor":13.0},{"not_picked":["Clothesline","Shockwave"],"picked":"Heavy Blade","floor":14.0},{"not_picked":["Feed","Impervious"],"picked":"Limit Break","floor":16.0},{"not_picked":["Twin Strike","Shrug It Off"],"picked":"Intimidate+1","floor":18.0},{"not_picked":["Fire Breathing","Disarm"],"picked":"Iron Wave+1","floor":20.0},{"not_picked":["Second Wind","Sword Boomerang+1","Heavy Blade"],"picked":"SKIP","floor":21.0},{"not_picked":["Wild Strike+1","Intimidate","Pummel"],"picked":"SKIP","floor":22.0},{"not_picked":["Iron Wave","Headbutt"],"picked":"True Grit","floor":24.0},{"not_picked":["Havoc","Armaments"],"picked":"Shrug It Off","floor":25.0},{"not_picked":["Pummel","Inflame+1"],"picked":"Burning Pact+1","floor":27.0},{"not_picked":["Second Wind+1","Iron Wave"],"picked":"Warcry","floor":28.0},{"not_picked":["Flex","Havoc+1"],"picked":"Intimidate+1","floor":29.0},{"not_picked":["Intimidate","Blood for Blood+1","Carnage"],"picked":"SKIP","floor":31.0},{"not_picked":["Corruption","Impervious","Fiend Fire"],"picked":"Berserk","floor":33.0},{"not_picked":["Feed","Armaments+1","Carnage","Rampage"],"picked":"SKIP","floor":37.0}],"player_experience":417233,"relics_obtained":[{"floor":7.0,"key":"Toy Ornithopter"},{"floor":9.0,"key":"Anchor"},{"floor":10.0,"key":"Mercury Hourglass"},{"floor":12.0,"key":"Ancient Tea Set"},{"floor":14.0,"key":"Smiling Mask"},{"floor":24.0,"key":"Blood Vial"},{"floor":27.0,"key":"Ginger"},{"floor":31.0,"key":"Question Card"},{"floor":37.0,"key":"Kunai"}],"event_choices":[{"damage_healed":0.0,"max_hp_gain":0.0,"max_hp_loss":0.0,"gold_gain":0.0,"event_name":"Match and Keep!","player_choice":"1 cards matched","floor":2.0,"gold_loss":0.0,"damage_taken":0.0,"cards_obtained":["Flash of Steel"]},{"damage_healed":0.0,"max_hp_gain":0.0,"max_hp_loss":0.0,"gold_gain":0.0,"event_name":"Living Wall","player_choice":"Grow","floor":5.0,"gold_loss":0.0,"damage_taken":0.0,"cards_upgraded":["Armaments"]},{"damage_healed":0.0,"max_hp_gain":0.0,"max_hp_loss":0.0,"gold_gain":0.0,"event_name":"Accursed Blacksmith","player_choice":"Rummage","floor":19.0,"gold_loss":0.0,"damage_taken":0.0,"relics_obtained":["WarpedTongs"],"cards_obtained":["Pain"]}],"is_beta":false,"boss_relics":[{"not_picked":["Black Blood","Runic Pyramid"],"picked":"Cursed Key"},{"not_picked":["Runic Dome","Runic Cube"],"picked":"Fusion Hammer"}],"items_purged_floors":[4,30,36],"is_endless":false,"potions_floor_spawned":[1,10,12,13,22,24,28,29],"killed_by":"The Heart","ascension_level":1}}