{"host":"alk2ftu785mujiir","time":1612041866,"event":{"mods":["BaseMod","Colored Map","Downfall","Minty Spire (QoL Compilation)","StSLib"],"gold_per_floor":[0,11,27,27,27,62,62,62,93,5,38,38,38,50,68,166,166,66,83,83,83,99,99,99,99,124,24,40,73,98,122,151,266,278,190,221,245,154,166,211,211,237,237,237,270,281,157,176,188,188,188,217,26,26,26,26,26,26],"floor_reached":56,"language":"ENG","playtime":4683,"items_purged":["Slimebound:CorrosiveSpit"],"score":907,"play_id":"5c75fc21-4a84-42b5-a10c-4da294089e99","local_time":"20210130162426","is_ascension_mode":true,"campfire_choices":[{"data":"Slimebound:Split","floor":1.0,"key":"SMITH"},{"floor":8.0,"key":"REST"},{"floor":12.0,"key":"REST"},{"floor":18.0,"key":"RECALL"},{"data":"Slimebound:FirmFortitude","floor":23.0,"key":"SMITH"},{"data":"Slimebound:GoopTackle","floor":27.0,"key":"SMITH"},{"data":"Slimebound:RallyTheTroops","floor":35,"key":"SMITH"},{"floor":44,"key":"REST"},{"data":"Slimebound:AcidTongue","floor":54,"key":"SMITH"}],"circlet_count":0,"master_deck":["Slimebound:Strike_Slimebound+1","Slimebound:Tackle","Slimebound:Defend_Slimebound+1","Slimebound:Defend_Slimebound+1","Slimebound:Defend_Slimebound+1","Slimebound:Split+1","Slimebound:HauntingLick","Slimebound:SplitAcid","Slimebound:Nibble+1","Slimebound:Gluttony","Slimebound:FirmFortitude+1","Slimebound:SplitSpecialist","Slimebound:GoopTackle+1","Slimebound:Schlurp","Slimebound:PressTheAttack","Slimebound:LeechingTouch","Slimebound:OozeBath","Slimebound:SplitMire+1","RitualDagger+1","Slimebound:LivingWall","Slimebound:MinionMaster","Slimebound:ForwardTackle+1","Slimebound:RallyTheTroops+1","Slimebound:SlimeSpikes+1","Flash of Steel","Slimebound:LeechLife","Slimebound:SpikyOuterGoop+1","Slimebound:TongueLash+1","Slimebound:AcidTongue+1"],"relics":["Slimebound:AbsorbEndCombat","hexamod:BolsterEngine","Whetstone","Slimebound:MaxSlimesRelic","Dream Catcher","Busted Crown","downfall:HeartBlessingGreen","FossilizedHelix","Vajra","downfall:HeartBlessingRed","MawBank","Slimebound:TarBlob","downfall:HeartBlessingBlue","Mango","Eternal Feather","Smiling Mask","PreservedInsect","Shuriken","Ancient Tea Set","InkBottle","Lee\u0027s Waffle"],"acts_visited":["Exordium","TheCity","TheBeyond","TheEnding"],"potions_floor_usage":[55,55,55],"damage_taken":[{"damage":6.0,"enemies":"Jaw Worm","floor":2.0,"turns":3.0},{"damage":4.0,"enemies":"2 Louse","floor":3.0,"turns":2.0},{"damage":40.0,"enemies":"Gremlin Nob","floor":6.0,"turns":4.0},{"damage":27.0,"enemies":"Lagavulin","floor":9.0,"turns":6.0},{"damage":2.0,"enemies":"downfall:FleeingMerchant","floor":10.0,"turns":4.0},{"damage":22.0,"enemies":"3 Sentries","floor":11.0,"turns":4.0},{"damage":0.0,"enemies":"Small Slimes","floor":14.0,"turns":2.0},{"damage":5.0,"enemies":"Blue Slaver","floor":15.0,"turns":3.0},{"damage":27.0,"enemies":"WA_ARCHETYPE_RETAIN","floor":16.0,"turns":5.0},{"damage":7.0,"enemies":"3 Byrds","floor":19.0,"turns":3.0},{"damage":3.0,"enemies":"Sentry and Sphere","floor":22.0,"turns":3.0},{"damage":3.0,"enemies":"Gremlin Leader","floor":26.0,"turns":4.0},{"damage":0.0,"enemies":"Centurion and Healer","floor":28.0,"turns":3.0},{"damage":0.0,"enemies":"Book of Stabbing","floor":29.0,"turns":4.0},{"damage":0.0,"enemies":"Cultist and Chosen","floor":30.0,"turns":4.0},{"damage":0.0,"enemies":"Snecko","floor":31.0,"turns":4.0},{"damage":0,"enemies":"3 Cultists","floor":32,"turns":3},{"damage":30,"enemies":"SI_MIRROR_ARCHETYPE","floor":33,"turns":6},{"damage":9,"enemies":"3 Shapes","floor":36,"turns":4},{"damage":0,"enemies":"Orb Walker","floor":37,"turns":4},{"damage":9,"enemies":"downfall:FleeingMerchant","floor":38,"turns":4},{"damage":27,"enemies":"Maw","floor":39,"turns":6},{"damage":40,"enemies":"2 Orb Walkers","floor":40,"turns":5},{"damage":40,"enemies":"Nemesis","floor":42,"turns":5},{"damage":30,"enemies":"Reptomancer","floor":45,"turns":5},{"damage":0,"enemies":"Spire Growth","floor":46,"turns":4},{"damage":0,"enemies":"downfall:FleeingMerchant","floor":47,"turns":1},{"damage":14,"enemies":"Writhing Mass","floor":48,"turns":4},{"damage":0,"enemies":"Transient","floor":49,"turns":5},{"damage":47,"enemies":"DF_ARCHETYPE_ORBS","floor":50,"turns":8},{"damage":65,"enemies":"downfall:CharBossMerchant","floor":52,"turns":7},{"damage":26,"enemies":"downfall:NeowBoss","floor":55,"turns":13},{"damage":102,"enemies":"downfall:NeowBossFinal","floor":56,"turns":5}],"seed_played":"805545250492456965","potions_obtained":[{"floor":2.0,"key":"Regen Potion"},{"floor":6.0,"key":"GamblersBrew"},{"floor":11.0,"key":"Fruit Juice"},{"floor":15.0,"key":"AttackPotion"},{"floor":19.0,"key":"SpeedPotion"},{"floor":20.0,"key":"CultistPotion"},{"floor":22.0,"key":"SkillPotion"},{"floor":29.0,"key":"PowerPotion"},{"floor":30.0,"key":"Weak Potion"},{"floor":37,"key":"Dexterity Potion"}],"is_trial":false,"path_per_floor":["R","M","M","?","?","E","T","R","E","$","E","R","?","M","M","B",null,"R","M","?","?","M","R","T","T","E","R","M","E","M","M","M","B",null,"R","M","M","$","M","?","T","E","?","R","E","M","?","M","M","B",null,"E","$","R","B","B"],"character_chosen":"SLIMEBOUND","items_purchased":["Slimebound:SplitSpecialist","Flash of Steel","Shuriken","Ancient Tea Set","Lee\u0027s Waffle","Slimebound:AcidTongue"],"campfire_rested":3,"item_purchase_floors":[10,38,47,47,53,53],"current_hp_per_floor":[65,63,63,63,63,31,31,50,43,49,29,53,58,62,59,40,75,75,74,74,74,72,72,72,72,72,72,75,75,75,75,75,49,75,85,78,80,79,60,42,42,10,10,54,56,75,75,74,99,60,99,47,106,106,80,0,0,0],"gold":26,"neow_bonus":"REMOVE_TWO","is_daily":false,"chose_seed":false,"campfire_upgraded":5,"win_rate":0.0,"timestamp":1612041866,"path_taken":["R","M","M","?","?","E","T","R","E","?","E","R","?","?","M","BOSS","R","M","?","?","M","R","T","?","E","R","M","E","M","M","M","BOSS","R","M","M","$","?","?","T","E","?","R","E","M","?","M","M","BOSS","E","$","R","BOSS","BOSS"],"items_purchased_type":["Card","Card","Relic","Relic","Relic","Card"],"build_version":"2020-12-22","purchased_purges":1,"victory":false,"max_hp_per_floor":[65,65,65,65,65,65,65,65,65,65,65,70,75,75,75,75,75,75,75,75,75,75,75,75,75,75,75,75,75,75,75,75,75,75,85,85,85,85,85,99,99,99,99,99,99,99,99,99,99,99,99,99,106,106,106,106,106,106],"card_choices":[{"not_picked":["Slimebound:RejuvenatingLick","Slimebound:SlimeSpikes"],"picked":"Slimebound:HauntingLick","floor":2.0},{"not_picked":["Slimebound:DivideAndConquer","Slimebound:GoopSpray"],"picked":"Slimebound:SplitAcid","floor":3.0},{"not_picked":["Slimebound:SlimeTap","Slimebound:SplitBruiser"],"picked":"Slimebound:Nibble","floor":6.0},{"not_picked":["Slimebound:RollThrough","Slimebound:LeechingTouch"],"picked":"Slimebound:Gluttony","floor":9.0},{"not_picked":["Slimebound:SplitLeeching","Slimebound:Nibble"],"picked":"Slimebound:FirmFortitude","floor":10.0},{"not_picked":["Slimebound:Prepare","Slimebound:SlimeSpikes"],"picked":"Slimebound:GoopTackle","floor":11.0},{"not_picked":["Slimebound:SlimeSpikes","Slimebound:ComboTackle"],"picked":"Slimebound:Schlurp","floor":12.0},{"not_picked":["Slimebound:SplitMire","Slimebound:LeechEnergy"],"picked":"Slimebound:PressTheAttack","floor":14.0},{"not_picked":["Slimebound:Replication","Slimebound:FormOfPuddle"],"picked":"Slimebound:LeechingTouch","floor":15.0},{"not_picked":["Slimebound:WasteNot","Slimebound:PrepareCrush"],"picked":"Slimebound:OozeBath","floor":16.0},{"not_picked":[],"picked":"Slimebound:SplitMire+1","floor":19.0},{"not_picked":["Slimebound:SplitMire"],"picked":"SKIP","floor":22.0},{"not_picked":["Slimebound:SlimeBrawl"],"picked":"SKIP","floor":26.0},{"not_picked":[],"picked":"Slimebound:LivingWall","floor":28.0},{"not_picked":[],"picked":"Slimebound:MinionMaster","floor":29.0},{"not_picked":["Slimebound:ServeAndProtect"],"picked":"SKIP","floor":30.0},{"not_picked":["Slimebound:SplitBruiser"],"picked":"SKIP","floor":31.0},{"not_picked":[],"picked":"Slimebound:ForwardTackle+1","floor":32},{"not_picked":[],"picked":"Slimebound:RallyTheTroops","floor":33},{"not_picked":[],"picked":"Slimebound:SlimeSpikes+1","floor":36},{"not_picked":["Slimebound:SlimeSpikes+1"],"picked":"SKIP","floor":37},{"not_picked":["Slimebound:HungryTackle+1"],"picked":"SKIP","floor":38},{"not_picked":["Slimebound:FinishingTackle+1"],"picked":"SKIP","floor":39},{"not_picked":[],"picked":"Slimebound:LeechLife","floor":42},{"not_picked":[],"picked":"Slimebound:SpikyOuterGoop+1","floor":45},{"not_picked":["Slimebound:HauntingLick"],"picked":"SKIP","floor":46},{"not_picked":["Slimebound:FinishingTackle"],"picked":"SKIP","floor":47},{"not_picked":["Slimebound:Prepare+1"],"picked":"SKIP","floor":48},{"not_picked":["Slimebound:LivingWall+1"],"picked":"SKIP","floor":49},{"not_picked":[],"picked":"Slimebound:TongueLash+1","floor":52}],"player_experience":1782685,"relics_obtained":[{"floor":6.0,"key":"hexamod:BolsterEngine"},{"floor":7.0,"key":"Whetstone"},{"floor":9.0,"key":"Slimebound:MaxSlimesRelic"},{"floor":11.0,"key":"Dream Catcher"},{"floor":25.0,"key":"FossilizedHelix"},{"floor":26.0,"key":"Vajra"},{"floor":29.0,"key":"MawBank"},{"floor":40,"key":"Mango"},{"floor":41,"key":"Eternal Feather"},{"floor":42,"key":"Smiling Mask"},{"floor":45,"key":"PreservedInsect"},{"floor":52,"key":"InkBottle"}],"event_choices":[{"damage_healed":0.0,"max_hp_gain":5.0,"max_hp_loss":0.0,"gold_gain":0.0,"event_name":"Big Fish","player_choice":"Donut","floor":13.0,"gold_loss":0.0,"damage_taken":0.0},{"damage_healed":0,"gold_gain":0,"player_choice":"Fight","damage_taken":0,"max_hp_gain":0,"max_hp_loss":0,"event_name":"Mysterious Sphere","floor":40,"gold_loss":0}],"is_beta":false,"boss_relics":[{"not_picked":["Velvet Choker","Pandora\u0027s Box"],"picked":"Busted Crown"},{"not_picked":["bronze:MakeshiftBattery","Runic Pyramid"],"picked":"Slimebound:TarBlob"}],"items_purged_floors":[47],"is_endless":false,"potions_floor_spawned":[2,6,11,15,19,22,29,30,37,40,42,45,48,52],"killed_by":"downfall:NeowBossFinal","ascension_level":1}}