{"host":"39erygfi9n0tobyn","time":1612048654,"event":{"mods":["2.2 Compatiblity","BaseMod","Bestiary","Colored Map","Colored Powertips","Curses Come First","Highlight Path","Keyboard Shortcuts","Minty Spire (QoL Compilation)","Relic Stats","StSLib","SuperFastMode"],"gold_per_floor":[111,111,35,60,72,104,17,17,97,111,13,31,6,41,41,138,138,151,131,145,161,9,44,44,44,44,44,55,82,82,94,94,198,198,217,228,278,328,44,72,0,0,0,32,44,44,69,87,87,87,87,87,33,67,67,67],"floor_reached":55,"language":"ENG","playtime":2430,"items_purged":[],"score":914,"play_id":"40976d4c-d144-4584-86e3-19d45c99d959","local_time":"20210130201734","is_ascension_mode":true,"campfire_choices":[{"floor":8,"key":"RECALL"},{"floor":15,"key":"REST"},{"floor":24,"key":"REST"},{"floor":27,"key":"REST"},{"data":"Dramatic Entrance","floor":32,"key":"SMITH"},{"floor":42,"key":"REST"},{"floor":49,"key":"REST"},{"data":"Bludgeon","floor":52,"key":"SMITH"}],"circlet_count":0,"master_deck":["Strike_R","Strike_R","Strike_R","Strike_R","Strike_R","Defend_R","Defend_R","Defend_R","Defend_R","Bash","Inflame+1","Inflame","Iron Wave","Double Tap+1","Dramatic Entrance+1","Inflame","Perfected Strike","Infernal Blade","Pommel Strike","Flex","Ghostly Armor","Demon Form","Uppercut","Heavy Blade","Pommel Strike","Twin Strike","Burning Pact","Shrug It Off","RitualDagger","Combust+1","Offering","Twin Strike+1","Twin Strike+1","Infernal Blade+1","Ghostly Armor+1","Shockwave","Trip","Perfected Strike+1","Bloodletting+1","True Grit+1","Sentinel+1","Bludgeon+1","Twin Strike","Shrug It Off"],"relics":["Burning Blood","Regal Pillow","Charon\u0027s Ashes","Matryoshka","CaptainsWheel","Philosopher\u0027s Stone","PreservedInsect","Toy Ornithopter","Mercury Hourglass","Sundial","Shuriken","Black Star","Peace Pipe","Mango","Boot","Omamori","Darkstone Periapt","Red Mask","Happy Flower","Self Forming Clay","Bag of Preparation","Blood Vial","Ornamental Fan","Pen Nib","Bag of Marbles"],"acts_visited":["Exordium","TheCity","TheBeyond","TheEnding"],"potions_floor_usage":[14,18,19,23,33,33,38,47,48,50],"damage_taken":[{"damage":5,"enemies":"Jaw Worm","floor":1,"turns":5},{"damage":1,"enemies":"Cultist","floor":5,"turns":3},{"damage":34,"enemies":"3 Sentries","floor":6,"turns":8},{"damage":0,"enemies":"2 Louse","floor":10,"turns":1},{"damage":20,"enemies":"Exordium Thugs","floor":12,"turns":3},{"damage":19,"enemies":"Lagavulin","floor":14,"turns":4},{"damage":21,"enemies":"Slime Boss","floor":16,"turns":8},{"damage":58,"enemies":"3 Byrds","floor":18,"turns":7},{"damage":10,"enemies":"2 Thieves","floor":20,"turns":4},{"damage":11,"enemies":"Shelled Parasite and Fungi","floor":21,"turns":4},{"damage":30,"enemies":"Slavers","floor":23,"turns":4},{"damage":8,"enemies":"Snake Plant","floor":28,"turns":3},{"damage":2,"enemies":"Gremlin Leader","floor":29,"turns":4},{"damage":6,"enemies":"Snecko","floor":31,"turns":3},{"damage":65,"enemies":"Collector","floor":33,"turns":10},{"damage":10,"enemies":"3 Shapes","floor":35,"turns":3},{"damage":34,"enemies":"3 Darklings","floor":36,"turns":4},{"damage":10,"enemies":"Mind Bloom Boss Battle","floor":37,"turns":5},{"damage":29,"enemies":"2 Orb Walkers","floor":38,"turns":3},{"damage":42,"enemies":"Nemesis","floor":40,"turns":5},{"damage":16,"enemies":"Reptomancer","floor":44,"turns":3},{"damage":7,"enemies":"Jaw Worm Horde","floor":45,"turns":3},{"damage":22,"enemies":"Giant Head","floor":47,"turns":6},{"damage":6,"enemies":"Spire Growth","floor":48,"turns":3},{"damage":51,"enemies":"Donu and Deca","floor":50,"turns":6},{"damage":38,"enemies":"Shield and Spear","floor":54,"turns":6},{"damage":82,"enemies":"The Heart","floor":55,"turns":5}],"seed_played":"8337578738247776372","potions_obtained":[{"floor":5,"key":"ColorlessPotion"},{"floor":6,"key":"LiquidMemories"},{"floor":10,"key":"Block Potion"},{"floor":14,"key":"Energy Potion"},{"floor":19,"key":"Fruit Juice"},{"floor":20,"key":"SmokeBomb"},{"floor":31,"key":"Block Potion"},{"floor":33,"key":"AttackPotion"},{"floor":37,"key":"SpeedPotion"},{"floor":44,"key":"SkillPotion"},{"floor":45,"key":"PowerPotion"},{"floor":47,"key":"Energy Potion"}],"is_trial":false,"path_per_floor":["M","?","$","T","M","E","$","R","T","M","$","M","$","E","R","B",null,"M","?","M","M","$","E","R","?","T","R","M","E","?","M","R","B",null,"M","M","?","?","$","E","?","R","T","E","M","?","E","M","R","B",null,"R","$","E","B"],"character_chosen":"IRONCLAD","items_purchased":["Inflame","Dramatic Entrance","Perfected Strike","Infernal Blade","Flex","PreservedInsect","Boot","Shockwave","Trip","Twin Strike"],"campfire_rested":5,"item_purchase_floors":[3,7,11,11,13,22,39,39,39,53],"current_hp_per_floor":[88,88,88,88,88,60,60,60,60,66,66,52,52,39,80,65,88,36,41,37,32,32,8,50,50,50,92,90,93,87,87,87,34,93,89,61,57,53,53,17,17,64,64,54,53,53,42,49,96,58,107,107,107,75,0,0],"gold":67,"neow_bonus":"TEN_PERCENT_HP_BONUS","is_daily":false,"chose_seed":false,"campfire_upgraded":2,"win_rate":0.0,"timestamp":1612048654,"path_taken":["M","?","?","?","M","E","$","R","T","M","?","M","$","E","R","BOSS","M","?","M","M","?","E","R","?","T","R","M","E","?","M","R","BOSS","M","M","?","?","$","E","?","R","T","E","M","?","E","M","R","BOSS","R","$","E","BOSS"],"items_purchased_type":["Card","Card","Card","Card","Card","Relic","Relic","Card","Card","Card"],"build_version":"2020-12-22","purchased_purges":0,"victory":false,"max_hp_per_floor":[88,88,88,88,88,88,88,88,88,88,88,88,88,88,88,88,88,88,93,93,93,93,93,93,93,93,93,93,93,93,93,93,93,93,93,93,93,107,107,107,107,107,107,107,107,107,107,107,107,107,107,107,107,107,107,107],"relic_stats":{"Darkstone Periapt":0,"Regal Pillow":75,"Happy Flower":[10],"counters":[27,122],"Self Forming Clay":[114],"Charon\u0027s Ashes":[313],"PreservedInsect":380,"Pen Nib":[0],"Bag of Preparation":[12],"Boot":[6],"Burning Blood":149,"Mercury Hourglass":[276],"Peace Pipe":0,"Blood Vial":6,"Sundial":[0],"Shuriken":[24],"Ornamental Fan":[28],"Black Star":4,"obtain_stats":[{"Darkstone Periapt":40,"Regal Pillow":4,"Mango":38,"Bag of Preparation":44,"Boot":39,"Burning Blood":0,"Blood Vial":47,"Matryoshka":9,"Sundial":26,"Philosopher\u0027s Stone":17,"Red Mask":41,"Happy Flower":43,"Self Forming Clay":44,"Charon\u0027s Ashes":6,"PreservedInsect":22,"Pen Nib":54,"Omamori":40,"Mercury Hourglass":26,"Peace Pipe":37,"CaptainsWheel":14,"Shuriken":29,"Ornamental Fan":47,"Black Star":34,"Bag of Marbles":54,"Toy Ornithopter":23},{"Darkstone Periapt":20,"Regal Pillow":1,"Mango":19,"Bag of Preparation":21,"Boot":19,"Burning Blood":0,"Blood Vial":23,"Matryoshka":3,"Sundial":11,"Philosopher\u0027s Stone":7,"Red Mask":20,"Happy Flower":20,"Self Forming Clay":21,"Charon\u0027s Ashes":3,"PreservedInsect":10,"Pen Nib":26,"Omamori":20,"Mercury Hourglass":11,"Peace Pipe":18,"CaptainsWheel":6,"Shuriken":13,"Ornamental Fan":23,"Black Star":15,"Bag of Marbles":26,"Toy Ornithopter":11},{"Darkstone Periapt":91,"Regal Pillow":5,"Mango":86,"Bag of Preparation":94,"Boot":86,"Burning Blood":0,"Blood Vial":103,"Matryoshka":16,"Sundial":51,"Philosopher\u0027s Stone":32,"Red Mask":91,"Happy Flower":91,"Self Forming Clay":94,"Charon\u0027s Ashes":16,"PreservedInsect":47,"Pen Nib":117,"Omamori":91,"Mercury Hourglass":51,"Peace Pipe":83,"CaptainsWheel":24,"Shuriken":58,"Ornamental Fan":103,"Black Star":71,"Bag of Marbles":117,"Toy Ornithopter":51}],"Toy Ornithopter":26},"card_choices":[{"not_picked":["Shrug It Off","Dropkick"],"picked":"Inflame","floor":1},{"not_picked":["Armaments","Shrug It Off"],"picked":"Iron Wave","floor":5},{"not_picked":["Warcry","True Grit"],"picked":"Double Tap","floor":6},{"not_picked":["Sever Soul","Rage"],"picked":"Inflame","floor":10},{"not_picked":["Uppercut","Infernal Blade"],"picked":"Pommel Strike","floor":12},{"not_picked":["Pommel Strike","Double Tap"],"picked":"Ghostly Armor","floor":14},{"not_picked":["Exhume","Berserk"],"picked":"Demon Form","floor":16},{"not_picked":["Power Through+1","Rupture"],"picked":"Uppercut","floor":18},{"not_picked":["Clothesline","Burning Pact"],"picked":"Heavy Blade","floor":20},{"not_picked":["Entrench","Disarm"],"picked":"Pommel Strike","floor":21},{"not_picked":["Feel No Pain","Carnage"],"picked":"Twin Strike","floor":23},{"not_picked":["Sentinel+1","Power Through"],"picked":"Burning Pact","floor":28},{"not_picked":["Dark Embrace","Pommel Strike"],"picked":"Shrug It Off","floor":29},{"not_picked":["Reckless Charge+1","Sword Boomerang"],"picked":"Combust+1","floor":31},{"not_picked":["Exhume","Juggernaut"],"picked":"Offering","floor":33},{"not_picked":["Clothesline+1","Burning Pact"],"picked":"Twin Strike+1","floor":35},{"not_picked":["Bloodletting","Ghostly Armor"],"picked":"Twin Strike+1","floor":36},{"not_picked":["Flex","Wild Strike+1"],"picked":"Infernal Blade+1","floor":37},{"not_picked":["Rampage","Thunderclap"],"picked":"Ghostly Armor+1","floor":38},{"not_picked":["Wild Strike","Heavy Blade"],"picked":"Perfected Strike+1","floor":40},{"not_picked":["Disarm","Body Slam+1"],"picked":"Bloodletting+1","floor":44},{"not_picked":["Combust+1","Clash"],"picked":"True Grit+1","floor":45},{"not_picked":["Bloodletting+1","Clothesline"],"picked":"Sentinel+1","floor":47},{"not_picked":["Heavy Blade+1","Combust"],"picked":"Bludgeon","floor":48},{"not_picked":["Pommel Strike+1","Wild Strike"],"picked":"Shrug It Off","floor":54}],"player_experience":82090,"relics_obtained":[{"floor":4,"key":"Regal Pillow"},{"floor":6,"key":"Charon\u0027s Ashes"},{"floor":9,"key":"Matryoshka"},{"floor":14,"key":"CaptainsWheel"},{"floor":23,"key":"Toy Ornithopter"},{"floor":26,"key":"Mercury Hourglass"},{"floor":26,"key":"Sundial"},{"floor":29,"key":"Shuriken"},{"floor":37,"key":"Peace Pipe"},{"floor":38,"key":"Mango"},{"floor":40,"key":"Omamori"},{"floor":40,"key":"Darkstone Periapt"},{"floor":43,"key":"Happy Flower"},{"floor":44,"key":"Self Forming Clay"},{"floor":44,"key":"Bag of Preparation"},{"floor":47,"key":"Blood Vial"},{"floor":47,"key":"Ornamental Fan"},{"floor":54,"key":"Pen Nib"},{"floor":54,"key":"Bag of Marbles"}],"event_choices":[{"damage_healed":0,"gold_gain":0,"player_choice":"Upgraded","damage_taken":0,"max_hp_gain":0,"max_hp_loss":0,"event_name":"Upgrade Shrine","floor":2,"gold_loss":0,"cards_upgraded":["Inflame"]},{"damage_healed":0,"gold_gain":0,"player_choice":"Bought 1 Potion","damage_taken":0,"max_hp_gain":0,"max_hp_loss":0,"event_name":"The Woman in Blue","floor":19,"gold_loss":0},{"damage_healed":0,"gold_gain":0,"player_choice":"Ignored","damage_taken":0,"max_hp_gain":0,"max_hp_loss":0,"event_name":"Vampires","floor":25,"gold_loss":0},{"damage_healed":0,"gold_gain":0,"player_choice":"Joined the Cult","damage_taken":6,"max_hp_gain":0,"max_hp_loss":0,"event_name":"Nest","floor":30,"gold_loss":0,"cards_obtained":["RitualDagger"]},{"damage_healed":0,"gold_gain":0,"player_choice":"Fight","damage_taken":0,"max_hp_gain":0,"max_hp_loss":0,"event_name":"MindBloom","floor":37,"gold_loss":0},{"damage_healed":0,"gold_gain":0,"player_choice":"Fight","damage_taken":0,"max_hp_gain":0,"max_hp_loss":0,"event_name":"Mysterious Sphere","floor":38,"gold_loss":0},{"damage_healed":0,"gold_gain":0,"player_choice":"Paid","damage_taken":0,"relics_obtained":["Red Mask"],"max_hp_gain":0,"max_hp_loss":0,"event_name":"Tomb of Lord Red Mask","floor":41,"gold_loss":72},{"damage_healed":0,"gold_gain":0,"player_choice":"Upgraded","damage_taken":0,"max_hp_gain":0,"max_hp_loss":0,"event_name":"Upgrade Shrine","floor":46,"gold_loss":0,"cards_upgraded":["Double Tap"]}],"is_beta":false,"boss_relics":[{"not_picked":["Coffee Dripper","Runic Pyramid"],"picked":"Philosopher\u0027s Stone"},{"not_picked":["Velvet Choker","Cursed Key"],"picked":"Black Star"}],"items_purged_floors":[],"is_endless":false,"potions_floor_spawned":[5,6,10,14,16,20,31,33,37,44,45,47],"killed_by":"The Heart","ascension_level":1}}