{"host":"yecadp3kwkksam5a","time":1612024662,"event":{"mods":["100% Spire Juice","Arknights The Spire","BaseMod","Minty Spire (QoL Compilation)","StSLib","SuperFastMode","The Cursed","The Runesmith","WarShipGirlsR/??á´Ò³R mod"],"gold_per_floor":[109,109,34,34,34,62,88,119,119,119,154,74,104,118,118,192,192,209,13,63,97,97,128,156,156,156,191,226,226,261,272,272,349,349,366,366,366,228,140,170,205,237,319,335,235,264,295,325,325,325,325,325,325,72,103,103],"floor_reached":57,"language":"KOR","playtime":2647,"items_purged":["Flying Knee","Dagger Spray","Dodge and Roll","Acrobatics","Backstab","Infinite Blades","PiercingWail+1"],"score":4354,"play_id":"4a6c90a3-3631-4e1a-84aa-58345a4f3015","local_time":"20210131013742","daily_mods":["Draft","Colorless Cards","Flight"],"is_ascension_mode":true,"campfire_choices":[{"data":"Tactician","floor":10.0,"key":"SMITH"},{"data":"Calculated Gamble","floor":15.0,"key":"SMITH"},{"data":"Reflex","floor":25.0,"key":"SMITH"},{"floor":32.0,"key":"RECALL"},{"data":"Sadistic Nature","floor":49.0,"key":"SMITH"},{"data":"1","floor":53.0,"key":"LIFT"}],"circlet_count":0,"master_deck":["AscendersBane","Acrobatics","Calculated Gamble+1","Tactician+1","Eviscerate+1","Acrobatics","Reflex+1","Blur","Envenom","Sadistic Nature+1","Terror","Envenom","Well Laid Plans+1","Purity"],"relics":["Ring of the Snake","Kunai","The Courier","Bag of Preparation","Mercury Hourglass","Ornamental Fan","Toy Ornithopter","HoveringKite","Membership Card","Red Mask","Girya","Juzu Bracelet","Pear","Bag of Marbles","Snake Skull","TungstenRod","Anchor","Frozen Egg 2","Centennial Puzzle","Pen Nib","Runesmith:AutoHammer","HandDrill","Vajra"],"acts_visited":["Exordium","TheCity","TheBeyond","TheEnding"],"potions_floor_usage":[],"damage_taken":[{"damage":0.0,"enemies":"Jaw Worm","floor":1.0,"turns":1.0},{"damage":0.0,"enemies":"3 Sentries","floor":6.0,"turns":1.0},{"damage":0.0,"enemies":"Gremlin Nob","floor":7.0,"turns":1.0},{"damage":0.0,"enemies":"3 Sentries","floor":8.0,"turns":1.0},{"damage":0.0,"enemies":"Gremlin Nob","floor":11.0,"turns":1.0},{"damage":0.0,"enemies":"3 Sentries","floor":13.0,"turns":1.0},{"damage":0.0,"enemies":"Small Slimes","floor":14.0,"turns":1.0},{"damage":0.0,"enemies":"The Guardian","floor":16.0,"turns":1.0},{"damage":0.0,"enemies":"3 Byrds","floor":18.0,"turns":1.0},{"damage":0.0,"enemies":"Masked Bandits","floor":21.0,"turns":1.0},{"damage":0.0,"enemies":"Book of Stabbing","floor":23.0,"turns":1.0},{"damage":0.0,"enemies":"Slavers","floor":24.0,"turns":1.0},{"damage":0.0,"enemies":"Gremlin Leader","floor":27.0,"turns":1.0},{"damage":0.0,"enemies":"Slavers","floor":28.0,"turns":1.0},{"damage":0.0,"enemies":"Book of Stabbing","floor":30.0,"turns":1.0},{"damage":0.0,"enemies":"Shell Parasite","floor":31.0,"turns":1.0},{"damage":0.0,"enemies":"Automaton","floor":33.0,"turns":1.0},{"damage":0.0,"enemies":"Orb Walker","floor":35.0,"turns":1.0},{"damage":0.0,"enemies":"Reptomancer","floor":40.0,"turns":1.0},{"damage":0.0,"enemies":"Nemesis","floor":41.0,"turns":1.0},{"damage":0.0,"enemies":"Giant Head","floor":42.0,"turns":1.0},{"damage":0.0,"enemies":"3 Shapes","floor":44.0,"turns":1.0},{"damage":0.0,"enemies":"Nemesis","floor":46.0,"turns":1.0},{"damage":0.0,"enemies":"Giant Head","floor":47.0,"turns":1.0},{"damage":0.0,"enemies":"Reptomancer","floor":48.0,"turns":1.0},{"damage":0.0,"enemies":"Donu and Deca","floor":50.0,"turns":1.0},{"damage":0.0,"enemies":"Awakened One","floor":51.0,"turns":2.0},{"damage":0.0,"enemies":"Shield and Spear","floor":55.0,"turns":1.0},{"damage":0,"enemies":"The Heart","floor":56,"turns":4}],"seed_played":"-7887162605142587758","potions_obtained":[{"floor":7.0,"key":"BlessingOfTheForge"},{"floor":11.0,"key":"AttackPotion"},{"floor":46.0,"key":"SteroidPotion"}],"is_trial":true,"path_per_floor":["M","?","$","?","T","E","E","E","T","R","E","$","E","M","R","B",null,"M","$","?","$","?","E","E","R","T","E","E","?","E","M","R","B",null,"M","?","?","$","$","E","E","E","T","M","$","E","E","E","R","B","B",null,"R","$","E","B",null],"character_chosen":"THE_SILENT","items_purchased":["Membership Card","Envenom","Well Laid Plans+1","Purity","HandDrill"],"campfire_rested":0,"item_purchase_floors":[19,38,54,54,54],"current_hp_per_floor":[59,59,59,39,39,39,39,39,39,39,39,39,39,39,39,39,59,59,59,59,59,59,59,59,59,69,69,69,69,69,69,69,69,74,74,74,74,74,74,74,74,74,74,74,74,74,74,74,74,74,74,76,76,76,76,76],"gold":103,"neow_bonus":"","is_daily":false,"chose_seed":false,"campfire_upgraded":4,"win_rate":0.0,"timestamp":1612024662,"path_taken":["M","?","$","?","?","E","E","E","T","R","E","$","E","M","R","BOSS","M","$","?","$","?","E","E","R","T","E","E","?","E","M","R","BOSS","M","?","?","$","$","E","E","E","T","M","$","E","E","E","R","BOSS","BOSS","R","$","E","BOSS"],"items_purchased_type":["Relic","Card","Card","Card","Relic"],"build_version":"2020-12-22","purchased_purges":7,"victory":true,"max_hp_per_floor":[66,66,66,66,66,66,66,66,66,66,66,66,66,66,66,66,66,66,66,66,66,66,66,66,66,76,76,76,76,76,76,76,76,76,76,76,76,76,76,76,76,76,76,76,76,76,76,76,76,76,76,76,76,76,76,76],"card_choices":[{"not_picked":["Cloak And Dagger","Dodge and Roll"],"picked":"Dagger Spray","floor":0.0},{"not_picked":["All Out Attack","Bane"],"picked":"Acrobatics","floor":0.0},{"not_picked":["Quick Slash","Leg Sweep"],"picked":"Dodge and Roll","floor":0.0},{"not_picked":["Dagger Throw","Outmaneuver"],"picked":"PiercingWail","floor":0.0},{"not_picked":["Blade Dance","Outmaneuver"],"picked":"Calculated Gamble","floor":0.0},{"not_picked":["Quick Slash","Deflect"],"picked":"Backstab","floor":0.0},{"not_picked":["Jack Of All Trades","Dodge and Roll"],"picked":"Cloak And Dagger","floor":0.0},{"not_picked":["Sucker Punch","Flechettes"],"picked":"Tactician","floor":0.0},{"not_picked":["Cloak And Dagger","Impatience"],"picked":"Dash","floor":0.0},{"not_picked":["Impatience","Skewer"],"picked":"Acrobatics","floor":0.0},{"not_picked":["Dodge and Roll","Poisoned Stab"],"picked":"Eviscerate","floor":0.0},{"not_picked":["Blind","Dagger Throw"],"picked":"Acrobatics","floor":0.0},{"not_picked":["Dodge and Roll","Sucker Punch"],"picked":"Infinite Blades","floor":0.0},{"not_picked":["Deadly Poison","Bane"],"picked":"Flying Knee","floor":0.0},{"not_picked":["Deflect","Deadly Poison"],"picked":"Reflex","floor":0.0},{"not_picked":["Impatience","Mind Blast","Finisher"],"picked":"SKIP","floor":1.0},{"not_picked":["Mind Blast","Poisoned Stab","Dagger Throw"],"picked":"SKIP","floor":6.0},{"not_picked":["Cloak And Dagger","Forethought","Mind Blast"],"picked":"SKIP","floor":7.0},{"not_picked":["Tactician","Calculated Gamble","Concentrate"],"picked":"SKIP","floor":8.0},{"not_picked":["Dodge and Roll","Outmaneuver","Distraction"],"picked":"SKIP","floor":11.0},{"not_picked":["Deflect","Dagger Throw","Sadistic Nature"],"picked":"SKIP","floor":13.0},{"not_picked":["Dash","Blade Dance","Acrobatics"],"picked":"SKIP","floor":14.0},{"not_picked":["Deflect","Dodge and Roll","Flying Knee"],"picked":"SKIP","floor":18.0},{"not_picked":["Bane","Noxious Fumes"],"picked":"Blur","floor":21.0},{"not_picked":["Quick Slash","Sucker Punch","Dagger Spray"],"picked":"SKIP","floor":23.0},{"not_picked":["Bane","Poisoned Stab","Cloak And Dagger"],"picked":"SKIP","floor":24.0},{"not_picked":["Dark Shackles","Jack Of All Trades","Discovery+1"],"picked":"SKIP","floor":27.0},{"not_picked":["Endless Agony","Enlightenment"],"picked":"Envenom","floor":28.0},{"not_picked":["Outmaneuver","Mind Blast","Cloak And Dagger"],"picked":"SKIP","floor":30.0},{"not_picked":["Setup","Flying Knee","Poisoned Stab"],"picked":"SKIP","floor":31.0},{"not_picked":["Dagger Throw","Flying Knee","Terror"],"picked":"SKIP","floor":35.0},{"not_picked":["Dagger Throw","Flying Knee"],"picked":"Terror","floor":35.0},{"not_picked":["Eviscerate","Sucker Punch","Endless Agony"],"picked":"SKIP","floor":40.0},{"not_picked":["Wraith Form v2","Catalyst","Magnetism"],"picked":"SKIP","floor":41.0},{"not_picked":["Quick Slash","Deflect","Poisoned Stab"],"picked":"SKIP","floor":42.0},{"not_picked":["Prepared","Slice","Bane"],"picked":"SKIP","floor":44.0},{"not_picked":["Heel Hook+1","Blind","Riddle With Holes"],"picked":"SKIP","floor":46.0},{"not_picked":["Sucker Punch","Finesse","Trip+1"],"picked":"SKIP","floor":47.0},{"not_picked":["PanicButton","Acrobatics","Dark Shackles+1"],"picked":"SKIP","floor":48.0},{"not_picked":["Acrobatics","Purity","Flash of Steel+1"],"picked":"SKIP","floor":55.0}],"player_experience":565838,"relics_obtained":[{"floor":6.0,"key":"Kunai"},{"floor":7.0,"key":"The Courier"},{"floor":8.0,"key":"Bag of Preparation"},{"floor":9.0,"key":"Mercury Hourglass"},{"floor":11.0,"key":"Ornamental Fan"},{"floor":13.0,"key":"Toy Ornithopter"},{"floor":21.0,"key":"Red Mask"},{"floor":23.0,"key":"Girya"},{"floor":24.0,"key":"Juzu Bracelet"},{"floor":26.0,"key":"Pear"},{"floor":28.0,"key":"Bag of Marbles"},{"floor":30.0,"key":"Snake Skull"},{"floor":40.0,"key":"TungstenRod"},{"floor":42.0,"key":"Anchor"},{"floor":43.0,"key":"Frozen Egg 2"},{"floor":46.0,"key":"Centennial Puzzle"},{"floor":47.0,"key":"Pen Nib"},{"floor":48.0,"key":"Runesmith:AutoHammer"},{"floor":55.0,"key":"Vajra"}],"event_choices":[{"cards_removed":["Cloak And Dagger"],"damage_healed":0.0,"max_hp_gain":0.0,"max_hp_loss":0.0,"gold_gain":0.0,"event_name":"Living Wall","player_choice":"Forget","floor":2.0,"gold_loss":0.0,"damage_taken":0.0},{"damage_healed":0.0,"max_hp_gain":0.0,"max_hp_loss":0.0,"gold_gain":0.0,"event_name":"Shining Light","player_choice":"Entered Light","floor":4.0,"gold_loss":0.0,"damage_taken":20.0,"cards_upgraded":["PiercingWail","Eviscerate"]},{"damage_healed":0.0,"max_hp_gain":0.0,"max_hp_loss":0.0,"gold_gain":50.0,"event_name":"Nest","player_choice":"Stole From Cult","floor":20.0,"gold_loss":0.0,"damage_taken":0.0},{"damage_healed":0.0,"max_hp_gain":0.0,"max_hp_loss":0.0,"gold_gain":0.0,"event_name":"Masked Bandits","player_choice":"Fought Bandits","floor":21.0,"gold_loss":0.0,"damage_taken":0.0},{"cards_removed":["Dash"],"damage_healed":0.0,"max_hp_gain":0.0,"max_hp_loss":0.0,"gold_gain":0.0,"event_name":"Back to Basics","player_choice":"Elegance","floor":22.0,"gold_loss":0.0,"damage_taken":0.0},{"damage_healed":0.0,"max_hp_gain":0.0,"max_hp_loss":0.0,"gold_gain":0.0,"event_name":"Vampires","player_choice":"Ignored","floor":29.0,"gold_loss":0.0,"damage_taken":0.0},{"damage_healed":0.0,"max_hp_gain":0.0,"max_hp_loss":0.0,"gold_gain":0.0,"event_name":"SecretPortal","player_choice":"Ignored","floor":36.0,"gold_loss":0.0,"damage_taken":0.0}],"is_beta":false,"boss_relics":[{"not_picked":["Sozu","Cursed Key"],"picked":"HoveringKite"},{"not_picked":["Calling Bell","Snecko Eye","Runesmith:UraniumAnvil"]}],"items_purged_floors":[3,12,19,38,39,45,54],"is_endless":false,"potions_floor_spawned":[7,11,13,16,18,23,30,33,35,44,46],"ascension_level":20}}