{"host":"p4v0hquynnreu717","time":1612020772,"event":{"mods":["BaseMod","Better Vampires","DeckTracker","Googly Eyes","Minty Spire (QoL Compilation)","Quick Restart","StSLib","SuperFastMode"],"gold_per_floor":[118,118,118,142,31,63,63,80,80,109,109,109,9,21,21,98,98,114,114,114],"floor_reached":19,"language":"ZHS","playtime":402,"items_purged":["Strike_R","Strike_R"],"score":303,"play_id":"4023cfae-0966-4b78-b7a6-f6a1234ee51a","local_time":"20210130233252","is_ascension_mode":true,"campfire_choices":[{"floor":7.0,"key":"REST"},{"data":"Rampage","floor":12.0,"key":"SMITH"},{"data":"Heavy Blade","floor":15.0,"key":"SMITH"}],"circlet_count":0,"master_deck":["AscendersBane","Strike_R","Strike_R","Strike_R","Defend_R+1","Defend_R","Defend_R","Defend_R","Bash+1","Rampage+1","Spot Weakness","Shrug It Off","Second Wind","Heavy Blade+1","Barricade"],"relics":["Runic Cube","Anchor","Orichalcum","Lizard Tail","InkBottle","CultistMask","Philosopher\u0027s Stone"],"acts_visited":["Exordium","TheCity"],"potions_floor_usage":[],"damage_taken":[{"damage":12.0,"enemies":"Jaw Worm","floor":1.0,"turns":3.0},{"damage":31.0,"enemies":"Lagavulin","floor":6.0,"turns":7.0},{"damage":2.0,"enemies":"Small Slimes","floor":8.0,"turns":5.0},{"damage":26.0,"enemies":"Gremlin Nob","floor":10.0,"turns":5.0},{"damage":0.0,"enemies":"Cultist","floor":14.0,"turns":4.0},{"damage":23,"enemies":"Hexaghost","floor":16,"turns":9},{"damage":48,"enemies":"3 Byrds","floor":18,"turns":6},{"damage":2,"enemies":"Spheric Guardian","floor":19,"turns":3}],"seed_played":"-7875997072006807538","potions_obtained":[{"floor":1.0,"key":"FearPotion"},{"floor":6.0,"key":"Ancient Potion"}],"is_trial":false,"path_per_floor":["M","?","?","T","$","E","R","M","T","E","?","R","$","M","R","B",null,"M","M"],"character_chosen":"IRONCLAD","items_purchased":["Spot Weakness"],"campfire_rested":1,"item_purchase_floors":[5],"current_hp_per_floor":[56,33,33,33,33,2,24,22,22,37,37,37,37,37,37,14,60,12,10,10],"gold":114,"neow_bonus":"BOSS_RELIC","is_daily":false,"chose_seed":false,"campfire_upgraded":2,"win_rate":0.0,"timestamp":1612020772,"path_taken":["M","?","?","?","$","E","R","?","T","E","?","R","$","?","R","BOSS","M","?"],"items_purchased_type":["Card"],"build_version":"2020-12-22","purchased_purges":2,"victory":false,"max_hp_per_floor":[75,75,75,75,75,75,75,75,75,75,75,75,75,75,75,75,75,75,75,75],"card_choices":[{"not_picked":["Cleave","Reckless Charge"],"picked":"Rampage","floor":1.0},{"not_picked":["Twin Strike","Anger"],"picked":"Shrug It Off","floor":6.0},{"not_picked":["Headbutt","Anger"],"picked":"Second Wind","floor":8.0},{"not_picked":["Rage","Perfected Strike","Havoc"],"picked":"SKIP","floor":10.0},{"not_picked":["Rage","Perfected Strike","Havoc"],"picked":"SKIP","floor":10.0},{"not_picked":["Perfected Strike","Ghostly Armor"],"picked":"Heavy Blade","floor":14.0},{"not_picked":["Berserk","Demon Form"],"picked":"Barricade","floor":16},{"not_picked":["Dropkick","Ghostly Armor","Armaments"],"picked":"SKIP","floor":18}],"player_experience":802638,"relics_obtained":[{"floor":4.0,"key":"Anchor"},{"floor":6.0,"key":"Orichalcum"},{"floor":9.0,"key":"Lizard Tail"},{"floor":10.0,"key":"InkBottle"}],"event_choices":[{"damage_healed":0.0,"max_hp_gain":0.0,"max_hp_loss":0.0,"gold_gain":0.0,"event_name":"Shining Light","player_choice":"Entered Light","floor":2.0,"gold_loss":0.0,"damage_taken":23.0,"cards_upgraded":["Defend_R","Bash"]},{"damage_healed":0.0,"max_hp_gain":0.0,"max_hp_loss":0.0,"gold_gain":0.0,"event_name":"Liars Game","player_choice":"Ignored","floor":3.0,"gold_loss":0.0,"damage_taken":0.0},{"damage_healed":0.0,"max_hp_gain":0.0,"max_hp_loss":0.0,"gold_gain":0.0,"event_name":"FaceTrader","player_choice":"Trade","floor":11.0,"gold_loss":0.0,"damage_taken":0.0,"relics_obtained":["CultistMask"]}],"is_beta":false,"boss_relics":[{"not_picked":["Velvet Choker","Empty Cage"],"picked":"Philosopher\u0027s Stone"}],"items_purged_floors":[5,13],"is_endless":false,"potions_floor_spawned":[1,6,8,10],"killed_by":"Spheric Guardian","ascension_level":15}}