{"host":"xm0tf1maiknh0fp9","time":1612050621,"event":{"mods":["BaseMod","Colored Map","Colored Powertips","Googly Eyes","Minty Spire (QoL Compilation)","Replay The Spire","StSLib"],"gold_per_floor":[112,129,145,110,110,120,133,133,133,166,91,116,71,90,90,187,187,100,120,20,20,20,46,46,46],"floor_reached":24,"language":"ENG","playtime":968,"items_purged":["Strike_P","Parasite"],"score":271,"play_id":"3bb169b7-2b39-4216-9037-fdee1ce8a95d","local_time":"20210130185021","is_ascension_mode":true,"campfire_choices":[{"data":"Devotion","floor":8.0,"key":"SMITH"},{"floor":15.0,"key":"REST"}],"circlet_count":0,"master_deck":["Strike_P","Strike_P","Strike_P","Defend_P","Defend_P","Defend_P+1","Defend_P+1","Eruption+1","Vigilance","Adaptation","CutThroughFate","Devotion+1","JustLucky","JustLucky","Devotion","ReplayTheSpireMod:IOU","JustLucky"],"relics":["ReplayTheSpireMod:DimensionalGlitch","Unceasing Top","Bottled Tornado","Torii","Replay:Ancient Bell","Oddly Smooth Stone","Replay:Bottled Steam","Ice Cream","Simple Rune"],"acts_visited":["Exordium","TheCity"],"potions_floor_usage":[24],"damage_taken":[{"damage":7.0,"enemies":"Jaw Worm","floor":1.0,"turns":4.0},{"damage":0.0,"enemies":"Cultist","floor":2.0,"turns":3.0},{"damage":8.0,"enemies":"Small Slimes","floor":3.0,"turns":5.0},{"damage":0.0,"enemies":"2 Fungi Beasts","floor":6.0,"turns":3.0},{"damage":7.0,"enemies":"Exordium Wildlife","floor":7.0,"turns":6.0},{"damage":30.0,"enemies":"3 Sentries","floor":10.0,"turns":5.0},{"damage":16.0,"enemies":"Gremlin Nob","floor":12.0,"turns":3.0},{"damage":1.0,"enemies":"Red Slaver","floor":14.0,"turns":4.0},{"damage":17.0,"enemies":"Hexaghost","floor":16.0,"turns":9.0},{"damage":12.0,"enemies":"Spheric Guardian","floor":18.0,"turns":5.0},{"damage":31.0,"enemies":"Chosen","floor":19.0,"turns":5.0},{"damage":13.0,"enemies":"Gremlin Leader","floor":23.0,"turns":5.0},{"damage":10,"enemies":"Sentry and Sphere","floor":24,"turns":3}],"seed_played":"-7346279509547593878","potions_obtained":[{"floor":2.0,"key":"SteroidPotion"},{"floor":6.0,"key":"Swift Potion"},{"floor":10.0,"key":"Reflective Coating"},{"floor":16.0,"key":"BlessingOfTheForge"},{"floor":19.0,"key":"Strength Potion"},{"floor":23.0,"key":"BottledMiracle"}],"is_trial":false,"path_per_floor":["M","M","M","?","?","M","M","R","T","E","$","E","$","M","R","B",null,"M","M","$","?","?","E","M"],"character_chosen":"WATCHER","items_purchased":["JustLucky"],"campfire_rested":1,"item_purchase_floors":[13],"current_hp_per_floor":[65,65,57,72,72,72,65,65,65,35,35,19,19,18,39,22,72,60,29,29,17,17,4,0,0],"gold":46,"neow_bonus":"BOSS_RELIC","is_daily":false,"chose_seed":false,"campfire_upgraded":1,"win_rate":0.0,"timestamp":1612050621,"path_taken":["M","M","M","?","?","?","M","R","T","E","$","E","$","M","R","BOSS","M","M","$","?","?","E","M"],"items_purchased_type":["Card"],"build_version":"2020-12-22","purchased_purges":2,"victory":false,"max_hp_per_floor":[72,72,72,72,72,72,72,72,72,72,72,72,72,72,72,72,72,72,72,69,74,74,74,74,74],"card_choices":[{"not_picked":["PathToVictory","Consecrate"],"picked":"Adaptation","floor":1.0},{"not_picked":["Crescendo","SignatureMove","Sanctity"],"picked":"SKIP","floor":2.0},{"not_picked":["JustLucky","CrushJoints","EmptyBody"],"picked":"SKIP","floor":3.0},{"not_picked":["Protect","CrushJoints"],"picked":"CutThroughFate","floor":6.0},{"not_picked":["ClearTheMind","FollowUp"],"picked":"Devotion","floor":7.0},{"not_picked":["WreathOfFlame","Meditate","Consecrate"],"picked":"SKIP","floor":10.0},{"not_picked":["Replay:Cycle","Replay:Vibes","InnerPeace"],"picked":"SKIP","floor":12.0},{"not_picked":["Swivel","SandsOfTime"],"picked":"JustLucky","floor":14.0},{"not_picked":["Omniscience","Wish"],"picked":"Devotion","floor":16.0},{"not_picked":["Parasite","Languid"],"picked":"ReplayTheSpireMod:IOU","floor":17.0},{"not_picked":["Writhe","Parasite"],"picked":"ReplayTheSpireMod:IOU","floor":17.0},{"not_picked":["Overencumbered","Delirium"],"picked":"Parasite","floor":17.0},{"not_picked":["ClearTheMind","WindmillStrike+1","Replay:Hum"],"picked":"SKIP","floor":18.0},{"not_picked":["Judgement","EmptyBody"],"picked":"JustLucky","floor":19.0},{"not_picked":["Protect","LikeWater","FollowUp"],"picked":"SKIP","floor":23.0}],"player_experience":163811,"relics_obtained":[{"floor":9.0,"key":"Unceasing Top"},{"floor":10.0,"key":"Bottled Tornado"},{"floor":12.0,"key":"Torii"},{"floor":23.0,"key":"Simple Rune"}],"event_choices":[{"damage_healed":18.0,"max_hp_gain":0.0,"max_hp_loss":0.0,"gold_gain":0.0,"event_name":"The Cleric","player_choice":"Healed","floor":4.0,"gold_loss":35.0,"damage_taken":0.0},{"damage_healed":0.0,"max_hp_gain":0.0,"max_hp_loss":0.0,"gold_gain":0.0,"event_name":"Accursed Blacksmith","player_choice":"Forge","floor":5.0,"gold_loss":0.0,"damage_taken":0.0,"cards_upgraded":["Eruption"]},{"damage_healed":0.0,"max_hp_gain":5.0,"max_hp_loss":0.0,"gold_gain":0.0,"event_name":"Forgotten Altar","player_choice":"Shed Blood","floor":21.0,"gold_loss":0.0,"damage_taken":17.0},{"damage_healed":0.0,"max_hp_gain":0.0,"max_hp_loss":0.0,"gold_gain":0.0,"event_name":"The Mausoleum","player_choice":"Ignored","floor":22.0,"gold_loss":0.0,"damage_taken":0.0}],"is_beta":false,"boss_relics":[{"not_picked":["Velvet Choker","VioletLotus"],"picked":"Replay:Ancient Bell"},{"not_picked":["Regal Pillow","Toy Ornithopter"],"picked":"Oddly Smooth Stone"},{"not_picked":["Eternal Feather","Meat on the Bone"],"picked":"Replay:Bottled Steam"},{"not_picked":["Pondfish Scales","Mango"],"picked":"Ice Cream"}],"items_purged_floors":[11,20],"is_endless":false,"potions_floor_spawned":[2,6,10,16,19,23],"killed_by":"Sentry and Sphere","ascension_level":4}}