{"host":"c3lc60y5x60jlt1y","time":1612044706,"event":{"mods":["AchievementEnabler","BaseMod","Bestiary","Colored Map","Minty Spire (QoL Compilation)","Quick Restart","StSLib","ojb\u0027s Info Mod"],"gold_per_floor":[111,130,146,146,10,41,51,51,51,51,65,97,108,128,128,229,229,244,18,34,45,64,94,94,128,151,163,163,163,163],"floor_reached":29,"language":"ENG","playtime":2627,"items_purged":["Strike_P"],"score":279,"play_id":"d29cf69b-8911-4340-9955-a59ba6361c35","local_time":"20210131001146","is_ascension_mode":false,"campfire_choices":[{"data":"Ragnarok","floor":8.0,"key":"SMITH"},{"data":"Eruption","floor":10.0,"key":"SMITH"},{"floor":15.0,"key":"REST"},{"floor":24.0,"key":"REST"}],"circlet_count":0,"master_deck":["Strike_P","Strike_P","Strike_P","Defend_P","Defend_P","Defend_P","Defend_P","Eruption+1","Vigilance","PathToVictory","JustLucky","WaveOfTheHand","Ragnarok+1","Adaptation+1","Study+1","Meditate","Indignation","Worship","Vault","PathToVictory+1","WreathOfFlame+1","Halt","InnerPeace","Devotion+1"],"relics":["PureWater","Frozen Egg 2","TungstenRod","Lizard Tail","VioletLotus","Frozen Eye","StrikeDummy","Ancient Tea Set","Smiling Mask"],"acts_visited":["Exordium","TheCity"],"potions_floor_usage":[],"damage_taken":[{"damage":0.0,"enemies":"Cultist","floor":1.0,"turns":3.0},{"damage":2.0,"enemies":"2 Louse","floor":2.0,"turns":2.0},{"damage":0.0,"enemies":"Jaw Worm","floor":3.0,"turns":3.0},{"damage":29.0,"enemies":"Gremlin Nob","floor":6.0,"turns":5.0},{"damage":13.0,"enemies":"Gremlin Gang","floor":7.0,"turns":6.0},{"damage":0.0,"enemies":"Exordium Wildlife","floor":11.0,"turns":1.0},{"damage":34.0,"enemies":"3 Sentries","floor":12.0,"turns":8.0},{"damage":0.0,"enemies":"Lots of Slimes","floor":13.0,"turns":3.0},{"damage":2.0,"enemies":"Looter","floor":14.0,"turns":3.0},{"damage":25.0,"enemies":"Hexaghost","floor":16.0,"turns":8.0},{"damage":7.0,"enemies":"Shell Parasite","floor":18.0,"turns":2.0},{"damage":19.0,"enemies":"2 Thieves","floor":20.0,"turns":5.0},{"damage":20.0,"enemies":"Cultist and Chosen","floor":21.0,"turns":7.0},{"damage":0.0,"enemies":"Snecko","floor":22.0,"turns":2.0},{"damage":28.0,"enemies":"Gremlin Leader","floor":23.0,"turns":5.0},{"damage":18.0,"enemies":"Book of Stabbing","floor":25.0,"turns":4.0},{"damage":15,"enemies":"Centurion and Healer","floor":27,"turns":5},{"damage":0,"enemies":"Snake Plant","floor":29,"turns":1}],"seed_played":"-8871772086894108555","potions_obtained":[{"floor":11.0,"key":"StancePotion"},{"floor":12.0,"key":"DistilledChaos"},{"floor":13.0,"key":"Fire Potion"},{"floor":14.0,"key":"Block Potion"},{"floor":22.0,"key":"LiquidBronze"},{"floor":23.0,"key":"LiquidBronze"},{"floor":25.0,"key":"FearPotion"},{"floor":28,"key":"Ambrosia"},{"floor":28,"key":"Ambrosia"}],"is_trial":false,"path_per_floor":["M","M","M","?","$","E","M","R","T","R","M","E","M","M","R","B",null,"M","$","M","M","M","E","R","E","T","M","?","M"],"character_chosen":"WATCHER","items_purchased":["Ragnarok","Frozen Eye"],"campfire_rested":2,"item_purchase_floors":[5,19],"current_hp_per_floor":[79,77,77,82,82,53,40,40,40,40,40,6,6,4,29,4,84,77,77,58,38,38,10,35,17,17,2,2,2,2],"gold":163,"neow_bonus":"TEN_PERCENT_HP_BONUS","is_daily":false,"chose_seed":false,"campfire_upgraded":2,"win_rate":0.0,"timestamp":1612044706,"path_taken":["M","?","M","?","$","E","M","R","T","R","M","E","M","M","R","BOSS","M","$","M","M","M","E","R","E","T","M","?","?"],"items_purchased_type":["Card","Relic"],"build_version":"2020-12-22","purchased_purges":1,"victory":false,"max_hp_per_floor":[79,79,79,84,84,84,84,84,84,84,84,84,84,84,84,84,84,84,84,84,84,84,84,84,84,84,84,84,84,84],"card_choices":[{"not_picked":["Evaluate","Consecrate"],"picked":"PathToVictory","floor":1.0},{"not_picked":["Halt","Crescendo"],"picked":"JustLucky","floor":2.0},{"not_picked":["FollowUp","Prostrate"],"picked":"WaveOfTheHand","floor":3.0},{"not_picked":["PathToVictory","CutThroughFate"],"picked":"Adaptation+1","floor":6.0},{"not_picked":["SashWhip","FlyingSleeves"],"picked":"Study+1","floor":7.0},{"not_picked":["EmptyFist","MentalFortress+1"],"picked":"Meditate","floor":11.0},{"not_picked":["Prostrate","Crescendo","ThirdEye"],"picked":"SKIP","floor":12.0},{"not_picked":["Consecrate","Evaluate"],"picked":"Indignation","floor":13.0},{"not_picked":["SashWhip","Evaluate"],"picked":"Worship","floor":14.0},{"not_picked":["Brilliance","Wish"],"picked":"Vault","floor":16.0},{"not_picked":["Protect","JustLucky"],"picked":"PathToVictory+1","floor":18.0},{"not_picked":["Collect","Protect"],"picked":"WreathOfFlame+1","floor":20.0},{"not_picked":["Meditate","WindmillStrike"],"picked":"Halt","floor":21.0},{"not_picked":["CutThroughFate+1","WreathOfFlame"],"picked":"InnerPeace","floor":22.0},{"not_picked":["WindmillStrike","FollowUp"],"picked":"Devotion+1","floor":23.0},{"not_picked":["SignatureMove+1","Nirvana+1","WheelKick"],"picked":"SKIP","floor":25.0},{"not_picked":["Nirvana+1","Evaluate","Halt"],"picked":"SKIP","floor":27}],"player_experience":8862669,"relics_obtained":[{"floor":6.0,"key":"Frozen Egg 2"},{"floor":9.0,"key":"TungstenRod"},{"floor":12.0,"key":"Lizard Tail"},{"floor":23.0,"key":"StrikeDummy"},{"floor":25.0,"key":"Ancient Tea Set"},{"floor":26.0,"key":"Smiling Mask"}],"event_choices":[{"damage_healed":0.0,"max_hp_gain":5.0,"max_hp_loss":0.0,"gold_gain":0.0,"event_name":"Big Fish","player_choice":"Donut","floor":4.0,"gold_loss":0.0,"damage_taken":0.0},{"damage_healed":0,"gold_gain":0,"player_choice":"Got Potions","damage_taken":0,"max_hp_gain":0,"max_hp_loss":0,"event_name":"Lab","floor":28,"gold_loss":0}],"is_beta":false,"boss_relics":[{"not_picked":["Busted Crown","Coffee Dripper"],"picked":"VioletLotus"}],"items_purged_floors":[19],"is_endless":false,"potions_floor_spawned":[11,12,13,14,16,20,22,23,25],"killed_by":"Snake Plant","ascension_level":0}}