{"host":"vyjryxuuuxkt43k4","time":1612025855,"event":{"mods":["AchievementEnabler","BaseMod","Colored Map","DeckTracker","Keyboard Shortcuts","Minty Spire (QoL Compilation)","Permanent Neow","Quick Restart","Rare Cards Sparkle","StSLib","SuperFastMode","everything is the same but u backflip on backflip"],"gold_per_floor":[17,17,17,17,17,17,35,35,58,20,33,43,60,73,73,177,177,196,12,12,12,24,24,34,34,106,133,148,63,90,109,109,109,109],"floor_reached":33,"language":"KOR","playtime":951,"items_purged":["Defend_P"],"score":408,"play_id":"6c0a4a79-d729-4239-b35a-fcb20552390a","local_time":"20210131015735","is_ascension_mode":true,"campfire_choices":[{"data":"Eruption","floor":6.0,"key":"SMITH"},{"data":"WheelKick","floor":8.0,"key":"SMITH"},{"data":"Tantrum","floor":15.0,"key":"SMITH"},{"data":"Vault","floor":23.0,"key":"SMITH"},{"data":"TalkToTheHand","floor":25.0,"key":"SMITH"},{"data":"InnerPeace","floor":32.0,"key":"SMITH"}],"circlet_count":0,"master_deck":["Strike_P+1","Defend_P+1","Eruption+1","Vigilance","WheelKick+1","Tantrum+1","FlurryOfBlows","Vault+1","Halt+1","TalkToTheHand+1","InnerPeace+1"],"relics":["PureWater","Centennial Puzzle","VioletLotus","Membership Card","Pantograph","CeramicFish","Tiny Chest","FossilizedHelix"],"acts_visited":["Exordium","TheCity"],"potions_floor_usage":[33],"damage_taken":[{"damage":2.0,"enemies":"Jaw Worm","floor":1.0,"turns":5.0},{"damage":0.0,"enemies":"2 Louse","floor":7.0,"turns":1.0},{"damage":0.0,"enemies":"Small Slimes","floor":11.0,"turns":2.0},{"damage":0.0,"enemies":"Red Slaver","floor":12.0,"turns":4.0},{"damage":2.0,"enemies":"Exordium Thugs","floor":13.0,"turns":3.0},{"damage":0.0,"enemies":"Blue Slaver","floor":14.0,"turns":2.0},{"damage":50.0,"enemies":"Hexaghost","floor":16.0,"turns":5.0},{"damage":15.0,"enemies":"Shell Parasite","floor":18.0,"turns":2.0},{"damage":0.0,"enemies":"Chosen","floor":22.0,"turns":2.0},{"damage":6.0,"enemies":"Shelled Parasite and Fungi","floor":24.0,"turns":3.0},{"damage":0.0,"enemies":"Book of Stabbing","floor":27.0,"turns":3.0},{"damage":0.0,"enemies":"Sentry and Sphere","floor":28.0,"turns":4.0},{"damage":7.0,"enemies":"Gremlin Leader","floor":30.0,"turns":5.0},{"damage":0.0,"enemies":"Snake Plant","floor":31.0,"turns":4.0},{"damage":66,"enemies":"Champ","floor":33,"turns":7}],"seed_played":"982591099857658735","potions_obtained":[{"floor":1.0,"key":"ColorlessPotion"},{"floor":7.0,"key":"GamblersBrew"},{"floor":12.0,"key":"Swift Potion"},{"floor":24.0,"key":"FearPotion"},{"floor":30.0,"key":"Block Potion"},{"floor":31.0,"key":"Block Potion"}],"is_trial":false,"path_per_floor":["M","?","?","?","?","R","M","R","T","$","M","M","M","M","R","B",null,"M","$","?","?","M","R","M","R","T","E","M","?","E","M","R","B"],"character_chosen":"WATCHER","items_purchased":["Tantrum","Membership Card"],"campfire_rested":0,"item_purchase_floors":[10,19],"current_hp_per_floor":[63,63,68,53,53,53,53,53,53,53,53,53,51,51,51,1,58,43,43,43,43,43,43,37,37,37,37,37,37,30,30,30,0,0],"gold":109,"neow_bonus":"REMOVE_TWO","is_daily":false,"chose_seed":false,"campfire_upgraded":6,"win_rate":0.0,"timestamp":1612025855,"path_taken":["M","?","?","?","?","R","?","R","T","?","M","?","M","M","R","BOSS","M","$","?","?","M","R","M","R","T","E","M","?","E","M","R","BOSS"],"items_purchased_type":["Card","Relic"],"build_version":"2020-12-22","purchased_purges":1,"victory":false,"max_hp_per_floor":[72,72,77,77,77,77,77,77,77,77,77,77,77,77,77,77,77,77,77,77,77,77,77,77,77,77,77,77,77,77,77,77,77,77],"card_choices":[{"not_picked":["Fasting2","Prostrate"],"picked":"WheelKick","floor":1.0},{"not_picked":["ThirdEye","JustLucky","Crescendo"],"picked":"SKIP","floor":7.0},{"not_picked":["Wireheading","Meditate"],"picked":"FlurryOfBlows","floor":11.0},{"not_picked":["LikeWater","WaveOfTheHand","SandsOfTime"],"picked":"SKIP","floor":12.0},{"not_picked":["JustLucky","SandsOfTime","ThirdEye"],"picked":"SKIP","floor":13.0},{"not_picked":["Perseverance","CutThroughFate","Protect"],"picked":"SKIP","floor":14.0},{"not_picked":["MasterReality","Judgement"],"picked":"Vault","floor":16.0},{"not_picked":["Consecrate","FlurryOfBlows+1"],"picked":"Halt+1","floor":18.0},{"not_picked":["BowlingBash","SashWhip","SignatureMove"],"picked":"SKIP","floor":22.0},{"not_picked":["ClearTheMind","SandsOfTime"],"picked":"TalkToTheHand","floor":24.0},{"not_picked":["Collect","EmptyMind","Nirvana"],"picked":"SKIP","floor":27.0},{"not_picked":["SashWhip+1","JustLucky","Evaluate"],"picked":"SKIP","floor":28.0},{"not_picked":["Halt+1","JustLucky","Perseverance"],"picked":"SKIP","floor":30.0},{"not_picked":["Prostrate+1","Crescendo"],"picked":"InnerPeace","floor":31.0}],"player_experience":528937,"relics_obtained":[{"floor":9.0,"key":"Centennial Puzzle"},{"floor":26.0,"key":"Pantograph"},{"floor":27.0,"key":"CeramicFish"},{"floor":30.0,"key":"FossilizedHelix"}],"event_choices":[{"cards_removed":["Strike_P"],"damage_healed":0.0,"max_hp_gain":0.0,"max_hp_loss":0.0,"gold_gain":0.0,"event_name":"Living Wall","player_choice":"Forget","floor":2.0,"gold_loss":0.0,"damage_taken":0.0},{"damage_healed":0.0,"max_hp_gain":5.0,"max_hp_loss":0.0,"gold_gain":0.0,"event_name":"Big Fish","player_choice":"Donut","floor":3.0,"gold_loss":0.0,"damage_taken":0.0},{"damage_healed":0.0,"max_hp_gain":0.0,"max_hp_loss":0.0,"gold_gain":0.0,"event_name":"Shining Light","player_choice":"Entered Light","floor":4.0,"gold_loss":0.0,"damage_taken":15.0,"cards_upgraded":["Defend_P","Strike_P"]},{"cards_removed":["Strike_P"],"damage_healed":0.0,"max_hp_gain":0.0,"max_hp_loss":0.0,"gold_gain":0.0,"event_name":"Purifier","player_choice":"Purged","floor":5.0,"gold_loss":0.0,"damage_taken":0.0},{"damage_healed":0.0,"max_hp_gain":0.0,"max_hp_loss":0.0,"gold_gain":0.0,"event_name":"The Mausoleum","player_choice":"Ignored","floor":20.0,"gold_loss":0.0,"damage_taken":0.0},{"cards_removed":["Defend_P"],"damage_healed":0.0,"max_hp_gain":0.0,"max_hp_loss":0.0,"gold_gain":0.0,"event_name":"Back to Basics","player_choice":"Elegance","floor":21.0,"gold_loss":0.0,"damage_taken":0.0},{"damage_healed":0.0,"max_hp_gain":0.0,"max_hp_loss":0.0,"gold_gain":0.0,"event_name":"Addict","player_choice":"Obtained Relic","floor":29.0,"gold_loss":85.0,"damage_taken":0.0,"relics_obtained":["Tiny Chest"]}],"is_beta":false,"boss_relics":[{"not_picked":["HolyWater","Velvet Choker"],"picked":"VioletLotus"}],"items_purged_floors":[19],"is_endless":false,"potions_floor_spawned":[1,7,12,24,30,31],"killed_by":"Champ","ascension_level":7}}