{"host":"lehbxtjrpalkmwwj","time":1612018169,"event":{"mods":["BaseMod","Colored Powertips","GungeonMod","Minty Spire (QoL Compilation)","Replay The Spire","Shop Mod","StSLib","The Bug Knight","The Cursed","The Gatherer"],"gold_per_floor":[119,137,137,137,152,186,186,204,204,229,243,268,268,302,302,302,302],"floor_reached":16,"language":"ZHS","playtime":537,"items_purged":[],"score":168,"play_id":"44e8e121-fc61-485b-b495-8dca2e5dcaf4","local_time":"20210130224929","is_ascension_mode":true,"campfire_choices":[{"floor":7.0,"key":"RECALL"},{"floor":15,"key":"REST"}],"circlet_count":0,"master_deck":["Strike_G","Strike_G","Strike_G","Strike_G+1","Strike_G+1","Defend_G","Defend_G","Defend_G","Defend_G","Defend_G","Survivor","Neutralize","Backstab","ReplayTheSpireMod:Exploit Weakness","A Thousand Cuts","Calculated Gamble","ReplayTheSpireMod:Tripwire","Poisoned Stab","Predator","Escape Plan","Sucker Punch+1"],"relics":["Ring of the Snake","NeowsBlessing","FaceOfCleric","Simple Rune","Durian","DemoMod:WhiteGuonStone","Incense Burner","Letter Opener","Molten Egg 2"],"acts_visited":["Exordium"],"potions_floor_usage":[14,14],"damage_taken":[{"damage":0.0,"enemies":"Jaw Worm","floor":1.0,"turns":1.0},{"damage":0.0,"enemies":"Cultist","floor":2.0,"turns":1.0},{"damage":0.0,"enemies":"Small Slimes","floor":5.0,"turns":1.0},{"damage":39.0,"enemies":"3 Sentries","floor":6.0,"turns":12.0},{"damage":1.0,"enemies":"3 Louse","floor":8.0,"turns":3.0},{"damage":25.0,"enemies":"Gremlin Nob","floor":10.0,"turns":5.0},{"damage":3.0,"enemies":"Blue Slaver","floor":11.0,"turns":4.0},{"damage":9.0,"enemies":"Lagavulin","floor":12.0,"turns":6.0},{"damage":4,"enemies":"3 Sentries","floor":14,"turns":5},{"damage":34,"enemies":"Hexaghost","floor":16,"turns":12}],"seed_played":"-8746470698466421214","potions_obtained":[{"floor":5.0,"key":"Fruit Juice"},{"floor":6.0,"key":"Strength Potion"},{"floor":12.0,"key":"Weak Potion"}],"is_trial":false,"path_per_floor":["M","M","?","?","M","E","R","M","T","E","M","E","T","E","R","B"],"character_chosen":"THE_SILENT","items_purchased":[],"campfire_rested":1,"item_purchase_floors":[],"current_hp_per_floor":[70,70,70,70,76,38,38,38,43,19,17,9,9,6,32,0,0],"gold":302,"neow_bonus":"THREE_ENEMY_KILL","is_daily":false,"chose_seed":false,"campfire_upgraded":0,"win_rate":0.0,"timestamp":1612018169,"path_taken":["M","M","?","?","?","E","R","M","T","E","M","E","?","E","R","BOSS"],"items_purchased_type":[],"build_version":"2020-12-22","purchased_purges":0,"victory":false,"max_hp_per_floor":[70,70,70,70,76,77,77,78,83,84,85,86,86,87,87,87,87],"card_choices":[{"not_picked":["Outmaneuver","Slice"],"picked":"Backstab","floor":1.0},{"not_picked":["Poisoned Stab","Hidden Blade"],"picked":"ReplayTheSpireMod:Exploit Weakness","floor":2.0},{"not_picked":["All Out Attack","Endless Agony"],"picked":"A Thousand Cuts","floor":5.0},{"not_picked":["Skewer","ReplayTheSpireMod:Speed Training"],"picked":"Calculated Gamble","floor":6.0},{"not_picked":["Quick Slash","Calculated Gamble"],"picked":"ReplayTheSpireMod:Tripwire","floor":8.0},{"not_picked":["Prepared","Acrobatics"],"picked":"Poisoned Stab","floor":10.0},{"not_picked":["Distraction","Dagger Spray"],"picked":"Predator","floor":11.0},{"not_picked":["Acrobatics","Bane"],"picked":"Escape Plan","floor":12.0},{"not_picked":["Backflip","ReplayTheSpireMod:Exploit Weakness"],"picked":"Sucker Punch+1","floor":14}],"player_experience":88353,"relics_obtained":[{"floor":6.0,"key":"Simple Rune"},{"floor":9.0,"key":"Durian"},{"floor":10.0,"key":"DemoMod:WhiteGuonStone"},{"floor":12.0,"key":"Incense Burner"},{"floor":13.0,"key":"Letter Opener"},{"floor":14,"key":"Molten Egg 2"}],"event_choices":[{"damage_healed":0.0,"max_hp_gain":0.0,"max_hp_loss":0.0,"gold_gain":0.0,"event_name":"The Cleric","player_choice":"Leave","floor":3.0,"gold_loss":0.0,"damage_taken":0.0},{"damage_healed":0.0,"max_hp_gain":0.0,"max_hp_loss":0.0,"gold_gain":0.0,"event_name":"FaceTrader","player_choice":"Trade","floor":4.0,"gold_loss":0.0,"damage_taken":0.0,"relics_obtained":["FaceOfCleric"]}],"is_beta":false,"boss_relics":[],"items_purged_floors":[],"is_endless":false,"potions_floor_spawned":[5,6,12],"killed_by":"Hexaghost","ascension_level":2}}