{"host":"x8sop9v6zw8yitbt","time":1612044900,"event":{"mods":["BaseMod","Best Route Mod","Block Reminder","Colored Powertips","Dark Map","DeckTracker","Minty Spire (QoL Compilation)","Permanent Neow","Quick Restart","Relic Stats","Slay-I","StSLib"],"gold_per_floor":[119,119,166,166,177,177,187,215,242,270,270,297,297,312,312,312,312],"floor_reached":16,"language":"ENG","playtime":303,"items_purged":[],"score":124,"play_id":"53a064b7-babd-4917-a1a8-45e4d6515edc","local_time":"20210130171500","is_ascension_mode":true,"campfire_choices":[{"data":"Neutralize","floor":6.0,"key":"SMITH"},{"data":"Dagger Spray","floor":13,"key":"SMITH"},{"data":"Terror","floor":15,"key":"SMITH"}],"circlet_count":0,"master_deck":["Strike_G","Strike_G","Strike_G","Strike_G","Strike_G","Defend_G","Defend_G","Defend_G","Defend_G","Defend_G","Survivor","Neutralize+1","Panacea","Backstab","Terror+1","Dagger Spray+1","Slice"],"relics":["Ring of the Snake","Omamori","Pear","PreservedInsect","Bottled Flame","Snake Skull"],"acts_visited":["Exordium"],"potions_floor_usage":[],"damage_taken":[{"damage":0.0,"enemies":"Small Slimes","floor":1.0,"turns":4.0},{"damage":1.0,"enemies":"Jaw Worm","floor":5.0,"turns":4.0},{"damage":0.0,"enemies":"2 Louse","floor":7.0,"turns":2.0},{"damage":25.0,"enemies":"Gremlin Nob","floor":8.0,"turns":4.0},{"damage":14.0,"enemies":"3 Sentries","floor":10.0,"turns":6.0},{"damage":11,"enemies":"Gremlin Nob","floor":12,"turns":5},{"damage":4,"enemies":"Exordium Thugs","floor":14,"turns":4},{"damage":0,"enemies":"The Guardian","floor":16,"turns":3}],"seed_played":"7159606502513030299","potions_obtained":[{"floor":7.0,"key":"FearPotion"},{"floor":10.0,"key":"Block Potion"},{"floor":12,"key":"SteroidPotion"}],"is_trial":false,"path_per_floor":["M","?","T","?","M","R","M","E","T","E","?","E","R","M","R","B"],"character_chosen":"THE_SILENT","items_purchased":[],"campfire_rested":0,"item_purchase_floors":[],"current_hp_per_floor":[70,70,70,70,69,69,69,54,54,40,40,29,29,25,25,25,25],"gold":312,"neow_bonus":"RANDOM_COLORLESS","is_daily":false,"chose_seed":false,"campfire_upgraded":3,"win_rate":0.0,"timestamp":1612044900,"path_taken":["M","?","?","?","?","R","M","E","T","E","?","E","R","?","R","BOSS"],"items_purchased_type":[],"build_version":"2020-12-22","purchased_purges":0,"victory":false,"max_hp_per_floor":[70,70,70,70,70,70,70,80,80,80,80,80,80,80,80,80,80],"relic_stats":{"counters":[8,32],"PreservedInsect":52,"Snake Skull":[0],"obtain_stats":[{"Bottled Flame":10,"Pear":8,"PreservedInsect":9,"Snake Skull":12,"Omamori":3,"Ring of the Snake":0},{"Bottled Flame":5,"Pear":4,"PreservedInsect":4,"Snake Skull":6,"Omamori":1,"Ring of the Snake":0},{"Bottled Flame":20,"Pear":14,"PreservedInsect":14,"Snake Skull":25,"Omamori":4,"Ring of the Snake":0}],"Ring of the Snake":[16]},"card_choices":[{"not_picked":["Madness","Forethought"],"picked":"Panacea","floor":0.0},{"not_picked":["Deflect","Skewer"],"picked":"Backstab","floor":1.0},{"not_picked":["Blade Dance","PiercingWail"],"picked":"Terror","floor":5.0},{"not_picked":["Crippling Poison","Acrobatics","Prepared"],"picked":"SKIP","floor":7.0},{"not_picked":["Venomology","PiercingWail"],"picked":"Dagger Spray","floor":8.0},{"not_picked":["Dash","Dagger Throw","Underhanded Strike"],"picked":"SKIP","floor":10.0},{"not_picked":["Dagger Throw","Sucker Punch","Riddle With Holes"],"picked":"SKIP","floor":12},{"not_picked":["Noxious Fumes","Dash"],"picked":"Slice","floor":14}],"player_experience":863055,"relics_obtained":[{"floor":3.0,"key":"Omamori"},{"floor":8.0,"key":"Pear"},{"floor":9.0,"key":"PreservedInsect"},{"floor":10.0,"key":"Bottled Flame"},{"floor":12,"key":"Snake Skull"}],"event_choices":[{"damage_healed":0.0,"max_hp_gain":0.0,"max_hp_loss":0.0,"gold_gain":0.0,"event_name":"Liars Game","player_choice":"Ignored","floor":2.0,"gold_loss":0.0,"damage_taken":0.0},{"damage_healed":0.0,"max_hp_gain":0.0,"max_hp_loss":0.0,"gold_gain":0.0,"event_name":"Transmorgrifier","player_choice":"Ignored","floor":4.0,"gold_loss":0.0,"damage_taken":0.0},{"damage_healed":0,"gold_gain":0,"player_choice":"Ignored","damage_taken":0,"max_hp_gain":0,"max_hp_loss":0,"event_name":"NoteForYourself","floor":11,"gold_loss":0}],"is_beta":false,"boss_relics":[],"items_purged_floors":[],"is_endless":false,"potions_floor_spawned":[7,10,12],"killed_by":"The Guardian","ascension_level":1}}