{"host":"5jyeqch4fosnsiz2","time":1612029417,"event":{"mods":["BaseMod","Bestiary","Colored Map","Colored Powertips","Filter the Spire","Minty Spire (QoL Compilation)","Relic Stats","StSLib","Waifu the Spire","ojb\u0027s Better Paths Mod","ojb\u0027s Info Mod"],"gold_per_floor":[18,18,41,41,61,96,110,110,110,128,164,164,207,220,220,220,220],"floor_reached":16,"language":"ENG","playtime":532,"items_purged":[],"score":122,"play_id":"869f498a-5dba-4c99-b9f9-b84410f0c675","local_time":"20210130125657","is_ascension_mode":false,"campfire_choices":[{"data":"Chill","floor":8,"key":"SMITH"},{"data":"Zap","floor":12,"key":"SMITH"},{"data":"Consume","floor":15,"key":"SMITH"}],"circlet_count":0,"master_deck":["Strike_B","Strike_B","Strike_B","Strike_B","Defend_B","Defend_B","Defend_B","Defend_B","Zap+1","Dualcast","Gash","Chill+1","Sweeping Beam","Core Surge","Gash","Gash","Consume+1","Multi-Cast"],"relics":["Cracked Core","Lizard Tail","Golden Idol","NlothsMask","Meat on the Bone","Cables","Question Card"],"acts_visited":["Exordium"],"potions_floor_usage":[13,16,16],"damage_taken":[{"damage":0,"enemies":"Cultist","floor":1,"turns":4},{"damage":5,"enemies":"Small Slimes","floor":3,"turns":3},{"damage":0,"enemies":"2 Louse","floor":5,"turns":1},{"damage":8,"enemies":"3 Sentries","floor":6,"turns":7},{"damage":4,"enemies":"Gremlin Gang","floor":7,"turns":3},{"damage":5,"enemies":"Blue Slaver","floor":10,"turns":2},{"damage":26,"enemies":"Gremlin Nob","floor":11,"turns":4},{"damage":17,"enemies":"Lagavulin","floor":13,"turns":5},{"damage":1,"enemies":"Red Slaver","floor":14,"turns":3},{"damage":77,"enemies":"The Guardian","floor":16,"turns":12}],"seed_played":"1401708686544978834","potions_obtained":[{"floor":1,"key":"PotionOfCapacity"},{"floor":7,"key":"FearPotion"},{"floor":13,"key":"Ancient Potion"},{"floor":14,"key":"Energy Potion"}],"is_trial":false,"path_per_floor":["M","?","M","?","M","E","M","R","T","M","E","R","E","M","R","B"],"character_chosen":"DEFECT","items_purchased":[],"campfire_rested":0,"item_purchase_floors":[],"current_hp_per_floor":[75,57,52,52,52,44,40,40,40,47,33,33,28,39,39,0,0],"gold":220,"neow_bonus":"ONE_RARE_RELIC","is_daily":false,"chose_seed":false,"campfire_upgraded":3,"win_rate":0.0,"timestamp":1612029417,"path_taken":["M","?","M","?","M","E","M","R","T","M","E","R","E","M","R","BOSS"],"items_purchased_type":[],"build_version":"2020-12-22","purchased_purges":0,"victory":false,"max_hp_per_floor":[75,75,75,75,75,75,75,75,75,75,75,75,75,75,75,75,75],"relic_stats":{"Lizard Tail":37,"counters":[10,44],"Golden Idol":42,"Question Card":1,"obtain_stats":[{"Lizard Tail":0,"Golden Idol":2,"Cracked Core":0,"Question Card":13,"NlothsMask":4,"Meat on the Bone":6,"Cables":11},{"Lizard Tail":0,"Golden Idol":1,"Cracked Core":0,"Question Card":8,"NlothsMask":2,"Meat on the Bone":4,"Cables":7},{"Lizard Tail":0,"Golden Idol":4,"Cracked Core":0,"Question Card":29,"NlothsMask":7,"Meat on the Bone":15,"Cables":24}],"Meat on the Bone":48,"Cables":[10,8,2,0,0]},"card_choices":[{"not_picked":["Lockon","Compile Driver"],"picked":"Gash","floor":1},{"not_picked":["Rebound","Auto Shields"],"picked":"Chill","floor":3},{"not_picked":["Steam","Compile Driver"],"picked":"Sweeping Beam","floor":5},{"not_picked":["Steam","Ball Lightning"],"picked":"Core Surge","floor":6},{"not_picked":["BootSequence","Turbo"],"picked":"Gash","floor":7},{"not_picked":["Sweeping Beam","Turbo"],"picked":"Gash","floor":10},{"not_picked":["Rebound","Melter","FTL"],"picked":"SKIP","floor":11},{"not_picked":["Fusion","Conserve Battery"],"picked":"Consume","floor":13},{"not_picked":["Darkness","Skim","Sweeping Beam"],"picked":"Multi-Cast","floor":14}],"player_experience":342174,"relics_obtained":[{"floor":6,"key":"Meat on the Bone"},{"floor":11,"key":"Cables"},{"floor":13,"key":"Question Card"}],"event_choices":[{"damage_healed":0,"gold_gain":0,"player_choice":"Take Damage","damage_taken":18,"relics_obtained":["Golden Idol"],"max_hp_gain":0,"max_hp_loss":0,"event_name":"Golden Idol","floor":2,"gold_loss":0},{"damage_healed":0,"gold_gain":0,"player_choice":"Trade","damage_taken":0,"relics_obtained":["NlothsMask"],"max_hp_gain":0,"max_hp_loss":0,"event_name":"FaceTrader","floor":4,"gold_loss":0}],"is_beta":false,"boss_relics":[],"items_purged_floors":[],"is_endless":false,"potions_floor_spawned":[1,7,13,14],"killed_by":"The Guardian","ascension_level":0}}