{"host":"og21o26alpnbwmz8","time":1612035237,"event":{"mods":["Act Like it!","Aspiration","BaseMod","Conspire","Downfall","Halation","Hallownest","Hubris","Jedi Mod","Mimic Mod","Minty Spire (QoL Compilation)","Pale of the Ancients","Replay The Spire","Shop Mod","Spikes Relics","StSLib","The Administrix","The Alterego","The Blue Laboratory","The Bug Knight","The Death Knight","The Problem Sleuth","The Wild Card","Waifu the Spire"],"gold_per_floor":[110,110,110,61,71,71,71,71],"floor_reached":6,"language":"ENG","playtime":236,"items_purged":[],"score":34,"play_id":"8fcf14c2-56a9-47c5-99a1-5cb5e019ddb2","local_time":"20210130143357","is_ascension_mode":false,"campfire_choices":[],"circlet_count":0,"master_deck":["theSleuth:Strike","theSleuth:Strike","theSleuth:Strike","theSleuth:Strike","theSleuth:Defend","theSleuth:Defend","theSleuth:Defend","theSleuth:KeyHandgun","theSleuth:TakeInventory","theSleuth:Diplomacy","theSleuth:Supermassive","theSleuth:TruffleShuffle","theSleuth:TruffleShuffle","theSleuth:TruffleShuffle"],"relics":["theSleuth:Typewriter","Hallownest:DreamNailRelic"],"acts_visited":["Exordium"],"potions_floor_usage":[],"damage_taken":[{"damage":0,"enemies":"Hallownest:2_Tiktiks_and_1_Crawlid","floor":1,"turns":5},{"damage":1,"enemies":"Hallownest:monsterHuskWarrior","floor":5,"turns":4},{"damage":0,"enemies":"Hallownest:eliteMossKnight","floor":6,"turns":5}],"seed_played":"448402415974734694","potions_obtained":[{"floor":1,"key":"Milkshake"}],"is_trial":false,"path_per_floor":["M","?","?","$","M","E"],"character_chosen":"THE_sleuth","items_purchased":["theSleuth:TruffleShuffle"],"campfire_rested":0,"item_purchase_floors":[4],"current_hp_per_floor":[73,73,64,64,63,63,63,63],"gold":71,"neow_bonus":"ONE_RANDOM_RARE_CARD","is_daily":false,"chose_seed":false,"campfire_upgraded":0,"win_rate":0.0,"timestamp":1612035237,"path_taken":["M","?","?","$","M","E"],"items_purchased_type":["Card"],"build_version":"2020-12-22","purchased_purges":0,"victory":false,"max_hp_per_floor":[73,73,73,73,73,73,73,73],"card_choices":[{"not_picked":["theSleuth:Ignore","theSleuth:ForceDeck"],"picked":"theSleuth:TruffleShuffle","floor":1},{"not_picked":["theSleuth:KeyringTommygun","theSleuth:UnDeEscalate"],"picked":"theSleuth:TruffleShuffle","floor":5}],"player_experience":235350,"relics_obtained":[],"event_choices":[],"is_beta":false,"boss_relics":[],"items_purged_floors":[],"is_endless":false,"potions_floor_spawned":[1],"killed_by":"Hallownest:eliteMossKnight","ascension_level":0}}