{"host":"1zulhgfop6judopi","time":1612034613,"event":{"mods":["2.2 Compatiblity","Act Like it!","Aspiration","BaseMod","Beaked The Cultist","Better Altar","Better Match","Better Note","Better Sensory Stone","Better Skull","Better Synergies","Better Third Choice","Card Forge","Communication Mod","Conspire","Defuse TimeMaze Blight","Displayed Cursed Tome","Downfall","Elementarium","Friendly Minions","GifTheSpireLib","GungeonMod","Halation","HexUI Lib","Hubris","Humility","Hyrulean Relics","Infinite Spire","Ironclad Rager","Marked Mod","Menagerie","Minty Spire (QoL Compilation)","MostiFishMod","Quick Restart","Relic Filter","Relic Sorter","Replay The Spire","SacredBarkPlus","Small Relic Pack","Spicy Shops","Spikes Relics","Spire Exporter","StSLib","Stuff the Spire","Synergy Search","The Bladedancer","The Blue Laboratory","Trackpad","Transform Curses","Uncapped","UnlockEverythingMod","Virulent Crown"],"gold_per_floor":[110,129,129,129,129,164,164,195,220,245,245,269,269,303,303,380,380,395,345,365,365,365,391,391,391,418,453,453,488,506,536,536,614,614,624,644,678,678,694,776,845,930,930,930,930,949,780,815,815,888,888,888],"floor_reached":51,"language":"ENG","playtime":1158,"items_purged":[],"score":2069,"play_id":"a0a8dcb1-9df7-47d1-9506-8005dcef5951","local_time":"20210130142333","daily_mods":["Vintage","Heirloom","Time Dilation","Flight","Elite Swarm"],"is_ascension_mode":true,"campfire_choices":[{"data":"Bash","floor":7,"key":"SMITH"},{"floor":15,"key":"REST"},{"data":"infinitespire:SevenWalls","floor":25,"key":"SMITH"},{"data":"MostiFishMod:StarWish","floor":32,"key":"SMITH"},{"data":"MostiFishMod:RacingGame","floor":49,"key":"SMITH"}],"circlet_count":0,"master_deck":["AscendersBane","hubris:Hubris","Strike_R","Strike_R","Strike_R+1","Strike_R","Strike_R","Defend_R","Defend_R","Defend_R","Defend_R+1","Bash+1","Limit Break","MostiFishMod:CullingBlade","MostiFishMod:CullingBlade","infinitespire:SevenWalls+1","MostiFishMod:StarWish+1","MostiFishMod:Dust","Reaper","infinitespire:DeathsTouch","MostiFishMod:RacingGame+1","Vault"],"relics":["Burning Blood","Hammer of Thor","Seething Fire","Anvil of the Gods","DaveBox","PatriotShield","trackpad:FieryHotPepper","Potion Belt","SynthV:TestCard","Strawberry","Ring of Fury","Ring of Misfortune","relicPack:AllForOne","zeldaRelics:CourageTriforce","zeldaRelics:WisdomTriforce","StuffTheSpire:Gunfinga","zeldaRelics:MasterSword","Pantograph","DemoMod:GlassGuonStoneRelic","Red Skull","Spirit Poop","Boot","conspire:TopHat","ReplayTheSpireMod:TigerMarble","zeldaRelics:PowerTriforce","Snecko Heart","Membership Card","hubris:DisguiseKit","trackpad:Compendium","Slimebound:StickyStick","relicPack:KazumaCape","StuffTheSpire:Expresso","Blood Vial","SpikesRelics:ToyHorsey","halation:PurpleSoulGem","Replay:Wax Seal","aspiration:HatOfInfinitePower","MealTicket","Juzu Bracelet","HornCleat","hubris:Towel","bronze:BronzeIdol","MostiFishMod:AdaptiveDefenses","halation:LettersToHer","DemoMod:VorpalBullet"],"acts_visited":["Exordium","TheCity","TheBeyond"],"potions_floor_usage":[14,14,41],"damage_taken":[{"damage":0,"enemies":"Cultist","floor":1,"turns":1},{"damage":0,"enemies":"2 Louse","floor":2,"turns":3},{"damage":0,"enemies":"Gremlin Nob","floor":6,"turns":1},{"damage":0,"enemies":"3 Sentries","floor":8,"turns":3},{"damage":0,"enemies":"Lagavulin","floor":10,"turns":2},{"damage":0,"enemies":"3 Sentries","floor":14,"turns":4},{"damage":16,"enemies":"Hexaghost","floor":16,"turns":2},{"damage":0,"enemies":"2 Thieves","floor":18,"turns":1},{"damage":0,"enemies":"Chosen","floor":20,"turns":2},{"damage":0,"enemies":"conspire:SneckoGhost","floor":23,"turns":2},{"damage":0,"enemies":"conspire:Head Lice","floor":27,"turns":2},{"damage":0,"enemies":"conspire:SneckoGhost","floor":29,"turns":1},{"damage":0,"enemies":"Centurion and Healer","floor":30,"turns":1},{"damage":0,"enemies":"Nightmare","floor":31,"turns":1},{"damage":0,"enemies":"Collector","floor":33,"turns":1},{"damage":0,"enemies":"3 Darklings","floor":35,"turns":1},{"damage":0,"enemies":"3 Shapes","floor":36,"turns":1},{"damage":0,"enemies":"conspire:MimicChest","floor":37,"turns":1},{"damage":0,"enemies":"Jaw Worm Horde","floor":39,"turns":2},{"damage":0,"enemies":"Nemesis","floor":40,"turns":1},{"damage":0,"enemies":"3 Darklings","floor":41,"turns":1},{"damage":0,"enemies":"Giant Head","floor":42,"turns":1},{"damage":0,"enemies":"Maw","floor":46,"turns":1},{"damage":0,"enemies":"Nemesis","floor":48,"turns":1},{"damage":0,"enemies":"Replay:Hell Engine","floor":50,"turns":1},{"damage":114,"enemies":"conspire:OrnateMirror","floor":51,"turns":1}],"seed_played":"-4927252229871005120","potions_obtained":[{"floor":1,"key":"blueLaboratory:AbyssPotion"},{"floor":6,"key":"blueLaboratory:Moonshine"},{"floor":8,"key":"SkillPotion"},{"floor":10,"key":"hexamod:SoulburnPotion"},{"floor":18,"key":"BlessingOfTheForge"},{"floor":20,"key":"Dexterity Potion"},{"floor":29,"key":"Fire Potion"}],"is_trial":true,"path_per_floor":["M","M","?","?","?","E","R","E","T","E","?","T","?","E","R","B",null,"M","?","M","?","?","E","AVR","R","T","E","$","E","M","NM","R","B",null,"M","M","?","?","M","E","M","E","T","?","?","M","$","E","R","B","B"],"character_chosen":"IRONCLAD","items_purchased":["MostiFishMod:AdaptiveDefenses","halation:LettersToHer"],"campfire_rested":1,"item_purchase_floors":[47,47],"current_hp_per_floor":[74,82,82,77,77,82,82,82,82,82,82,82,82,82,82,72,62,62,62,62,62,17,23,23,23,23,29,29,35,41,47,47,62,62,62,65,65,65,65,65,65,65,65,48,48,56,65,65,65,65,0,0],"gold":888,"neow_bonus":"","is_daily":false,"chose_seed":false,"campfire_upgraded":4,"win_rate":0.0,"timestamp":1612034613,"path_taken":["M","?","?","?","?","E","R","E","T","E","?","?","?","E","R","BOSS","M","?","M","?","?","E","AVR","R","T","E","$","E","M","NM","R","BOSS","M","?","?","?","M","E","M","E","T","?","?","M","$","E","R","BOSS","BOSS"],"items_purchased_type":["Relic","Relic"],"build_version":"2020-12-22","purchased_purges":0,"victory":false,"max_hp_per_floor":[75,82,82,82,82,82,82,82,82,82,82,82,82,82,82,82,62,62,62,62,62,62,62,62,62,62,62,62,62,62,62,62,62,62,62,65,65,65,65,65,65,65,65,65,65,65,65,65,65,65,65,65],"card_choices":[{"not_picked":["ICR:VitalStrike","MostiFishMod:FireWorks","Reaper","MostiFishMod:PerfectStrikeMKII"],"picked":"Limit Break","floor":6},{"not_picked":["Impervious","Eclipse","MostiFishMod:FlyOverUtopia","conspire:HitWhereItHurts","MostiFishMod:NewArrival"],"picked":"SKIP","floor":8},{"not_picked":["MostiFishMod:UltimateDefense","Replay:Many Hands","Brutality","conspire:HitWhereItHurts"],"picked":"MostiFishMod:CullingBlade","floor":10},{"not_picked":["hubris:StunningStrike","conspire:HitWhereItHurts","MostiFishMod:OrdinaryWorld","Replay:Many Hands","Offering"],"picked":"SKIP","floor":14},{"not_picked":["MostiFishMod:HellRitual","Juggernaut","MostiFishMod:ChineseTea","Impervious"],"picked":"MostiFishMod:CullingBlade","floor":16},{"not_picked":["Eclipse","Double Tap","Brutality","MostiFishMod:TemporaryOutbreak","Demon Form"],"picked":"SKIP","floor":23},{"not_picked":["Replay:Many Hands","Corruption","conspire:Purge","MostiFishMod:OrdinaryWorld","StuffTheSpire:TitanForm"],"picked":"SKIP","floor":27},{"not_picked":["Brutality","MostiFishMod:CullingBlade","ICR:VitalStrike","Berserk","MostiFishMod:DarkDeal"],"picked":"SKIP","floor":29},{"not_picked":["Offering","Juggernaut","MostiFishMod:UltimateDefense","MostiFishMod:FireWorks","MostiFishMod:WingOfPhoenix"],"picked":"MostiFishMod:StarWish","floor":31},{"not_picked":["MostiFishMod:OrdinaryWorld","Corruption","Immolate","MostiFishMod:WingOfPhoenix","Brutality"],"picked":"MostiFishMod:Dust","floor":33},{"not_picked":["MostiFishMod:CullingBlade","Eclipse","Reaper","MostiFishMod:404NotFound","Corruption","MostiFishMod:StarWish"],"picked":"SKIP","floor":40},{"not_picked":["MostiFishMod:CullingBlade","Eclipse","MostiFishMod:404NotFound","Corruption","MostiFishMod:StarWish"],"picked":"Reaper","floor":40},{"not_picked":["MostiFishMod:404NotFound","MostiFishMod:WingOfPhoenix","Juggernaut","MostiFishMod:TemporaryOutbreak","Hemogenesis","MostiFishMod:StarHerder"],"picked":"SKIP","floor":42},{"not_picked":["infinitespire:NeuralNetwork","ReplayTheSpireMod:Chaos Vortex"],"picked":"infinitespire:DeathsTouch","floor":44},{"not_picked":["MostiFishMod:CullingBlade","Double Tap","Corruption","MostiFishMod:Mania","Brilliance"],"picked":"MostiFishMod:RacingGame","floor":48},{"not_picked":["MostiFishMod:HellRitual","MostiFishMod:404NotFound","Exhume","Barricade","Offering"],"picked":"Vault","floor":50}],"player_experience":204021,"relics_obtained":[{"floor":1,"key":"Potion Belt"},{"floor":1,"key":"SynthV:TestCard"},{"floor":2,"key":"Strawberry"},{"floor":3,"key":"Ring of Fury"},{"floor":3,"key":"Ring of Misfortune"},{"floor":6,"key":"zeldaRelics:CouragePiece"},{"floor":8,"key":"zeldaRelics:CouragePiece"},{"floor":9,"key":"zeldaRelics:CouragePiece"},{"floor":10,"key":"zeldaRelics:WisdomPiece"},{"floor":12,"key":"zeldaRelics:WisdomPiece"},{"floor":14,"key":"zeldaRelics:WisdomPiece"},{"floor":18,"key":"Pantograph"},{"floor":20,"key":"Red Skull"},{"floor":23,"key":"zeldaRelics:PowerPiece"},{"floor":26,"key":"zeldaRelics:PowerPiece"},{"floor":27,"key":"zeldaRelics:PowerPiece"},{"floor":29,"key":"hubris:DisguiseKit"},{"floor":30,"key":"trackpad:Compendium"},{"floor":31,"key":"Slimebound:StickyStick"},{"floor":35,"key":"StuffTheSpire:Expresso"},{"floor":36,"key":"Blood Vial"},{"floor":37,"key":"SpikesRelics:ToyHorsey"},{"floor":39,"key":"Replay:Wax Seal"},{"floor":40,"key":"aspiration:HatOfInfinitePower"},{"floor":41,"key":"MealTicket"},{"floor":42,"key":"Juzu Bracelet"},{"floor":43,"key":"HornCleat"},{"floor":46,"key":"bronze:BronzeIdol"},{"floor":48,"key":"DemoMod:VorpalBullet"}],"event_choices":[{"damage_healed":0,"gold_gain":0,"player_choice":"Leave","damage_taken":0,"max_hp_gain":0,"max_hp_loss":0,"event_name":"conspire:Investor","floor":4,"gold_loss":0},{"damage_healed":0,"gold_gain":0,"player_choice":"Searched \u00271\u0027 times","damage_taken":0,"max_hp_gain":0,"max_hp_loss":0,"event_name":"Dead Adventurer","floor":11,"gold_loss":0},{"damage_healed":0,"gold_gain":0,"player_choice":"Box","damage_taken":0,"relics_obtained":["StuffTheSpire:Gunfinga"],"max_hp_gain":0,"max_hp_loss":0,"event_name":"Big Fish","floor":13,"gold_loss":0,"cards_obtained":["Regret"]},{"damage_healed":0,"gold_gain":0,"player_choice":"Upgraded Two","damage_taken":0,"max_hp_gain":0,"max_hp_loss":0,"event_name":"Designer","floor":19,"gold_loss":50,"cards_upgraded":["Defend_R","Strike_R"]},{"cards_removed":["Regret"],"damage_healed":0,"gold_gain":0,"player_choice":"Offered Curse","damage_taken":0,"relics_obtained":["Spirit Poop"],"max_hp_gain":0,"max_hp_loss":0,"event_name":"Bonfire Elementals","floor":21,"gold_loss":0},{"damage_healed":0,"gold_gain":0,"player_choice":"RE RE RE ","damage_taken":51,"relics_obtained":["Boot","conspire:TopHat","ReplayTheSpireMod:TigerMarble"],"max_hp_gain":0,"max_hp_loss":0,"event_name":"betterSkull:BetterSkull","floor":22,"gold_loss":0,"cards_upgraded":[]}],"is_beta":false,"boss_relics":[{"not_picked":["Mark of Pain","beaked:SacredDeck"],"picked":"zeldaRelics:MasterSword"},{"not_picked":["aspiration:PoetsPen_weak","Fusion Hammer"],"picked":"relicPack:KazumaCape"}],"items_purged_floors":[],"is_endless":true,"potions_floor_spawned":[1,6,8,10,18,20,27,29,33,36,37,40,50],"killed_by":"conspire:OrnateMirror","ascension_level":20,"is_humility":true}}