{"host":"ilhhjx796p2x2wmd","time":1612022099,"event":{"mods":["AchievementEnabler","BaseMod","BetterRewards","Colored Map","Colored Powertips","DeckTracker","Highlight Path","Minty Spire (QoL Compilation)","Permanent Neow","Rare Cards Sparkle","Shop Mod"],"gold_per_floor":[118,118,132,149,165,165,194,194,194,194,210,46,61,86,86,191,191,211,34,109,127,127,154,154,165,237,268,268,268,299,329,329,432,432,446,495,512,512,523,523,523,24,51,112,124,150,176,203,215,227],"floor_reached":51,"language":"KOR","playtime":1909,"items_purged":["Strike_G","Bite+1"],"score":925,"play_id":"60b7df69-a177-4270-bddb-ddb1066fb1a9","local_time":"20210131005459","is_ascension_mode":true,"campfire_choices":[{"data":"Neutralize","floor":6.0,"key":"SMITH"},{"floor":10.0,"key":"REST"},{"data":"Infinite Blades","floor":15.0,"key":"SMITH"},{"floor":24.0,"key":"REST"},{"floor":29.0,"key":"REST"},{"data":"Apotheosis","floor":32,"key":"SMITH"},{"floor":40,"key":"REST"},{"data":"Prepared","floor":45,"key":"SMITH"},{"floor":49,"key":"REST"}],"circlet_count":0,"master_deck":["Defend_G","Defend_G","Defend_G","Defend_G+1","Defend_G","Survivor","Neutralize+1","Backflip","Bane","Cloak And Dagger","Blade Dance","Infinite Blades+1","Cloak And Dagger","Well Laid Plans","Adrenaline","Poisoned Stab+1","Apotheosis+1","Acrobatics","Bite+1","Bite+1","Blade Dance+1","Blade Dance","Cloak And Dagger+1","Envenom","Catalyst","Phantasmal Killer","Adrenaline","Blade Dance","Blade Dance","Prepared+1","Cloak And Dagger+1"],"relics":["WristBlade","Strawberry","Omamori","Molten Egg 2","SacredBark","Anchor","Gremlin Horn","Regal Pillow","The Specimen","Ancient Tea Set","Red Mask","Empty Cage","Mango","Letter Opener","MawBank","Snake Skull"],"acts_visited":["Exordium","TheCity","TheBeyond"],"potions_floor_usage":[31,38,48,50,50,50],"damage_taken":[{"damage":2.0,"enemies":"2 Louse","floor":1.0,"turns":3.0},{"damage":0.0,"enemies":"Jaw Worm","floor":3.0,"turns":4.0},{"damage":0.0,"enemies":"Cultist","floor":4.0,"turns":4.0},{"damage":11.0,"enemies":"Looter","floor":5.0,"turns":3.0},{"damage":28.0,"enemies":"Lagavulin","floor":7.0,"turns":6.0},{"damage":0.0,"enemies":"Exordium Wildlife","floor":11.0,"turns":1.0},{"damage":0.0,"enemies":"2 Fungi Beasts","floor":13.0,"turns":2.0},{"damage":17.0,"enemies":"3 Sentries","floor":14.0,"turns":6.0},{"damage":26.0,"enemies":"Hexaghost","floor":16.0,"turns":9.0},{"damage":0.0,"enemies":"2 Thieves","floor":18.0,"turns":2.0},{"damage":6.0,"enemies":"3 Byrds","floor":21.0,"turns":4.0},{"damage":45.0,"enemies":"Book of Stabbing","floor":23.0,"turns":5.0},{"damage":14.0,"enemies":"Sentry and Sphere","floor":25.0,"turns":4.0},{"damage":23.0,"enemies":"Slavers","floor":27.0,"turns":5.0},{"damage":13.0,"enemies":"Gremlin Leader","floor":30.0,"turns":5.0},{"damage":5,"enemies":"Masked Bandits","floor":31,"turns":3},{"damage":79,"enemies":"Champ","floor":33,"turns":8},{"damage":22,"enemies":"3 Darklings","floor":35,"turns":3},{"damage":17,"enemies":"2 Orb Walkers","floor":36,"turns":3},{"damage":10,"enemies":"Orb Walker","floor":37,"turns":3},{"damage":0,"enemies":"Maw","floor":38,"turns":2},{"damage":13,"enemies":"Sphere and 2 Shapes","floor":39,"turns":3},{"damage":25,"enemies":"Transient","floor":46,"turns":5},{"damage":0,"enemies":"3 Darklings","floor":47,"turns":3},{"damage":48,"enemies":"Maw","floor":48,"turns":6},{"damage":22,"enemies":"Donu and Deca","floor":50,"turns":5}],"seed_played":"2093668729273595290","potions_obtained":[{"floor":4.0,"key":"Dexterity Potion"},{"floor":5.0,"key":"Explosive Potion"},{"floor":11.0,"key":"Regen Potion"},{"floor":16.0,"key":"Explosive Potion"},{"floor":25.0,"key":"FairyPotion"},{"floor":27.0,"key":"SneckoOil"},{"floor":33,"key":"CunningPotion"},{"floor":35,"key":"SmokeBomb"},{"floor":39,"key":"Dexterity Potion"},{"floor":48,"key":"PowerPotion"}],"is_trial":false,"path_per_floor":["M","?","M","M","M","R","E","?","T","R","M","$","M","E","R","B",null,"M","$","?","M","?","E","R","M","T","E","T","R","E","?","R","B",null,"M","?","M","M","M","R","?","$","T","T","R","M","M","M","R","B",null],"character_chosen":"THE_SILENT","items_purchased":["Infinite Blades","Fire Potion","Apotheosis","Blade Dance","Letter Opener","ColorlessPotion","Prepared"],"campfire_rested":5,"item_purchase_floors":[12,12,19,42,42,42,42],"current_hp_per_floor":[68,68,68,68,57,57,36,21,21,44,44,44,44,42,42,16,77,77,77,70,64,53,17,32,21,21,10,10,40,36,40,40,12,53,31,31,21,24,14,49,66,66,66,66,66,45,45,3,38,19],"gold":239,"neow_bonus":"BOSS_RELIC","is_daily":false,"chose_seed":false,"campfire_upgraded":4,"win_rate":0.0,"timestamp":1612022099,"path_taken":["M","?","M","M","M","R","E","?","T","R","M","$","M","E","R","BOSS","M","$","?","?","?","E","R","M","T","E","?","R","E","?","R","BOSS","M","?","M","M","M","R","?","$","T","?","R","M","M","M","R","BOSS"],"items_purchased_type":["Card","Potion","Card","Card","Relic","Potion","Card"],"build_version":"2020-12-22","purchased_purges":2,"victory":true,"max_hp_per_floor":[70,70,70,70,70,70,77,77,77,77,77,77,77,77,77,77,77,77,77,77,77,53,53,53,53,53,53,53,53,53,53,53,53,53,53,67,67,67,67,67,67,67,67,67,67,67,67,67,67,67],"card_choices":[{"not_picked":["PiercingWail","Caltrops"],"picked":"Backflip","floor":1.0},{"not_picked":["Predator","Distraction"],"picked":"Bane","floor":3.0},{"not_picked":["Grand Finale","Catalyst"],"picked":"Cloak And Dagger","floor":4.0},{"not_picked":["Sucker Punch","Backflip"],"picked":"Blade Dance","floor":5.0},{"not_picked":["Deflect","Flying Knee","Slice"],"picked":"SKIP","floor":7.0},{"not_picked":["Deflect","Slice","Quick Slash"],"picked":"SKIP","floor":11.0},{"not_picked":["Die Die Die","All Out Attack"],"picked":"Cloak And Dagger","floor":13.0},{"not_picked":["Bane+1","Dash+1"],"picked":"Well Laid Plans","floor":14.0},{"not_picked":["Bullet Time","Unload+1"],"picked":"Adrenaline","floor":16.0},{"not_picked":["Dagger Spray+1","Noxious Fumes"],"picked":"Poisoned Stab+1","floor":18.0},{"not_picked":["Distraction+1","Finisher+1"],"picked":"Acrobatics","floor":21.0},{"not_picked":["Leg Sweep","Die Die Die+1"],"picked":"Blade Dance+1","floor":23.0},{"not_picked":["Deflect","Setup"],"picked":"Blade Dance","floor":25.0},{"not_picked":["Dagger Throw+1","Distraction+1"],"picked":"Cloak And Dagger+1","floor":27.0},{"not_picked":["Dagger Throw+1","Underhanded Strike+1"],"picked":"Envenom","floor":30.0},{"not_picked":["Slice+1","Outmaneuver"],"picked":"Catalyst","floor":31},{"not_picked":["Burst","Unload+1"],"picked":"Phantasmal Killer","floor":33},{"not_picked":["Bouncing Flask+1","Sucker Punch+1","Deflect+1"],"picked":"SKIP","floor":35},{"not_picked":["Blur+1","Deflect"],"picked":"Adrenaline","floor":37},{"not_picked":["Slice+1","Backstab+1"],"picked":"Blade Dance","floor":39},{"not_picked":["Skewer+1","Prepared","Quick Slash+1"],"picked":"SKIP","floor":46},{"not_picked":["Reflex","Poisoned Stab+1","Dagger Throw+1"],"picked":"SKIP","floor":47},{"not_picked":["Prepared+1","Crippling Poison"],"picked":"Cloak And Dagger+1","floor":48}],"player_experience":315176,"relics_obtained":[{"floor":7.0,"key":"Strawberry"},{"floor":9.0,"key":"Omamori"},{"floor":14.0,"key":"Molten Egg 2"},{"floor":23.0,"key":"Anchor"},{"floor":26.0,"key":"Gremlin Horn"},{"floor":27.0,"key":"Regal Pillow"},{"floor":28.0,"key":"The Specimen"},{"floor":30.0,"key":"Ancient Tea Set"},{"floor":31,"key":"Red Mask"},{"floor":36,"key":"Mango"},{"floor":43,"key":"MawBank"},{"floor":44,"key":"Snake Skull"}],"event_choices":[{"cards_removed":["Strike_G"],"damage_healed":0.0,"max_hp_gain":0.0,"max_hp_loss":0.0,"gold_gain":0.0,"event_name":"Living Wall","player_choice":"Forget","floor":2.0,"gold_loss":0.0,"damage_taken":0.0},{"damage_healed":0.0,"max_hp_gain":0.0,"max_hp_loss":0.0,"gold_gain":0.0,"event_name":"Shining Light","player_choice":"Entered Light","floor":8.0,"gold_loss":0.0,"damage_taken":15.0,"cards_upgraded":["Defend_G","Strike_G"]},{"damage_healed":0.0,"max_hp_gain":0.0,"max_hp_loss":0.0,"gold_gain":75.0,"event_name":"FaceTrader","player_choice":"Touch","floor":20.0,"gold_loss":0.0,"damage_taken":7.0},{"damage_healed":0.0,"max_hp_gain":0.0,"max_hp_loss":24.0,"gold_gain":0.0,"event_name":"Vampires","player_choice":"Became a vampire","floor":22.0,"gold_loss":0.0,"damage_taken":0.0,"cards_obtained":["Bite","Bite","Bite","Bite","Bite"]},{"damage_healed":0,"gold_gain":0,"player_choice":"Fought Bandits","damage_taken":0,"max_hp_gain":0,"max_hp_loss":0,"event_name":"Masked Bandits","floor":31,"gold_loss":0},{"damage_healed":0,"gold_gain":0,"player_choice":"Fight","damage_taken":0,"max_hp_gain":0,"max_hp_loss":0,"event_name":"Mysterious Sphere","floor":36,"gold_loss":0},{"damage_healed":17,"gold_gain":0,"player_choice":"Writhe","damage_taken":0,"max_hp_gain":0,"max_hp_loss":0,"event_name":"Winding Halls","floor":41,"gold_loss":0,"cards_obtained":["Writhe"]}],"is_beta":false,"boss_relics":[{"not_picked":["Astrolabe","Velvet Choker"],"picked":"SacredBark"},{"not_picked":["Coffee Dripper","Snecko Eye"],"picked":"Empty Cage"}],"items_purged_floors":[12,42],"is_endless":false,"potions_floor_spawned":[4,5,11,13,16,25,27,33,35,39,46,48],"ascension_level":4}}