{"host":"iittsup1ixgwip8e","time":1612048394,"event":{"mods":["A Magickal Journey","Aspiration","BaseMod","Challenge The Spire","Clockwork Mod","Colored Powertips","Conspire","Downfall","Energized Spire","Exacting","GifTheSpireLib","Halation","Hermit","Hubris","Infinite Spire","Mari Mod (Legacy)","Mari\u0027s V1 Patch","Marisa????????","Mimic Mod","Minty Spire (QoL Compilation)","Quick Restart","READ ME - Guardian Mod","Reliquary","Replay The Spire","Shop Mod","Spikes Relics","Spire Arcade","StSLib","Stuff the Spire","The Animator","The Cursed","The Disciple","The Jungle","The Marked","The Runesmith","The Servant 0.9.4","The Valiant","The Vixen"],"gold_per_floor":[111,18,293,58,69,69,9,9,49,96,115,115,115,135,135,236,236,247,41,0,0,0,0,17,17,17],"floor_reached":25,"language":"ENG","playtime":2433,"items_purged":[],"score":189,"play_id":"3c375065-9894-4fd8-944d-86d43c12d17a","local_time":"20210130181314","is_ascension_mode":false,"campfire_choices":[{"floor":6,"key":"RECALL"},{"floor":13,"key":"REST"},{"floor":15,"key":"REST"},{"floor":23,"key":"REST"}],"circlet_count":0,"master_deck":["hermit:Strike_Hermit","hermit:Strike_Hermit","hermit:Strike_Hermit","hermit:Strike_Hermit","hermit:Defend_Hermit","hermit:Defend_Hermit","hermit:Defend_Hermit","hermit:Defend_Hermit","hermit:Snapshot","hermit:Covet","Perfected Strike","hermit:Ricochet","Regret","Headbutt","ReplayTheSpireMod:LeadingStrike","Runesmith:CraftFirestone","hermit:Combo+1","infinitespire:FutureSight","hermit:Determination","hermit:Quickdraw","hermit:Malice","hermit:Grudge","hermit:BlackWind","hermit:LoneWolf","hermit:PistolWhip","Enlightenment","hermit:Malice"],"relics":["hermit:Momento","aspiration:Nostalgia","m_RuneBlood","RollingBoulder","halation:Komachan","Lantern","conspire:SpecialSausage"],"acts_visited":["Exordium","TheCity"],"potions_floor_usage":[9,9,11,16,25,25],"damage_taken":[{"damage":6,"enemies":"Jaw Worm","floor":1,"turns":2},{"damage":0,"enemies":"Cultist","floor":5,"turns":2},{"damage":9,"enemies":"Small Slimes","floor":9,"turns":5},{"damage":8,"enemies":"Small Slimes","floor":10,"turns":4},{"damage":13,"enemies":"2 Fungi Beasts","floor":11,"turns":3},{"damage":16,"enemies":"Blue Slaver","floor":14,"turns":2},{"damage":38,"enemies":"Slime Boss","floor":16,"turns":9},{"damage":47,"enemies":"2 Thieves","floor":18,"turns":3},{"damage":11,"enemies":"Chosen","floor":24,"turns":4},{"damage":78,"enemies":"Nightmare","floor":25,"turns":11}],"seed_played":"-6299706945626698713","potions_obtained":[{"floor":5,"key":"FearPotion"},{"floor":10,"key":"FearPotion"},{"floor":14,"key":"Venom Potion"},{"floor":24,"key":"GamblersBrew"}],"is_trial":false,"path_per_floor":["M","$","?","$","M","R","$","?","MIM","M","M","$","R","M","R","B",null,"M","$","?","?","?","R","M","NM"],"character_chosen":"HERMIT","items_purchased":["hermit:Ricochet","AttackPotion","RollingBoulder","Headbutt","ReplayTheSpireMod:LeadingStrike","hermit:Combo+1","halation:Komachan","Lantern","hermit:PistolWhip","Enlightenment","LifebloodPotion"],"campfire_rested":3,"item_purchase_floors":[2,2,4,4,4,7,12,12,19,19,19],"current_hp_per_floor":[72,72,72,72,75,75,75,57,51,46,36,16,38,25,47,12,75,31,31,31,56,56,75,67,0,0],"gold":17,"neow_bonus":"NOSTALGIA","is_daily":false,"chose_seed":false,"campfire_upgraded":0,"win_rate":0.0,"timestamp":1612048394,"path_taken":["M","$","?","$","M","R","?","?","MIM","M","M","?","R","M","R","BOSS","M","$","?","?","?","R","M","NM"],"items_purchased_type":["Card","Potion","Relic","Card","Card","Card","Relic","Relic","Card","Card","Potion"],"build_version":"2020-12-22","purchased_purges":0,"victory":false,"max_hp_per_floor":[75,75,75,75,75,75,75,75,75,75,75,75,75,75,75,75,75,75,75,75,75,75,75,75,75,75],"card_choices":[{"not_picked":["hermit:FlashPowder","hermit:Coalescence"],"picked":"Perfected Strike","floor":1},{"not_picked":["Runesmith:ShiftingStrike","hermit:Glare"],"picked":"Runesmith:CraftFirestone","floor":5},{"not_picked":["ReplayTheSpireMod:Black Plague","infinitespire:Menacing"],"picked":"infinitespire:FutureSight","floor":8},{"not_picked":["hermit:Manifest","hermit:Coalescence"],"picked":"hermit:Determination","floor":9},{"not_picked":["hermit:Desperado","hermit:CalledShot"],"picked":"hermit:Quickdraw","floor":10},{"not_picked":["hermit:Headshot","hermit:OverwhelmingPower"],"picked":"hermit:Malice","floor":11},{"not_picked":["hermit:HighCaliber","hermit:TakeCover"],"picked":"hermit:Grudge","floor":14},{"not_picked":["hermit:Gambit","hermit:OverwhelmingPower"],"picked":"hermit:BlackWind","floor":16},{"not_picked":["hermit:LowProfile","hermit:Feint"],"picked":"hermit:LoneWolf","floor":18},{"not_picked":["hermit:HighCaliber","hermit:Shortfuse+1"],"picked":"hermit:Malice","floor":24}],"player_experience":120675,"relics_obtained":[],"event_choices":[{"damage_healed":0,"gold_gain":275,"player_choice":"Desecrate","damage_taken":0,"max_hp_gain":0,"max_hp_loss":0,"event_name":"Golden Shrine","floor":3,"gold_loss":0,"cards_obtained":["Regret"]},{"damage_healed":0,"gold_gain":0,"player_choice":"Paid Fearfully","damage_taken":0,"max_hp_gain":0,"max_hp_loss":0,"event_name":"Masked Bandits","floor":20,"gold_loss":41},{"damage_healed":25,"gold_gain":0,"player_choice":"Heal","damage_taken":0,"max_hp_gain":0,"max_hp_loss":0,"event_name":"The Library","floor":21,"gold_loss":0}],"is_beta":false,"boss_relics":[{"not_picked":["aspiration:FutureDiary","halation:CatFaceCupcake"],"picked":"conspire:SpecialSausage"}],"items_purged_floors":[],"is_endless":false,"potions_floor_spawned":[5,10,14,24],"killed_by":"Nightmare","ascension_level":0}}