{"host":"kda2p2afd6bvz6qo","time":1612031767,"event":{"mods":["BaseMod","Colored Map","Minty Spire (QoL Compilation)","Relic Stats"],"gold_per_floor":[114,134,134,146,55,84,84,84,107,126,126,141,171,171,171,171,171],"floor_reached":16,"language":"ENG","playtime":421,"items_purged":[],"score":200,"play_id":"0ee239e3-caa3-435f-8578-2389eb174582","local_time":"20210130183607","is_ascension_mode":true,"campfire_choices":[{"floor":7.0,"key":"REST"},{"data":"Skewer","floor":11.0,"key":"SMITH"},{"floor":15,"key":"REST"}],"circlet_count":0,"master_deck":["AscendersBane","Strike_G","Strike_G","Strike_G+1","Strike_G","Defend_G","Defend_G","Defend_G+1","Defend_G","Defend_G","Survivor","Neutralize","Skewer+1","Endless Agony","Sucker Punch","Finesse","Deflect","Dagger Spray","Tools of the Trade"],"relics":["Runic Dome","Happy Flower","Bag of Marbles","SsserpentHead"],"acts_visited":["Exordium"],"potions_floor_usage":[],"damage_taken":[{"damage":11.0,"enemies":"Jaw Worm","floor":1.0,"turns":5.0},{"damage":0.0,"enemies":"Small Slimes","floor":2.0,"turns":3.0},{"damage":0.0,"enemies":"Cultist","floor":4.0,"turns":3.0},{"damage":27.0,"enemies":"Lagavulin","floor":6.0,"turns":9.0},{"damage":0.0,"enemies":"Red Slaver","floor":10.0,"turns":2.0},{"damage":0.0,"enemies":"Blue Slaver","floor":12.0,"turns":2.0},{"damage":47,"enemies":"Slime Boss","floor":16,"turns":5}],"seed_played":"-2097805934104148437","potions_obtained":[{"floor":4.0,"key":"DistilledChaos"},{"floor":6.0,"key":"Fruit Juice"}],"is_trial":false,"path_per_floor":["M","M","?","M","$","E","R","?","T","M","R","M","?","?","R","B"],"character_chosen":"THE_SILENT","items_purchased":["Finesse"],"campfire_rested":2,"item_purchase_floors":[5],"current_hp_per_floor":[48,48,28,28,28,1,27,20,20,20,20,20,20,20,41,0,0],"gold":171,"neow_bonus":"BOSS_RELIC","is_daily":false,"chose_seed":false,"campfire_upgraded":1,"win_rate":0.0,"timestamp":1612031767,"path_taken":["M","M","?","M","$","E","R","?","T","M","R","?","?","?","R","BOSS"],"items_purchased_type":["Card"],"build_version":"2020-12-22","purchased_purges":0,"victory":false,"max_hp_per_floor":[66,66,66,66,66,66,71,71,71,71,71,71,71,71,71,71,71],"relic_stats":{"SsserpentHead":0,"Happy Flower":[3],"counters":[7,29],"obtain_stats":[{"Runic Dome":0,"SsserpentHead":14,"Happy Flower":6,"Bag of Marbles":9,"Ring of the Snake":0},{"Runic Dome":0,"SsserpentHead":6,"Happy Flower":4,"Bag of Marbles":4,"Ring of the Snake":0},{"Runic Dome":0,"SsserpentHead":24,"Happy Flower":20,"Bag of Marbles":20,"Ring of the Snake":0}]},"card_choices":[{"not_picked":["Dodge and Roll","Expertise"],"picked":"Skewer","floor":1.0},{"not_picked":["Dagger Throw","Dodge and Roll"],"picked":"Endless Agony","floor":2.0},{"not_picked":["Prepared","Underhanded Strike"],"picked":"Sucker Punch","floor":4.0},{"not_picked":["Deadly Poison","Poisoned Stab"],"picked":"Deflect","floor":6.0},{"not_picked":["Outmaneuver","Well Laid Plans"],"picked":"Dagger Spray","floor":10.0},{"not_picked":["PiercingWail","Blade Dance"],"picked":"Tools of the Trade","floor":12.0}],"player_experience":180441,"relics_obtained":[{"floor":6.0,"key":"Happy Flower"},{"floor":9.0,"key":"Bag of Marbles"}],"event_choices":[{"damage_healed":0.0,"max_hp_gain":0.0,"max_hp_loss":0.0,"gold_gain":0.0,"event_name":"Shining Light","player_choice":"Entered Light","floor":3.0,"gold_loss":0.0,"damage_taken":20.0,"cards_upgraded":["Defend_G","Strike_G"]},{"cards_removed":["Strike_G"],"damage_healed":0.0,"max_hp_gain":0.0,"max_hp_loss":0.0,"gold_gain":0.0,"event_name":"Golden Wing","player_choice":"Card Removal","floor":8.0,"gold_loss":0.0,"damage_taken":7.0},{"damage_healed":0,"gold_gain":30,"player_choice":"Searched \u00271\u0027 times","damage_taken":0,"max_hp_gain":0,"max_hp_loss":0,"event_name":"Dead Adventurer","floor":13,"gold_loss":0},{"damage_healed":0,"gold_gain":0,"player_choice":"Trade","damage_taken":0,"relics_obtained":["SsserpentHead"],"max_hp_gain":0,"max_hp_loss":0,"event_name":"FaceTrader","floor":14,"gold_loss":0}],"is_beta":false,"boss_relics":[],"items_purged_floors":[],"is_endless":false,"potions_floor_spawned":[4,6],"killed_by":"Slime Boss","ascension_level":20}}