{"host":"wzxjkhgz51fbtwkq","time":1612016983,"event":{"mods":["100% Spire Juice","2.2 Compatiblity","A Magickal Journey","AchievementEnabler","Act Like it!","AlwaysNeverKeys","Arknights The Spire","Aspiration","Astrologer","Bard","Bartender","BaseMod","Beaked The Cultist","Better Note","BetterRewards","CCEM2","Card Forge","Clockwork Mod","Colored Map","Colored Powertips","Conspire","Defuse TimeMaze Blight","Downfall","Ekko","Energized Spire","Fiend Mod","Friendly Minions","Gremlin Mod","Halation","Hermit","HololiveMod","Hubris","Hunter ??","Infinite Spire","Jorbs\u0027s Wanderer Trilogy","Lobotomy","Mad Scientist","Marisa????????","Minty Spire (QoL Compilation)","Pale of the Ancients","Potionbrewer","Random Character Button","Random Character Mod","Relic Stats","Replay The Spire","SCP261 Mod","Shade Mod","Somnambulant","Spikes Relics","StSLib","SuperFastMode","The Accelerator","The Blackbeard","The Bladedancer","The Bug Knight","The Construct","The Cursed","The Death Knight","The Disciple","The Druid","The Elementalist","The Exalted","The Hayseed","The Hierophant","The Judge","The Juggle","The Jungle","The Marked","The Mystic","The Necromancer","The Problem Sleuth","The Runesmith","The Servant 0.9.4","The Showman","The Spell Scribe","The Vixen","The Wild Card","TheBandit","TheFirefly","TheSwordswoman","TheVelvet","Wandering Minibosses"],"gold_per_floor":[113,113,113,113,132,132,132],"floor_reached":6,"language":"ENG","playtime":584,"items_purged":[],"score":34,"play_id":"95f7cb57-9439-4a20-a7f6-592722bd5f72","local_time":"20210130072943","is_ascension_mode":false,"campfire_choices":[],"circlet_count":0,"master_deck":["hadesmod:Strike","hadesmod:Strike","hadesmod:Strike","hadesmod:SwapStrike","hadesmod:Defend","hadesmod:Defend","hadesmod:Defend","hadesmod:Defend","hadesmod:Dash","hadesmod:RuyiJinguBang","Regret","hadesmod:GunCameras"],"relics":["hadesmod:WeaponCharger","Hammer of Thor","Seething Fire","Anvil of the Gods","infinitespire:CheckeredPen","aspiration:DSix"],"acts_visited":["Exordium"],"potions_floor_usage":[],"damage_taken":[{"damage":12,"enemies":"2 Louse","floor":1,"turns":2},{"damage":1,"enemies":"Small Slimes","floor":5,"turns":3},{"damage":53,"enemies":"Lagavulin","floor":6,"turns":7}],"seed_played":"-3881404493300780820","potions_obtained":[{"floor":1,"key":"Toxic Potion"}],"is_trial":false,"path_per_floor":["M","?","?","?","M","E"],"character_chosen":"THE_HUNTRESS","items_purchased":[],"campfire_rested":0,"item_purchase_floors":[],"current_hp_per_floor":[48,48,48,48,47,0,0],"gold":132,"neow_bonus":"RANDOM_EVENT","is_daily":false,"chose_seed":false,"campfire_upgraded":0,"win_rate":0.0,"timestamp":1612016983,"path_taken":["M","?","?","?","M","E"],"items_purchased_type":[],"build_version":"2020-12-22","purchased_purges":0,"victory":false,"max_hp_per_floor":[60,60,60,60,60,60,60],"relic_stats":{"counters":[3,12],"obtain_stats":[{"hadesmod:WeaponCharger":0,"Anvil of the Gods":0,"Hammer of Thor":0,"Seething Fire":0,"infinitespire:CheckeredPen":0,"aspiration:DSix":3},{"hadesmod:WeaponCharger":0,"Anvil of the Gods":0,"Hammer of Thor":0,"Seething Fire":0,"infinitespire:CheckeredPen":0,"aspiration:DSix":1},{"hadesmod:WeaponCharger":0,"Anvil of the Gods":0,"Hammer of Thor":0,"Seething Fire":0,"infinitespire:CheckeredPen":0,"aspiration:DSix":2}]},"card_choices":[{"not_picked":["hadesmod:AlternateAnesidora","hadesmod:WeakWep"],"picked":"hadesmod:GunCameras","floor":1},{"not_picked":["hadesmod:CrescentDexterity","hadesmod:WeakWep","hadesmod:IThinkEyePatchesAreHot"],"picked":"SKIP","floor":5}],"player_experience":117694,"relics_obtained":[{"floor":3,"key":"aspiration:DSix"}],"event_choices":[{"damage_healed":0,"gold_gain":0,"player_choice":"Box","damage_taken":0,"relics_obtained":["infinitespire:CheckeredPen"],"max_hp_gain":0,"max_hp_loss":0,"event_name":"Big Fish","floor":0,"gold_loss":0,"cards_obtained":["Regret"]}],"is_beta":false,"boss_relics":[],"items_purged_floors":[],"is_endless":false,"potions_floor_spawned":[1],"killed_by":"Lagavulin","ascension_level":0}}