{"host":"2p3jwbtacxwf1d73","time":1612015656,"event":{"mods":["BaseMod","Colored Powertips","Hermit","Hubris","Minty Spire (QoL Compilation)","Potionbrewer","Quick Restart","Small Relic Pack","StSLib","The Cursed","The Death Knight","The Gatherer","The Hierophant","The Servant 0.9.4"],"gold_per_floor":[112,112,131,150,0,0,0],"floor_reached":6,"language":"ENG","playtime":292,"items_purged":[],"score":36,"play_id":"e3cbb807-d471-4a09-8ad3-1247d18166e3","local_time":"20210130080736","daily_mods":["Draft","Heirloom"],"is_ascension_mode":false,"campfire_choices":[],"circlet_count":0,"master_deck":["DeathKnight:DeathCoil","DeathKnight:BloodStrike","DeathKnight:Runeguard","DeathKnight:Pestilence","DeathKnight:BloodStrike","DeathKnight:UnholyFrenzy","DeathKnight:Parry","DeathKnight:BoneSpear","DeathKnight:AntiMagicShell","DeathKnight:DreadStrike","DeathKnight:DeathGrip","DeathKnight:DeathAndDecay","DeathKnight:HartStrike","DeathKnight:ShatteringStrikes","DeathKnight:Ossuary","DeathKnight:MindFreeze","DeathKnight:IcyTouch","DeathKnight:DeathRune","DeathKnight:ShatteringStrikes","DeathKnight:ThirstingStrike"],"relics":["DeathKnight:BrokenRuneblade","Prayer Wheel","Pantograph","Strange Spoon"],"acts_visited":["Exordium"],"potions_floor_usage":[],"damage_taken":[{"damage":2,"enemies":"2 Louse","floor":1,"turns":1},{"damage":2,"enemies":"Cultist","floor":3,"turns":1},{"damage":0,"enemies":"Small Slimes","floor":4,"turns":3},{"damage":26,"enemies":"3 Sentries","floor":6,"turns":4}],"seed_played":"-6956921966954742061","potions_obtained":[],"is_trial":true,"path_per_floor":["M","?","M","M","$","E"],"character_chosen":"DEATH_KNIGHT","items_purchased":["Strange Spoon"],"campfire_rested":0,"item_purchase_floors":[5],"current_hp_per_floor":[73,73,71,71,71,45,45],"gold":0,"neow_bonus":"","is_daily":false,"chose_seed":false,"campfire_upgraded":0,"win_rate":0.0,"timestamp":1612015656,"path_taken":["M","?","M","?","$","E"],"items_purchased_type":["Relic"],"build_version":"2020-12-22","purchased_purges":0,"victory":false,"max_hp_per_floor":[75,75,75,75,75,75,75],"card_choices":[{"not_picked":["DeathKnight:UnholyPresence","DeathKnight:Pestilence"],"picked":"DeathKnight:DeathCoil","floor":0},{"not_picked":["DeathKnight:AntiMagicShell","DeathKnight:BoneShield"],"picked":"DeathKnight:BloodStrike","floor":0},{"not_picked":["DeathKnight:DeathCoil","DeathKnight:DreadStrike"],"picked":"DeathKnight:Runeguard","floor":0},{"not_picked":["DeathKnight:BloodBoil","DeathKnight:BloodPact"],"picked":"DeathKnight:Pestilence","floor":0},{"not_picked":["DeathKnight:DeathsAdvance","DeathKnight:Obliterate"],"picked":"DeathKnight:BloodStrike","floor":0},{"not_picked":["DeathKnight:BladedArmor","DeathKnight:RuneShock"],"picked":"DeathKnight:UnholyFrenzy","floor":0},{"not_picked":["DeathKnight:BladedArmor","DeathKnight:DeathsAdvance"],"picked":"DeathKnight:Parry","floor":0},{"not_picked":["DeathKnight:Parry","DeathKnight:ChainsOfIce"],"picked":"DeathKnight:BoneSpear","floor":0},{"not_picked":["DeathKnight:BloodBoil","DeathKnight:FesteringStrike"],"picked":"DeathKnight:AntiMagicShell","floor":0},{"not_picked":["DeathKnight:BloodTap","DeathKnight:PlagueStrike"],"picked":"DeathKnight:DreadStrike","floor":0},{"not_picked":["DeathKnight:DeathsAdvance","DeathKnight:BloodTap"],"picked":"DeathKnight:DeathGrip","floor":0},{"not_picked":["DeathKnight:FrostStrike","DeathKnight:ScourgeStrike"],"picked":"DeathKnight:DeathAndDecay","floor":0},{"not_picked":["DeathKnight:Pestilence","DeathKnight:Ossuary"],"picked":"DeathKnight:HartStrike","floor":0},{"not_picked":["DeathKnight:HartStrike","DeathKnight:RunicCorruption"],"picked":"DeathKnight:ShatteringStrikes","floor":0},{"not_picked":["DeathKnight:RuneShock","DeathKnight:Pestilence"],"picked":"DeathKnight:Ossuary","floor":0},{"not_picked":["DeathKnight:UnholyPresence","DeathKnight:Pestilence"],"picked":"DeathKnight:MindFreeze","floor":1},{"not_picked":["DeathKnight:PlagueStrike","DeathKnight:BoneSpear"],"picked":"DeathKnight:IcyTouch","floor":1},{"not_picked":["DeathKnight:Parry","DeathKnight:RunicCorruption"],"picked":"DeathKnight:DeathRune","floor":3},{"not_picked":["DeathKnight:MindFreeze","DeathKnight:Pestilence","DeathKnight:Marrowrend"],"picked":"SKIP","floor":3},{"not_picked":["DeathKnight:BladedArmor","DeathKnight:BoneSpear"],"picked":"DeathKnight:ShatteringStrikes","floor":4},{"not_picked":["DeathKnight:BoneSpear","DeathKnight:BloodStrike"],"picked":"DeathKnight:ThirstingStrike","floor":4}],"player_experience":417124,"relics_obtained":[{"floor":2,"key":"Pantograph"}],"event_choices":[{"damage_healed":0,"gold_gain":0,"player_choice":"Relic","damage_taken":0,"max_hp_gain":0,"max_hp_loss":0,"event_name":"Wheel of Change","floor":2,"gold_loss":0}],"is_beta":false,"boss_relics":[],"items_purged_floors":[],"is_endless":false,"potions_floor_spawned":[],"killed_by":"3 Sentries","ascension_level":0}}