{"host":"8lno9xwgef3sjccz","time":1612046955,"event":{"mods":["AchievementEnabler","BaseMod","Minty Spire (QoL Compilation)","Relic Stats"],"gold_per_floor":[116,133,143,157,176,176,195,195,219,233,263,282,296,313,313,413,413,432,449,463,35,35,35,35],"floor_reached":23,"language":"ENG","playtime":1158,"items_purged":["Strike_G"],"score":221,"play_id":"bd73499f-1985-4dd6-b092-55ffc26cdc07","local_time":"20210130174915","is_ascension_mode":true,"campfire_choices":[{"data":"Bouncing Flask","floor":6,"key":"SMITH"},{"data":"Corpse Explosion","floor":8,"key":"SMITH"},{"floor":15,"key":"REST"}],"circlet_count":0,"master_deck":["Strike_G","Strike_G","Strike_G","Strike_G","Defend_G","Defend_G","Defend_G","Defend_G","Defend_G","Survivor","Neutralize","Noxious Fumes","Outmaneuver","Distraction","Bouncing Flask+1","Corpse Explosion+1","PiercingWail","Dash","Dodge and Roll","Slice","Bane","Wraith Form v2","Acrobatics+1","Noxious Fumes+1","Terror","Well Laid Plans"],"relics":["Ring of the Snake","Lantern","Bottled Lightning","SlaversCollar","TwistedFunnel"],"acts_visited":["Exordium","TheCity"],"potions_floor_usage":[4,7,11,16,16,16,20,23],"damage_taken":[{"damage":8,"enemies":"2 Louse","floor":1,"turns":3},{"damage":0,"enemies":"Cultist","floor":2,"turns":4},{"damage":1,"enemies":"Small Slimes","floor":3,"turns":4},{"damage":15,"enemies":"Gremlin Gang","floor":4,"turns":5},{"damage":6,"enemies":"2 Fungi Beasts","floor":5,"turns":4},{"damage":0,"enemies":"Blue Slaver","floor":7,"turns":2},{"damage":14,"enemies":"Red Slaver","floor":10,"turns":3},{"damage":14,"enemies":"3 Sentries","floor":11,"turns":3},{"damage":17,"enemies":"Exordium Wildlife","floor":12,"turns":3},{"damage":0,"enemies":"2 Fungi Beasts","floor":13,"turns":2},{"damage":9,"enemies":"3 Louse","floor":14,"turns":2},{"damage":4,"enemies":"Hexaghost","floor":16,"turns":7},{"damage":30,"enemies":"Shell Parasite","floor":18,"turns":6},{"damage":17,"enemies":"Spheric Guardian","floor":19,"turns":7},{"damage":3,"enemies":"Snake Plant","floor":20,"turns":5},{"damage":32,"enemies":"Slavers","floor":23,"turns":4}],"seed_played":"2483379498112375326","potions_obtained":[{"floor":1,"key":"FearPotion"},{"floor":3,"key":"Regen Potion"},{"floor":5,"key":"Fire Potion"},{"floor":7,"key":"LiquidMemories"},{"floor":11,"key":"CunningPotion"},{"floor":13,"key":"Fire Potion"},{"floor":19,"key":"SkillPotion"}],"is_trial":false,"path_per_floor":["M","M","M","M","M","R","M","R","T","M","E","M","M","M","R","B",null,"M","M","M","$","?","E"],"character_chosen":"THE_SILENT","items_purchased":["TwistedFunnel","Well Laid Plans","Dexterity Potion","Ancient Potion"],"campfire_rested":1,"item_purchase_floors":[21,21,21,21],"current_hp_per_floor":[69,69,68,65,59,59,59,59,59,45,31,14,14,5,28,24,77,47,30,27,27,32,0,0],"gold":35,"neow_bonus":"TEN_PERCENT_HP_BONUS","is_daily":false,"chose_seed":false,"campfire_upgraded":2,"win_rate":0.0,"timestamp":1612046955,"path_taken":["M","M","M","M","M","R","M","R","T","M","E","M","M","M","R","BOSS","M","M","M","$","?","E"],"items_purchased_type":["Relic","Card","Potion","Potion"],"build_version":"2020-12-22","purchased_purges":1,"victory":false,"max_hp_per_floor":[77,77,77,77,77,77,77,77,77,77,77,77,77,77,77,77,77,77,77,77,77,77,77,77],"relic_stats":{"counters":[16,64],"obtain_stats":[{"TwistedFunnel":21,"SlaversCollar":17,"Lantern":9,"Bottled Lightning":11,"Ring of the Snake":0},{"TwistedFunnel":15,"SlaversCollar":12,"Lantern":6,"Bottled Lightning":8,"Ring of the Snake":0},{"TwistedFunnel":60,"SlaversCollar":42,"Lantern":22,"Bottled Lightning":28,"Ring of the Snake":0}],"Ring of the Snake":[32]},"card_choices":[{"not_picked":["Blade Dance","Endless Agony"],"picked":"Noxious Fumes","floor":1},{"not_picked":["Cloak And Dagger","Quick Slash"],"picked":"Outmaneuver","floor":2},{"not_picked":["Outmaneuver","Dagger Throw"],"picked":"Distraction","floor":3},{"not_picked":["Flechettes","Escape Plan"],"picked":"Cloak And Dagger","floor":4},{"not_picked":["Dodge and Roll","Cloak And Dagger"],"picked":"Bouncing Flask","floor":5},{"not_picked":["Bane","Acrobatics"],"picked":"Corpse Explosion","floor":7},{"not_picked":["Dagger Throw","Underhanded Strike"],"picked":"PiercingWail","floor":10},{"not_picked":["Corpse Explosion","Caltrops"],"picked":"Dash","floor":11},{"not_picked":["Underhanded Strike","Masterful Stab"],"picked":"Dodge and Roll","floor":12},{"not_picked":["Outmaneuver","Reflex"],"picked":"Slice","floor":13},{"not_picked":["Acrobatics","Endless Agony"],"picked":"Bane","floor":14},{"not_picked":["Malaise","Doppelganger"],"picked":"Wraith Form v2","floor":16},{"not_picked":["Crippling Poison","Flechettes"],"picked":"Acrobatics+1","floor":18},{"not_picked":["Reflex+1","Dash"],"picked":"Noxious Fumes+1","floor":19},{"not_picked":["Flying Knee","PiercingWail+1"],"picked":"Terror","floor":20}],"player_experience":64459,"relics_obtained":[{"floor":9,"key":"Lantern"},{"floor":11,"key":"Bottled Lightning"}],"event_choices":[{"cards_removed":["Cloak And Dagger"],"damage_healed":5,"gold_gain":0,"player_choice":"Offered Common","damage_taken":0,"max_hp_gain":0,"max_hp_loss":0,"event_name":"Bonfire Elementals","floor":22,"gold_loss":0},{"cards_removed":["Cloak And Dagger"],"damage_healed":5,"gold_gain":0,"player_choice":"Offered Special","damage_taken":0,"max_hp_gain":0,"max_hp_loss":0,"event_name":"Bonfire Elementals","floor":22,"gold_loss":0}],"is_beta":false,"boss_relics":[{"not_picked":["HoveringKite","Black Star"],"picked":"SlaversCollar"}],"items_purged_floors":[21],"is_endless":false,"potions_floor_spawned":[1,3,5,7,11,13,19],"killed_by":"Slavers","ascension_level":2}}