{"host":"bi4xrs8tqq9xpuhm","time":1612051162,"event":{"mods":["AchievementEnabler","BaseMod","Colored Map","Colored Powertips","Highlight Path","Minty Spire (QoL Compilation)","Relic Stats"],"gold_per_floor":[112,112,122,140,140,140,154,182,182,199,199,224,28,38,38,134,134,152,162,174,59,79,111,111,138,164,164,12,12,12,39,39,135,135,147,147,147,160,174,174,203,203,226,260,260,260,10,60,60,60],"floor_reached":51,"language":"ENG","playtime":2768,"items_purged":["Strike_R","Strike_R"],"score":928,"play_id":"39bcc279-978d-472e-bb44-e466c627f4d1","local_time":"20210130185922","is_ascension_mode":true,"campfire_choices":[{"data":"1","floor":6.0,"key":"LIFT"},{"data":"2","floor":11.0,"key":"LIFT"},{"data":"3","floor":15.0,"key":"LIFT"},{"data":"Barricade","floor":27.0,"key":"SMITH"},{"data":"Limit Break","floor":29.0,"key":"SMITH"},{"floor":32.0,"key":"REST"},{"data":"Heavy Blade","floor":40,"key":"SMITH"},{"data":"Offering","floor":42,"key":"SMITH"},{"data":"Inflame","floor":45,"key":"SMITH"},{"data":"Inflame","floor":49,"key":"SMITH"}],"circlet_count":0,"master_deck":["Strike_R","Strike_R","Strike_R","Defend_R","Defend_R","Defend_R","Bash+1","Body Slam+1","Pummel","Barricade+1","Heavy Blade+1","Cleave","Rampage+1","Spot Weakness","Shrug It Off","Limit Break+1","Pommel Strike+1","Heavy Blade+1","Flex","Inflame+1","Bloodletting+1","Pommel Strike+1","Writhe","Heavy Blade+1","Inflame+1","Offering+1","Battle Trance+1","Ghostly Armor","Clothesline+1","Reckless Charge+1","Exhume","True Grit+1"],"relics":["Burning Blood","Girya","Pen Nib","Gremlin Horn","Red Skull","Molten Egg 2","MealTicket","Cursed Key","Whetstone","Bird Faced Urn","Omamori","Juzu Bracelet","Anchor","Enchiridion","Meat on the Bone","Coffee Dripper","Ginger","Bronze Scales","Shuriken","TheAbacus","Unceasing Top"],"acts_visited":["Exordium","TheCity","TheBeyond"],"potions_floor_usage":[33,48,50],"damage_taken":[{"damage":1.0,"enemies":"Small Slimes","floor":1.0,"turns":3.0},{"damage":6.0,"enemies":"Jaw Worm","floor":3.0,"turns":4.0},{"damage":2.0,"enemies":"Cultist","floor":4.0,"turns":4.0},{"damage":7.0,"enemies":"3 Louse","floor":7.0,"turns":4.0},{"damage":34.0,"enemies":"3 Sentries","floor":8.0,"turns":10.0},{"damage":0.0,"enemies":"2 Fungi Beasts","floor":10.0,"turns":2.0},{"damage":18.0,"enemies":"Lagavulin","floor":12.0,"turns":3.0},{"damage":0.0,"enemies":"Gremlin Gang","floor":14.0,"turns":1.0},{"damage":22.0,"enemies":"The Guardian","floor":16.0,"turns":7.0},{"damage":3.0,"enemies":"3 Byrds","floor":18.0,"turns":3.0},{"damage":7.0,"enemies":"Chosen","floor":19.0,"turns":2.0},{"damage":16.0,"enemies":"Snake Plant","floor":20.0,"turns":2.0},{"damage":0.0,"enemies":"Centurion and Healer","floor":22.0,"turns":3.0},{"damage":15.0,"enemies":"Book of Stabbing","floor":23.0,"turns":3.0},{"damage":44.0,"enemies":"Slavers","floor":25.0,"turns":5.0},{"damage":9.0,"enemies":"Book of Stabbing","floor":31.0,"turns":3.0},{"damage":6,"enemies":"Automaton","floor":33,"turns":4},{"damage":0,"enemies":"Orb Walker","floor":35,"turns":2},{"damage":6,"enemies":"3 Darklings","floor":38,"turns":3},{"damage":9,"enemies":"Transient","floor":39,"turns":5},{"damage":5,"enemies":"Nemesis","floor":41,"turns":3},{"damage":6,"enemies":"Reptomancer","floor":44,"turns":2},{"damage":11,"enemies":"2 Orb Walkers","floor":48,"turns":3},{"damage":37,"enemies":"Time Eater","floor":50,"turns":3}],"seed_played":"5680871906013876472","potions_obtained":[{"floor":1.0,"key":"DistilledChaos"},{"floor":8.0,"key":"HeartOfIron"},{"floor":12.0,"key":"DuplicationPotion"},{"floor":14.0,"key":"Energy Potion"},{"floor":16.0,"key":"Ancient Potion"},{"floor":18.0,"key":"LiquidBronze"},{"floor":22.0,"key":"Ancient Potion"},{"floor":25.0,"key":"SkillPotion"},{"floor":31.0,"key":"Strength Potion"},{"floor":38,"key":"Energy Potion"},{"floor":44,"key":"Block Potion"},{"floor":48,"key":"Ancient Potion"}],"is_trial":false,"path_per_floor":["M","?","M","M","?","R","M","E","T","M","R","E","$","M","R","B",null,"M","M","M","$","M","E","?","E","T","R","$","R","?","E","R","B",null,"M","?","?","M","M","R","E","R","T","E","R","?","$","?","R","B",null],"character_chosen":"IRONCLAD","items_purchased":["Spot Weakness","MealTicket","Inflame","Anchor","TheAbacus"],"campfire_rested":1,"item_purchase_floors":[13,13,21,28,47],"current_hp_per_floor":[61,66,66,70,70,70,69,41,41,47,47,35,35,41,41,25,85,85,84,74,85,85,76,76,40,40,40,55,55,39,40,65,71,85,85,85,85,85,84,84,85,85,85,85,85,85,85,82,82,54],"gold":60,"neow_bonus":"ONE_RARE_RELIC","is_daily":false,"chose_seed":false,"campfire_upgraded":6,"win_rate":0.0,"timestamp":1612051162,"path_taken":["M","?","M","M","?","R","M","E","T","?","R","E","$","M","R","BOSS","M","M","M","$","M","E","?","E","T","R","$","R","?","E","R","BOSS","M","?","?","M","M","R","E","R","T","E","R","?","$","?","R","BOSS"],"items_purchased_type":["Card","Relic","Card","Relic","Relic"],"build_version":"2020-12-22","purchased_purges":2,"victory":true,"max_hp_per_floor":[80,85,85,85,85,85,85,85,85,85,85,85,85,85,85,85,85,85,85,85,85,85,85,85,85,85,85,85,85,85,85,85,85,85,85,85,85,85,85,85,85,85,85,85,85,85,85,85,85,85],"relic_stats":{"Gremlin Horn":[15,17],"counters":[24,84],"Pen Nib":[14],"Juzu Bracelet":1,"Whetstone":["Bash","Body Slam"],"Ginger":[0],"Cursed Key":2,"Burning Blood":124,"TheAbacus":[0],"Shuriken":[4],"Bird Faced Urn":[24],"Bronze Scales":[24],"MealTicket":26,"obtain_stats":[{"Girya":0,"Gremlin Horn":8,"Enchiridion":30,"Pen Nib":5,"Omamori":25,"Juzu Bracelet":26,"Whetstone":23,"Ginger":41,"Cursed Key":17,"Burning Blood":0,"Anchor":28,"TheAbacus":47,"Shuriken":44,"Bird Faced Urn":24,"Bronze Scales":43,"Molten Egg 2":12,"MealTicket":13,"Coffee Dripper":34,"Red Skull":9,"Unceasing Top":48,"Meat on the Bone":31},{"Girya":0,"Gremlin Horn":5,"Enchiridion":15,"Pen Nib":3,"Omamori":15,"Juzu Bracelet":15,"Whetstone":14,"Ginger":21,"Cursed Key":9,"Burning Blood":0,"Anchor":15,"TheAbacus":22,"Shuriken":22,"Bird Faced Urn":14,"Bronze Scales":21,"Molten Egg 2":7,"MealTicket":7,"Coffee Dripper":17,"Red Skull":5,"Unceasing Top":23,"Meat on the Bone":16},{"Girya":0,"Gremlin Horn":25,"Enchiridion":56,"Pen Nib":11,"Omamori":56,"Juzu Bracelet":56,"Whetstone":51,"Ginger":76,"Cursed Key":38,"Burning Blood":0,"Anchor":56,"TheAbacus":78,"Shuriken":78,"Bird Faced Urn":51,"Bronze Scales":76,"Molten Egg 2":30,"MealTicket":30,"Coffee Dripper":63,"Red Skull":25,"Unceasing Top":81,"Meat on the Bone":59}],"Unceasing Top":[2],"Meat on the Bone":0},"card_choices":[{"not_picked":["Clash","Warcry"],"picked":"Uppercut","floor":1.0},{"not_picked":["Wild Strike","Thunderclap"],"picked":"Body Slam","floor":3.0},{"not_picked":["Whirlwind","Sword Boomerang"],"picked":"Pummel","floor":4.0},{"not_picked":["Flame Barrier","Dual Wield"],"picked":"Barricade","floor":7.0},{"not_picked":["Bloodletting","Whirlwind"],"picked":"Heavy Blade","floor":8.0},{"not_picked":["Sword Boomerang","Flame Barrier"],"picked":"Cleave","floor":10.0},{"not_picked":["Cleave+1","Sever Soul+1"],"picked":"Rampage+1","floor":12.0},{"not_picked":["Fiend Fire+1","Wild Strike+1"],"picked":"Shrug It Off","floor":14.0},{"not_picked":["Brutality","Juggernaut"],"picked":"Limit Break","floor":16.0},{"not_picked":["Wild Strike+1","Cleave+1"],"picked":"Pommel Strike+1","floor":18.0},{"not_picked":["Evolve","Warcry"],"picked":"Heavy Blade+1","floor":19.0},{"not_picked":["Havoc+1","Sword Boomerang+1"],"picked":"Flex","floor":20.0},{"not_picked":["Carnage+1","Body Slam+1"],"picked":"Bloodletting+1","floor":22.0},{"not_picked":["Armaments+1","Shrug It Off"],"picked":"Pommel Strike+1","floor":23.0},{"not_picked":["Havoc","Flex"],"picked":"Heavy Blade+1","floor":25.0},{"not_picked":["Cleave+1","Heavy Blade+1"],"picked":"Inflame","floor":31.0},{"not_picked":["Juggernaut","Fiend Fire+1"],"picked":"Offering","floor":33},{"not_picked":["Pommel Strike+1","Headbutt+1"],"picked":"Battle Trance+1","floor":35},{"not_picked":["Combust","Headbutt+1"],"picked":"Ghostly Armor","floor":38},{"not_picked":["Wild Strike+1","Perfected Strike+1"],"picked":"Clothesline+1","floor":39},{"not_picked":["Disarm+1","Clothesline+1"],"picked":"Reckless Charge+1","floor":41},{"not_picked":["Warcry","Body Slam+1"],"picked":"Exhume","floor":44},{"not_picked":["Wild Strike+1","Blood for Blood+1"],"picked":"True Grit+1","floor":48}],"player_experience":89415,"relics_obtained":[{"floor":8.0,"key":"Gremlin Horn"},{"floor":9.0,"key":"Red Skull"},{"floor":12.0,"key":"Molten Egg 2"},{"floor":23.0,"key":"Whetstone"},{"floor":25.0,"key":"Omamori"},{"floor":26.0,"key":"Juzu Bracelet"},{"floor":30.0,"key":"Enchiridion"},{"floor":31.0,"key":"Meat on the Bone"},{"floor":41,"key":"Ginger"},{"floor":43,"key":"Bronze Scales"},{"floor":44,"key":"Shuriken"},{"floor":48,"key":"Unceasing Top"}],"event_choices":[{"damage_healed":0.0,"max_hp_gain":5.0,"max_hp_loss":0.0,"gold_gain":0.0,"event_name":"Big Fish","player_choice":"Donut","floor":2.0,"gold_loss":0.0,"damage_taken":0.0},{"damage_healed":0.0,"max_hp_gain":0.0,"max_hp_loss":0.0,"gold_gain":0.0,"event_name":"WeMeetAgain","player_choice":"Gave Potion","floor":5.0,"gold_loss":0.0,"damage_taken":0.0,"relics_obtained":["Pen Nib"]},{"damage_healed":0.0,"max_hp_gain":0.0,"max_hp_loss":0.0,"gold_gain":0.0,"event_name":"The Mausoleum","player_choice":"Opened","floor":24.0,"gold_loss":0.0,"damage_taken":0.0,"relics_obtained":["Bird Faced Urn"],"cards_obtained":["Writhe"]},{"damage_healed":0.0,"max_hp_gain":0.0,"max_hp_loss":0.0,"gold_gain":0.0,"event_name":"Cursed Tome","player_choice":"Obtained Book","floor":30.0,"gold_loss":0.0,"damage_taken":16.0},{"cards_removed":["Uppercut"],"damage_healed":0,"gold_gain":0,"player_choice":"Offered Uncommon","damage_taken":0,"max_hp_gain":0,"max_hp_loss":0,"event_name":"Bonfire Elementals","floor":36,"gold_loss":0},{"cards_removed":["Defend_R"],"damage_healed":0,"gold_gain":0,"player_choice":"Removed Skill","damage_taken":0,"max_hp_gain":0,"max_hp_loss":0,"event_name":"Falling","floor":37,"gold_loss":0},{"damage_healed":0,"gold_gain":0,"player_choice":"Ignored","damage_taken":0,"max_hp_gain":0,"max_hp_loss":0,"event_name":"Tomb of Lord Red Mask","floor":46,"gold_loss":0},{"damage_healed":0,"gold_gain":0,"player_choice":"Fight","damage_taken":0,"max_hp_gain":0,"max_hp_loss":0,"event_name":"Mysterious Sphere","floor":48,"gold_loss":0}],"is_beta":false,"boss_relics":[{"not_picked":["Runic Pyramid","SacredBark"],"picked":"Cursed Key"},{"not_picked":["Black Blood","Empty Cage"],"picked":"Coffee Dripper"}],"items_purged_floors":[21,47],"is_endless":false,"potions_floor_spawned":[1,8,12,14,16,18,22,25,31,38,44,48],"ascension_level":2}}