{"host":"v3kezv78kizrjutp","time":1612050918,"event":{"mods":["BaseMod","BetterRewards","Colored Map","DeckTracker","Downfall","Duelist Mod","GifTheSpireLib","Highlight Path","Hubris","Infinite Spire","Jorbs\u0027s Wanderer Trilogy","Koishi","Marisa????????","Minty Spire (QoL Compilation)","Permanent Neow","Quick Restart","Random Character Button","Replay The Spire","Robot Space Explorer","Shop Mod","StSLib","Stuff the Spire","SuperFastMode","The Animator","The Blackbeard","The Construct","The Disciple","The Elementalist","The Jungle","The Necromancer","The Poker Player","The Runesmith","The Wild Card","TheBandit","thorton"],"gold_per_floor":[118,118,118,135,148,164,164,179,205,239,250,265,265,295,295,396,396,416,416,426,437,437,467,478,498,549,566,421,421,172,172,172,187,187,187],"floor_reached":33,"language":"ENG","playtime":2129,"items_purged":["wariomod:Defend"],"score":321,"play_id":"6d46ec24-5586-42aa-abca-10a74ccc3867","local_time":"20210131005518","is_ascension_mode":true,"campfire_choices":[{"data":"wariomod:MassiveParty","floor":7,"key":"SMITH"},{"data":"wariomod:ChargeForth","floor":15,"key":"SMITH"},{"floor":32,"key":"REST"}],"circlet_count":0,"master_deck":["wariomod:Strike","wariomod:Strike","wariomod:Defend","wariomod:Defend","wariomod:Defend","wariomod:Leap","wariomod:MassiveParty+1","wariomod:ChargeForth+1","wariomod:Smackflip","wariomod:SpacialMastery","wariomod:SpacialMastery","wariomod:Purify+1"],"relics":["wariomod:TheHat","hubris:TenFootPole","Durian","Boot","wariomod:PropellerHat","hubris:MysteriousPyramids","Black Star","construct:RocketBooster","Runesmith:Locket","Lantern","thethorton:BrokenCalculator","infinitespire:BottledMercury","Blue Candle"],"acts_visited":["Exordium","theJungle:Jungle"],"potions_floor_usage":[14,23,27,33],"damage_taken":[{"damage":0,"enemies":"2 Louse","floor":1,"turns":2},{"damage":0,"enemies":"Cultist","floor":4,"turns":2},{"damage":0,"enemies":"Small Slimes","floor":5,"turns":1},{"damage":0,"enemies":"Exordium Thugs","floor":6,"turns":5},{"damage":4,"enemies":"Gremlin Gang","floor":8,"turns":2},{"damage":9,"enemies":"3 Sentries","floor":10,"turns":2},{"damage":3,"enemies":"Looter","floor":11,"turns":3},{"damage":0,"enemies":"Large Slime","floor":12,"turns":3},{"damage":12,"enemies":"Lagavulin","floor":14,"turns":2},{"damage":26,"enemies":"The Guardian","floor":16,"turns":10},{"damage":0,"enemies":"theJungle:MUSHROOMGANG","floor":18,"turns":2},{"damage":0,"enemies":"theJungle:GiantWrat","floor":20,"turns":3},{"damage":10,"enemies":"theJungle:Snecko_Cultist_And_Trap","floor":21,"turns":3},{"damage":40,"enemies":"theJungle:Cassacara","floor":23,"turns":8},{"damage":13,"enemies":"Snake Plant","floor":24,"turns":3},{"damage":0,"enemies":"theJungle:2_Snecko_Cultists","floor":25,"turns":2},{"damage":11,"enemies":"theJungle:SlimyTreeVines","floor":27,"turns":8},{"damage":36,"enemies":"theJungle:FunGuy","floor":33,"turns":11}],"seed_played":"8679743219406469585","potions_obtained":[{"floor":6,"key":"construct:ShiftPotion"},{"floor":11,"key":"SteroidPotion"},{"floor":12,"key":"Death Potion"},{"floor":16,"key":"Block Potion"},{"floor":23,"key":"Reflective Coating"},{"floor":24,"key":"Adrenaline Potion"}],"is_trial":false,"path_per_floor":["M","?","$","M","M","M","R","M","T","E","M","M","?","E","R","B",null,"M","?","M","M","AVR","E","M","M","T","M","$","?","$","?","R","B"],"character_chosen":"THE_BANDIT","items_purchased":["thethorton:BrokenCalculator","infinitespire:BottledMercury"],"campfire_rested":1,"item_purchase_floors":[28,30],"current_hp_per_floor":[80,80,80,80,80,80,80,76,76,72,69,69,69,57,57,31,85,85,85,85,75,75,35,22,22,22,17,17,17,17,15,40,4,4,4],"gold":187,"neow_bonus":"TRANSFORM_CARD","is_daily":false,"chose_seed":false,"campfire_upgraded":2,"win_rate":0.0,"timestamp":1612050918,"path_taken":["M","?","$","M","M","M","R","M","T","E","M","?","?","E","R","BOSS","M","?","?","M","AVR","E","M","M","T","?","$","?","$","?","R","BOSS"],"items_purchased_type":["Relic","Relic"],"build_version":"2020-12-22","purchased_purges":1,"victory":false,"max_hp_per_floor":[80,80,80,80,80,80,80,80,80,85,85,85,85,85,85,85,85,85,85,85,85,85,85,85,85,85,85,85,85,85,85,85,85,85,85],"card_choices":[{"not_picked":["wariomod:HappyHop","wariomod:SmackSlam"],"picked":"wariomod:ChargeForth","floor":1},{"not_picked":["wariomod:EmptyMind","wariomod:Game","wariomod:ThatsNotAll"],"picked":"SKIP","floor":4},{"not_picked":["wariomod:ThatsNotAll","wariomod:CursedSpaces","wariomod:DoubleDash"],"picked":"SKIP","floor":5},{"not_picked":["wariomod:Boomsmack","wariomod:SmackSlam"],"picked":"wariomod:Smackflip","floor":6},{"not_picked":["wariomod:Hopshield","wariomod:Game","wariomod:SmallSprint"],"picked":"SKIP","floor":8},{"not_picked":["wariomod:KeyFinisher","wariomod:ChargeForth","wariomod:BoomBoom"],"picked":"SKIP","floor":10},{"not_picked":["wariomod:ChargeForth","wariomod:EmptyMind","wariomod:DiceyMove"],"picked":"SKIP","floor":11},{"not_picked":["wariomod:Goblast","wariomod:OctoJump","wariomod:Bombshield"],"picked":"SKIP","floor":12},{"not_picked":["wariomod:WhirlwindBurst","wariomod:ImFeelingLucky"],"picked":"wariomod:SpacialMastery","floor":14},{"not_picked":["wariomod:VeryLongJump","wariomod:DeadlyDash"],"picked":"wariomod:SpacialMastery","floor":16},{"not_picked":["wariomod:DisarmingMoves","wariomod:SmallSprint","wariomod:Bombshield"],"picked":"SKIP","floor":18},{"not_picked":["wariomod:Smackflip","wariomod:ThatsNotAll","wariomod:SpikeSlash"],"picked":"SKIP","floor":20},{"not_picked":["wariomod:Game","wariomod:SpikeSlash","wariomod:SmallSprint+1"],"picked":"SKIP","floor":21},{"not_picked":["wariomod:Leapslam+1","wariomod:Bombshield+1","wariomod:Goblast"],"picked":"SKIP","floor":23},{"not_picked":["wariomod:Boomsmack","wariomod:ThatsNotAll+1","wariomod:CursedSpaces"],"picked":"SKIP","floor":24},{"not_picked":["wariomod:SmackSlam","wariomod:DoubleDip+1","wariomod:BodyBlock"],"picked":"SKIP","floor":25},{"not_picked":["wariomod:Leapslam","wariomod:SmallSprint+1"],"picked":"wariomod:Purify+1","floor":27}],"player_experience":1122781,"relics_obtained":[{"floor":9,"key":"hubris:TenFootPole"},{"floor":10,"key":"Durian"},{"floor":14,"key":"Boot"},{"floor":23,"key":"construct:RocketBooster"},{"floor":23,"key":"Runesmith:Locket"},{"floor":26,"key":"Lantern"}],"event_choices":[{"cards_removed":["wariomod:Strike"],"damage_healed":0,"gold_gain":0,"player_choice":"Purged","damage_taken":0,"max_hp_gain":0,"max_hp_loss":0,"event_name":"Purifier","floor":2,"gold_loss":0},{"cards_removed":["wariomod:Strike"],"damage_healed":0,"gold_gain":0,"player_choice":"Card Removal","damage_taken":0,"max_hp_gain":0,"max_hp_loss":0,"event_name":"Wheel of Change","floor":13,"gold_loss":0},{"damage_healed":0,"gold_gain":0,"player_choice":"Ignored","damage_taken":0,"max_hp_gain":0,"max_hp_loss":0,"event_name":"NoteForYourself","floor":19,"gold_loss":0}],"is_beta":false,"boss_relics":[{"not_picked":["Replay:Fungal Core","wariomod:SuperHat"],"picked":"wariomod:PropellerHat"}],"items_purged_floors":[22],"is_endless":false,"potions_floor_spawned":[6,11,12,16,21,23,24],"killed_by":"theJungle:FunGuy","ascension_level":1}}