{"host":"vlqejv0notyktumz","time":1612046665,"event":{"mods":["AchievementEnabler","BaseMod","Colored Map","Colored Powertips","Downfall","Googly Eyes","Minty Spire (QoL Compilation)","StSLib"],"gold_per_floor":[109,127,127,77,87,118,118,293,293,311,0,14,41,54,54,150,150,170,170,60,83,103,103,138,138,162,180,194,21,21,120,120,120,120],"floor_reached":33,"language":"ENG","playtime":822,"items_purged":["Strike_R","Strike_R"],"score":316,"play_id":"ed07e6e3-731b-4c48-90ce-eadb5e035205","local_time":"20210130164425","is_ascension_mode":true,"campfire_choices":[{"data":"Bludgeon","floor":7,"key":"SMITH"},{"data":"Shrug It Off","floor":15,"key":"SMITH"},{"data":"Barricade","floor":23,"key":"SMITH"},{"data":"Blood for Blood","floor":25,"key":"SMITH"},{"floor":32,"key":"REST"}],"circlet_count":0,"master_deck":["Strike_R","Strike_R","Defend_R","Defend_R","Defend_R","Defend_R","Bash+1","Anger","Rampage","Bludgeon+1","Doubt","Bloodletting","Warcry","Rage","Shrug It Off+1","Barricade+1","Blood for Blood+1","Uppercut+1","Carnage"],"relics":["Burning Blood","CaptainsWheel","Shuriken","Lantern","ClockworkSouvenir","Mummified Hand","Snecko Eye","NlothsMask","Toxic Egg 2","Bronze Scales"],"acts_visited":["Exordium","TheCity"],"potions_floor_usage":[13,13,16,18,22,28],"damage_taken":[{"damage":8,"enemies":"2 Louse","floor":1,"turns":4},{"damage":7,"enemies":"Jaw Worm","floor":2,"turns":3},{"damage":0,"enemies":"Small Slimes","floor":5,"turns":3},{"damage":45,"enemies":"3 Sentries","floor":6,"turns":10},{"damage":1,"enemies":"Looter","floor":10,"turns":2},{"damage":9,"enemies":"Exordium Thugs","floor":12,"turns":4},{"damage":5,"enemies":"Gremlin Nob","floor":13,"turns":3},{"damage":7,"enemies":"Large Slime","floor":14,"turns":4},{"damage":4,"enemies":"Slime Boss","floor":16,"turns":10},{"damage":4,"enemies":"Shell Parasite","floor":18,"turns":3},{"damage":7,"enemies":"3 Byrds","floor":22,"turns":5},{"damage":17,"enemies":"Book of Stabbing","floor":24,"turns":4},{"damage":10,"enemies":"3 Cultists","floor":27,"turns":4},{"damage":37,"enemies":"Centurion and Healer","floor":28,"turns":3},{"damage":80,"enemies":"Champ","floor":33,"turns":9}],"seed_played":"757177770924121766","potions_obtained":[{"floor":6,"key":"Explosive Potion"},{"floor":12,"key":"BloodPotion"},{"floor":13,"key":"DistilledChaos"},{"floor":14,"key":"Block Potion"},{"floor":16,"key":"LiquidBronze"},{"floor":18,"key":"ElixirPotion"},{"floor":24,"key":"hexamod:SoulburnPotion"}],"is_trial":false,"path_per_floor":["M","M","?","?","M","E","R","?","T","M","$","M","E","M","R","B",null,"M","?","$","T","M","R","E","R","T","M","M","$","?","?","R","B"],"character_chosen":"IRONCLAD","items_purchased":["Lantern","ClockworkSouvenir","Blood for Blood","Carnage"],"campfire_rested":1,"item_purchase_floors":[11,11,20,29],"current_hp_per_floor":[86,85,85,85,88,49,49,49,49,54,54,51,69,68,68,70,88,88,88,88,88,87,87,76,76,76,72,41,41,41,41,67,0,0],"gold":120,"neow_bonus":"TEN_PERCENT_HP_BONUS","is_daily":false,"chose_seed":false,"campfire_upgraded":4,"win_rate":0.0,"timestamp":1612046665,"path_taken":["M","M","?","?","M","E","R","?","T","M","$","M","E","M","R","BOSS","M","?","$","?","M","R","E","R","T","M","M","$","?","?","R","BOSS"],"items_purchased_type":["Relic","Relic","Card","Card"],"build_version":"2020-12-22","purchased_purges":2,"victory":false,"max_hp_per_floor":[88,88,88,88,88,88,88,88,88,88,88,88,88,88,88,88,88,88,88,88,88,88,88,88,88,88,88,88,88,88,88,88,88,88],"card_choices":[{"not_picked":["Havoc","Headbutt"],"picked":"Anger","floor":1},{"not_picked":["Clothesline","Wild Strike","Anger"],"picked":"SKIP","floor":2},{"not_picked":["Cleave","Clothesline"],"picked":"Rampage","floor":5},{"not_picked":["Twin Strike","Perfected Strike"],"picked":"Bludgeon","floor":6},{"not_picked":["Blood for Blood","Clothesline"],"picked":"Bloodletting","floor":10},{"not_picked":["Headbutt","Anger"],"picked":"Warcry","floor":12},{"not_picked":["Flame Barrier","Shockwave"],"picked":"Rage","floor":13},{"not_picked":["Rage","Battle Trance"],"picked":"Shrug It Off","floor":14},{"not_picked":["Offering","Limit Break"],"picked":"Barricade","floor":16},{"not_picked":["Reckless Charge+1","Clash","Iron Wave"],"picked":"SKIP","floor":18},{"not_picked":["Warcry","Intimidate+1","Pommel Strike"],"picked":"SKIP","floor":22},{"not_picked":["True Grit+1","Cleave"],"picked":"Uppercut+1","floor":24},{"not_picked":["Bloodletting+1","Wild Strike","Thunderclap"],"picked":"SKIP","floor":27},{"not_picked":["Feed","Pommel Strike+1","Iron Wave"],"picked":"SKIP","floor":28}],"player_experience":377110,"relics_obtained":[{"floor":6,"key":"CaptainsWheel"},{"floor":9,"key":"Shuriken"},{"floor":13,"key":"Mummified Hand"},{"floor":24,"key":"Toxic Egg 2"},{"floor":26,"key":"Bronze Scales"}],"event_choices":[{"damage_healed":0,"gold_gain":0,"player_choice":"Grow","damage_taken":0,"max_hp_gain":0,"max_hp_loss":0,"event_name":"Living Wall","floor":3,"gold_loss":0,"cards_upgraded":["Bash"]},{"cards_removed":["Strike_R"],"damage_healed":0,"gold_gain":0,"player_choice":"Card Removal","damage_taken":0,"max_hp_gain":0,"max_hp_loss":0,"event_name":"The Cleric","floor":4,"gold_loss":50},{"damage_healed":0,"gold_gain":175,"player_choice":"AGREE","damage_taken":0,"max_hp_gain":0,"max_hp_loss":0,"event_name":"Liars Game","floor":8,"gold_loss":0,"cards_obtained":["Doubt"]},{"damage_healed":0,"gold_gain":0,"player_choice":"Trade","damage_taken":0,"relics_obtained":["NlothsMask"],"max_hp_gain":0,"max_hp_loss":0,"event_name":"FaceTrader","floor":19,"gold_loss":0},{"damage_healed":0,"gold_gain":0,"player_choice":"Ignored","damage_taken":0,"max_hp_gain":0,"max_hp_loss":0,"event_name":"Cursed Tome","floor":30,"gold_loss":0},{"damage_healed":0,"gold_gain":99,"player_choice":"Stole From Cult","damage_taken":0,"max_hp_gain":0,"max_hp_loss":0,"event_name":"Nest","floor":31,"gold_loss":0}],"is_beta":false,"boss_relics":[{"not_picked":["bronze:MakeshiftBattery","Black Star"],"picked":"Snecko Eye"}],"items_purged_floors":[20,29],"is_endless":false,"potions_floor_spawned":[6,12,13,14,16,18,24],"killed_by":"Champ","ascension_level":3}}