{"host":"6xsbn6ynqlzwllfm","time":1612029598,"event":{"mods":["2.2 Compatiblity","BaseMod","Bestiary","Colored Map","Colored Powertips","Curses Come First","Highlight Path","Keyboard Shortcuts","Minty Spire (QoL Compilation)","Relic Stats","Slay the Relics Exporter","StSLib","SuperFastMode"],"gold_per_floor":[117,133,133,133,143,174,174,184,211,136,149,149,149,167,167,167,167],"floor_reached":16,"language":"ENG","playtime":373,"items_purged":["Strike_P"],"score":204,"play_id":"e24edbe2-2b71-4e32-81c9-8733fff0393a","local_time":"20210130125958","is_ascension_mode":true,"campfire_choices":[{"data":"WheelKick","floor":7,"key":"SMITH"},{"data":"Halt","floor":13,"key":"SMITH"},{"data":"Halt","floor":15,"key":"SMITH"}],"circlet_count":0,"master_deck":["AscendersBane","Strike_P","Strike_P","Defend_P","Defend_P","Defend_P","Defend_P","Eruption","Vigilance","WheelKick+1","CutThroughFate","Consecrate","FearNoEvil","Halt+1","Halt+1"],"relics":["PureWater","Strawberry","Juzu Bracelet","Dream Catcher"],"acts_visited":["Exordium"],"potions_floor_usage":[16],"damage_taken":[{"damage":0,"enemies":"Cultist","floor":1,"turns":2},{"damage":0,"enemies":"Jaw Worm","floor":2,"turns":5},{"damage":0,"enemies":"2 Louse","floor":5,"turns":2},{"damage":40,"enemies":"Lagavulin","floor":6,"turns":4},{"damage":11,"enemies":"Exordium Wildlife","floor":8,"turns":3},{"damage":6,"enemies":"Red Slaver","floor":11,"turns":2},{"damage":0,"enemies":"2 Fungi Beasts","floor":14,"turns":2},{"damage":23,"enemies":"The Guardian","floor":16,"turns":5}],"seed_played":"-1718246352386981341","potions_obtained":[{"floor":1,"key":"GamblersBrew"},{"floor":5,"key":"Regen Potion"},{"floor":11,"key":"Strength Potion"}],"is_trial":false,"path_per_floor":["M","M","?","?","M","E","R","M","T","$","M","?","R","M","R","B"],"character_chosen":"WATCHER","items_purchased":[],"campfire_rested":0,"item_purchase_floors":[],"current_hp_per_floor":[68,68,61,75,75,35,35,24,24,24,18,7,7,7,7,0,0],"gold":167,"neow_bonus":"RANDOM_COMMON_RELIC","is_daily":false,"chose_seed":false,"campfire_upgraded":3,"win_rate":0.0,"timestamp":1612029598,"path_taken":["M","M","?","?","?","E","R","M","T","$","M","?","R","M","R","BOSS"],"items_purchased_type":[],"build_version":"2020-12-22","purchased_purges":1,"victory":false,"max_hp_per_floor":[75,75,75,75,75,75,75,75,75,75,75,75,75,75,75,75,75],"relic_stats":{"Dream Catcher":0,"counters":[8,25],"Juzu Bracelet":0,"obtain_stats":[{"Dream Catcher":9,"Strawberry":0,"Juzu Bracelet":6,"PureWater":0},{"Dream Catcher":5,"Strawberry":0,"Juzu Bracelet":4,"PureWater":0},{"Dream Catcher":16,"Strawberry":0,"Juzu Bracelet":13,"PureWater":0}]},"card_choices":[{"not_picked":["Swivel","Prostrate"],"picked":"WheelKick","floor":1},{"not_picked":["ThirdEye","BowlingBash"],"picked":"CutThroughFate","floor":2},{"not_picked":["Swivel","Halt"],"picked":"Consecrate","floor":5},{"not_picked":["Pray","Halt"],"picked":"FearNoEvil","floor":6},{"not_picked":["Weave","ClearTheMind"],"picked":"Halt","floor":8},{"not_picked":["SashWhip","ThirdEye"],"picked":"Halt","floor":11}],"player_experience":1292951,"relics_obtained":[{"floor":6,"key":"Juzu Bracelet"},{"floor":9,"key":"Dream Catcher"}],"event_choices":[{"cards_removed":["Strike_P"],"damage_healed":0,"gold_gain":0,"player_choice":"Card Removal","damage_taken":7,"max_hp_gain":0,"max_hp_loss":0,"event_name":"Golden Wing","floor":3,"gold_loss":0},{"damage_healed":14,"gold_gain":0,"player_choice":"Full Heal","damage_taken":0,"max_hp_gain":0,"max_hp_loss":0,"event_name":"Wheel of Change","floor":4,"gold_loss":0},{"damage_healed":0,"gold_gain":0,"player_choice":"Fled","damage_taken":11,"max_hp_gain":0,"max_hp_loss":0,"event_name":"Scrap Ooze","floor":12,"gold_loss":0}],"is_beta":false,"boss_relics":[],"items_purged_floors":[10],"is_endless":false,"potions_floor_spawned":[1,5,11,14],"killed_by":"The Guardian","ascension_level":20}}