{"host":"6zvpb25n18ixfmh8","time":1612046668,"event":{"mods":["Arknights","Aspiration","BaseMod","Beaked The Cultist","Bestiary","Better Skull","Better Vampires","Colored Map","Colored Powertips","Conspire","Downfall","Energized Spire","Hermit","Hubris","Infinite Spire","Minty Spire (QoL Compilation)","Quick Restart","Replay The Spire","Robot Space Explorer","Spicy Shops","StSLib","The Animator","The Construct","The Cursed","The Marked","The Servant 0.9.4","everything is the same but u backflip on backflip","slay the spire mod where everything is the same but ironclad has a cowboy hat"],"gold_per_floor":[111,111,111,131,142,142,174,66,111,111,130,155,190,190,190,310,310,349,379,411,411,7,75,75,101,128,128,128,88,118,152,152,285,285,339,339,339,402,464,548,232,232,257,303,303,26,26,59,59,79],"floor_reached":51,"language":"ENG","playtime":3713,"items_purged":["hermit:Strike_Hermit+1","hermit:Strike_Hermit+1"],"score":707,"play_id":"8458db58-fc4f-4ccf-bc4d-082cd818c864","local_time":"20210130164428","is_ascension_mode":false,"campfire_choices":[{"data":"hermit:Quickdraw","floor":6,"key":"SMITH"},{"data":"hermit:Headshot","floor":10,"key":"SMITH"},{"data":"hermit:Dive","floor":10,"key":"SMITH"},{"data":"hermit:SprayPray","floor":15,"key":"SMITH"},{"data":"hermit:Snapshot","floor":15,"key":"SMITH"},{"floor":24,"key":"REST"},{"data":"hermit:EternalForm","floor":27,"key":"SMITH"},{"data":"hermit:Showdown","floor":27,"key":"SMITH"},{"data":"hubris:InfiniteBlow+5","floor":32,"key":"SMITH"},{"data":"hubris:InfiniteBlow+6","floor":32,"key":"SMITH"},{"floor":42,"key":"REST"},{"data":"hubris:InfiniteBlow+7","floor":47,"key":"SMITH"},{"data":"hubris:InfiniteBlow+8","floor":47,"key":"SMITH"},{"floor":49,"key":"REST"}],"circlet_count":0,"master_deck":["hermit:Strike_Hermit+1","hermit:Strike_Hermit+1","hermit:Defend_Hermit","hermit:Defend_Hermit","hermit:Defend_Hermit","hermit:Snapshot+1","hermit:Covet+1","hermit:SprayPray+1","hermit:Headshot+1","hermit:Quickdraw+1","hermit:Dive+1","hermit:CalledShot+1","hermit:WideOpen+1","hermit:EternalForm+1","hermit:GoldenBullet","hermit:Deadeye+1","hermit:Showdown+1","hubris:InfiniteBlow+9","hermit:GhostlyPresence","hermit:Gambit","Pot Of Greed","Pot Of Greed","Violence"],"relics":["hermit:Momento","NeowsBlessing","Oddly Smooth Stone","Replay:Arrowhead","Replay:Bandana","hubris:HollowSoul","MutagenicStrength","hubris:DeckOfHolding","Membership Card","ReplayTheSpireMod:Shallot","Toy Ornithopter","conspire:TopHat","Replay:Bottled Eggs","infinitespire:EvilPickle","energizedSpire:DeadBattery","Happy Flower","Grinning Jar","Replay:Bottled Steam","Bag of Preparation","Ginger","Replay:Baseball","Centennial Puzzle"],"acts_visited":["Exordium","TheCity","TheBeyond"],"potions_floor_usage":[16,16,23,33],"damage_taken":[{"damage":0,"enemies":"Cultist","floor":1,"turns":1},{"damage":0,"enemies":"conspire:RoseBush","floor":4,"turns":1},{"damage":0,"enemies":"infinitespire:Voidling","floor":5,"turns":1},{"damage":21,"enemies":"Lagavulin","floor":7,"turns":5},{"damage":0,"enemies":"Red Slaver","floor":11,"turns":3},{"damage":9,"enemies":"3 Sentries","floor":12,"turns":5},{"damage":3,"enemies":"Lots of Slimes","floor":13,"turns":3},{"damage":35,"enemies":"The Guardian","floor":16,"turns":10},{"damage":9,"enemies":"conspire:FuzzyDice","floor":18,"turns":5},{"damage":19,"enemies":"2 Thieves","floor":19,"turns":4},{"damage":40,"enemies":"Centurion and Healer","floor":20,"turns":5},{"damage":2,"enemies":"Book of Stabbing","floor":23,"turns":3},{"damage":0,"enemies":"Snecko","floor":25,"turns":2},{"damage":3,"enemies":"Cultist and Chosen","floor":30,"turns":6},{"damage":0,"enemies":"3 Cultists","floor":31,"turns":4},{"damage":58,"enemies":"Pondfish","floor":33,"turns":7},{"damage":13,"enemies":"3 Darklings","floor":35,"turns":5},{"damage":0,"enemies":"3 Shapes","floor":38,"turns":3},{"damage":15,"enemies":"Sphere and 2 Shapes","floor":39,"turns":3},{"damage":28,"enemies":"R_Hoarder","floor":40,"turns":6},{"damage":8,"enemies":"Writhing Mass","floor":44,"turns":2},{"damage":0,"enemies":"3 Darklings","floor":48,"turns":2},{"damage":21,"enemies":"Replay:Hell Engine","floor":50,"turns":5}],"seed_played":"7145002351292452870","potions_obtained":[{"floor":4,"key":"PowerPotion"},{"floor":5,"key":"hermit:BlackBile"},{"floor":20,"key":"LiquidMemories"},{"floor":23,"key":"Flashbang"},{"floor":25,"key":"Regen Potion"},{"floor":35,"key":"Weak Potion"},{"floor":48,"key":"PowerPotion"}],"is_trial":false,"path_per_floor":["M","?","?","M","M","R","E","$","T","R","M","E","M","?","R_BF","B",null,"M","M","M","?","$","E","R","M","T","R","AVR","?","M","M","R","B",null,"M","$","?","M","M","E","$","R","T","M","?","$","R","M","R","B",null],"character_chosen":"HERMIT","items_purchased":["Replay:Arrowhead","hermit:CalledShot+1","hubris:DeckOfHolding","Membership Card","ReplayTheSpireMod:Shallot","Grinning Jar","Violence","Replay:Bottled Steam","Ginger","Replay:Baseball","Centennial Puzzle"],"campfire_rested":3,"item_purchase_floors":[8,8,22,22,22,41,41,41,46,46,46],"current_hp_per_floor":[75,75,75,75,75,75,54,54,54,54,54,45,42,42,42,7,75,66,47,7,7,7,37,59,59,59,59,59,59,56,56,56,18,75,62,62,75,75,60,32,32,54,54,46,46,46,46,46,68,47],"gold":79,"neow_bonus":"THREE_ENEMY_KILL","is_daily":false,"chose_seed":false,"campfire_upgraded":11,"win_rate":0.0,"timestamp":1612046668,"path_taken":["M","?","?","?","M","R","E","?","T","R","M","E","M","?","R_BF","BOSS","M","M","?","?","$","E","R","M","T","R","AVR","?","M","M","R","BOSS","M","?","?","?","M","E","$","R","T","?","?","$","R","M","R","BOSS"],"items_purchased_type":["Relic","Card","Relic","Relic","Relic","Relic","Card","Relic","Relic","Relic","Relic"],"build_version":"2020-12-22","purchased_purges":2,"victory":true,"max_hp_per_floor":[75,75,75,75,75,75,75,75,75,75,75,75,75,75,75,75,75,75,75,75,75,75,75,75,75,75,75,75,75,75,75,75,75,75,75,75,75,75,75,75,75,75,75,75,75,75,75,75,75,75],"card_choices":[{"not_picked":["hermit:HoleUp","hermit:TrackingShot"],"picked":"hermit:SprayPray","floor":1},{"not_picked":["hermit:Malice","hermit:HoleUp"],"picked":"hermit:Headshot","floor":4},{"not_picked":["hermit:Ricochet","hermit:HighCaliber"],"picked":"hermit:Quickdraw","floor":5},{"not_picked":["hermit:Determination","hermit:Quickdraw"],"picked":"hermit:Dive","floor":7},{"not_picked":["hermit:HoleUp","hermit:TrackingShot"],"picked":"hermit:WideOpen","floor":11},{"not_picked":["hermit:Roughhouse","hermit:Headshot","hermit:Glare"],"picked":"SKIP","floor":12},{"not_picked":["hermit:Quickdraw","hermit:ItchyTrigger","hermit:Feint"],"picked":"SKIP","floor":13},{"not_picked":["hermit:FatalDesire","hermit:OverwhelmingPower"],"picked":"hermit:EternalForm","floor":16},{"not_picked":["hermit:Headshot","hermit:Quickdraw"],"picked":"hermit:GoldenBullet","floor":18},{"not_picked":["hermit:Vantage","hermit:ItchyTrigger","hermit:GoldenBullet"],"picked":"SKIP","floor":19},{"not_picked":["hermit:Coalescence","hermit:Headshot+1"],"picked":"hermit:Deadeye","floor":20},{"not_picked":["hermit:Feint","hermit:Scavenge"],"picked":"hermit:Showdown","floor":23},{"not_picked":["hermit:Combo","hermit:Coalescence","hermit:Glare"],"picked":"SKIP","floor":25},{"not_picked":["hermit:Shortfuse+1","hermit:CursedWeapon"],"picked":"hermit:GhostlyPresence","floor":30},{"not_picked":["hermit:SprayPray","hermit:Coalescence","hermit:Ricochet"],"picked":"SKIP","floor":31},{"not_picked":["hermit:HeroicBravado","hermit:Adapt"],"picked":"hermit:Gambit","floor":33},{"not_picked":["hermit:BigShot","hermit:HighCaliber+1","hermit:TrackingShot"],"picked":"SKIP","floor":35},{"not_picked":["hermit:ItchyTrigger+1","hermit:Spite","hermit:FinalCanter"],"picked":"SKIP","floor":38},{"not_picked":["hermit:Feint","hermit:Deadeye","hermit:Vantage"],"picked":"SKIP","floor":39},{"not_picked":["hermit:Combo","hermit:Roulette","hermit:Malice"],"picked":"SKIP","floor":40},{"not_picked":["hermit:Manifest","hermit:TrackingShot+1","hermit:Quickdraw+1"],"picked":"SKIP","floor":44},{"not_picked":["hermit:Brawl","hermit:Misfire","hermit:Manifest"],"picked":"SKIP","floor":48}],"player_experience":194788,"relics_obtained":[{"floor":7,"key":"Oddly Smooth Stone"},{"floor":12,"key":"Replay:Bandana"},{"floor":23,"key":"Toy Ornithopter"},{"floor":26,"key":"conspire:TopHat"},{"floor":40,"key":"Happy Flower"},{"floor":43,"key":"Bag of Preparation"}],"event_choices":[{"cards_removed":["hermit:Defend_Hermit"],"damage_healed":0,"gold_gain":0,"player_choice":"Offered Basic","damage_taken":0,"max_hp_gain":0,"max_hp_loss":0,"event_name":"Bonfire Elementals","floor":3,"gold_loss":0},{"damage_healed":0,"gold_gain":0,"player_choice":"Upgraded","damage_taken":0,"max_hp_gain":0,"max_hp_loss":0,"event_name":"Upgrade Shrine","floor":14,"gold_loss":0,"cards_upgraded":["hermit:WideOpen"]},{"damage_healed":0,"gold_gain":0,"player_choice":"Inject Mutagens","damage_taken":0,"relics_obtained":["MutagenicStrength"],"max_hp_gain":0,"max_hp_loss":0,"event_name":"Drug Dealer","floor":21,"gold_loss":0},{"damage_healed":0,"gold_gain":0,"player_choice":"Upgraded Two","damage_taken":0,"max_hp_gain":0,"max_hp_loss":0,"event_name":"Designer","floor":29,"gold_loss":40,"cards_upgraded":["hermit:Covet","hermit:Deadeye"]},{"damage_healed":13,"gold_gain":0,"player_choice":"Full Heal","damage_taken":0,"max_hp_gain":0,"max_hp_loss":0,"event_name":"Wheel of Change","floor":37,"gold_loss":0},{"damage_healed":0,"gold_gain":0,"player_choice":"Memory 1","damage_taken":0,"max_hp_gain":0,"max_hp_loss":0,"event_name":"SensoryStone","floor":45,"gold_loss":0}],"is_beta":false,"boss_relics":[{"not_picked":["energizedSpire:StickyHand","Painkiller Herb"],"picked":"hubris:HollowSoul"},{"not_picked":["Replay:Ancient Bell","aspiration:RunicSpoon"],"picked":"energizedSpire:DeadBattery"}],"items_purged_floors":[41,46],"is_endless":false,"potions_floor_spawned":[4,5,12,13,20,23,25,30,35,48],"ascension_level":0}}