{"host":"bgyhjzqafgkxdxsh","time":1612004163,"event":{"mods":["BaseMod","Colored Map","Downfall","Minty Spire (QoL Compilation)","Relic Stats","StSLib","everything is the same but u backflip on backflip"],"gold_per_floor":[99,115,20,12,37,55,55,74,109,131,131,131,131,155,178,274,274,174,193,211,223,223,223,223,223],"floor_reached":23,"language":"ENG","playtime":1394,"items_purged":[],"score":220,"play_id":"75e789c7-8399-4e89-b780-45fb8a630359","local_time":"20210130205603","is_ascension_mode":false,"campfire_choices":[{"data":"1","floor":1,"key":"LIFT"},{"data":"2","floor":11,"key":"LIFT"},{"floor":13,"key":"RECALL"},{"data":"3","floor":18,"key":"LIFT"}],"circlet_count":0,"master_deck":["hexamod:Strike","hexamod:Strike","hexamod:Strike","hexamod:Defend","hexamod:Defend","hexamod:Defend","hexamod:Defend+1","hexamod:Sear","hexamod:Float","hexamod:RetreatToShadows","hexamod:RainOfEmbers","hexamod:FirstSeal","hexamod:SecondSeal","hexamod:ThirdSeal","hexamod:FourthSeal","hexamod:Hexaguard","hexamod:ShieldOfDarkness","hexamod:ThermalTransfer+1","hexamod:StepThrough","hexamod:SpectralAdrenaline","hexamod:SoulSteal","hexamod:NightmareGuise","hexamod:FlamesFromBeyond","hexamod:FifthSeal","hexamod:TimeOfNeed","hexamod:SixthSeal","hexamod:RainOfEmbers+1","hexamod:GhostLash","hexamod:HeatShield","hexamod:Incineration"],"relics":["hexamod:SpiritBrand","Girya","Turnip","Regal Pillow","Philosopher\u0027s Stone","downfall:HeartBlessingRed","MutagenicStrength"],"acts_visited":["Exordium","TheCity"],"potions_floor_usage":[8,16,21,21,23],"damage_taken":[{"damage":0,"enemies":"2 Louse","floor":2,"turns":2},{"damage":0,"enemies":"downfall:FleeingMerchant","floor":3,"turns":4},{"damage":11,"enemies":"Jaw Worm","floor":5,"turns":4},{"damage":9,"enemies":"Cultist","floor":6,"turns":4},{"damage":6,"enemies":"Large Slime","floor":8,"turns":4},{"damage":6,"enemies":"Gremlin Nob","floor":9,"turns":3},{"damage":2,"enemies":"3 Louse","floor":10,"turns":5},{"damage":2,"enemies":"Blue Slaver","floor":14,"turns":4},{"damage":1,"enemies":"Red Slaver","floor":15,"turns":4},{"damage":2,"enemies":"SI_SHIV_ARCHETYPE","floor":16,"turns":7},{"damage":43,"enemies":"3 Byrds","floor":19,"turns":4},{"damage":29,"enemies":"Shelled Parasite and Fungi","floor":20,"turns":6},{"damage":11,"enemies":"3 Cultists","floor":21,"turns":3},{"damage":10,"enemies":"Gremlin Leader","floor":23,"turns":2}],"seed_played":"-4008123457393457420","potions_obtained":[{"floor":2,"key":"CultistPotion"},{"floor":5,"key":"Weak Potion"},{"floor":6,"key":"SpeedPotion"},{"floor":6,"key":"sneckomod:MuddlingPotion"},{"floor":8,"key":"Explosive Potion"},{"floor":9,"key":"AttackPotion"},{"floor":19,"key":"DistilledChaos"},{"floor":21,"key":"Explosive Potion"}],"is_trial":false,"path_per_floor":["R","M","$","?","M","M","T","M","E","M","R","?","R","M","M","B",null,"R","M","M","M","?","E"],"character_chosen":"THE_SPIRIT","items_purchased":["hexamod:RainOfEmbers"],"campfire_rested":0,"item_purchase_floors":[3],"current_hp_per_floor":[49,49,49,42,38,36,36,37,31,36,36,36,36,41,47,45,70,70,34,12,8,8,0,0,0],"gold":223,"neow_bonus":"ONE_RARE_RELIC","is_daily":false,"chose_seed":false,"campfire_upgraded":0,"win_rate":0.0,"timestamp":1612004163,"path_taken":["R","M","$","?","M","M","T","M","E","M","R","?","R","?","M","BOSS","R","M","M","M","?","E"],"items_purchased_type":["Card"],"build_version":"2020-12-22","purchased_purges":0,"victory":false,"max_hp_per_floor":[70,70,70,70,70,70,70,70,70,70,70,70,70,70,70,70,70,70,70,70,70,70,70,70,70],"relic_stats":{"Regal Pillow":0,"counters":[14,56],"Turnip":[2],"obtain_stats":[{"Girya":0,"Regal Pillow":9,"downfall:HeartBlessingRed":18,"MutagenicStrength":22,"Philosopher\u0027s Stone":17,"Turnip":7,"hexamod:SpiritBrand":0},{"Girya":0,"Regal Pillow":6,"downfall:HeartBlessingRed":10,"MutagenicStrength":13,"Philosopher\u0027s Stone":10,"Turnip":4,"hexamod:SpiritBrand":0},{"Girya":0,"Regal Pillow":21,"downfall:HeartBlessingRed":41,"MutagenicStrength":54,"Philosopher\u0027s Stone":41,"Turnip":14,"hexamod:SpiritBrand":0}]},"card_choices":[{"not_picked":["hexamod:SkipABeat","hexamod:BurningTouch"],"picked":"hexamod:SwordOfDarkness","floor":2},{"not_picked":["hexamod:FastForward","hexamod:HeatShield"],"picked":"hexamod:RetreatToShadows","floor":3},{"not_picked":["hexamod:Firestarter","hexamod:HeatMetal"],"picked":"hexamod:Hexaguard","floor":5},{"not_picked":["hexamod:FlamesFromBeyond","hexamod:Firestarter"],"picked":"hexamod:ShieldOfDarkness","floor":5},{"not_picked":["hexamod:GhostShield","hexamod:FastForward"],"picked":"hexamod:ThermalTransfer","floor":6},{"not_picked":["hexamod:ChargedBarrage","hexamod:EmpoweredFlame","hexamod:SwordOfDarkness"],"picked":"SKIP","floor":6},{"not_picked":["hexamod:FourthSeal","hexamod:GhostOfSpirePast"],"picked":"hexamod:StepThrough","floor":8},{"not_picked":["hexamod:ExtraCrispy","hexamod:HeatMetal","hexamod:BacktrackSmack"],"picked":"SKIP","floor":8},{"not_picked":["hexamod:NightmareStrike","hexamod:WildfireWeapon","hexamod:RecurringNightmare"],"picked":"SKIP","floor":9},{"not_picked":["hexamod:ExtraCrispy","hexamod:NightmareGuise"],"picked":"hexamod:SpectralAdrenaline","floor":10},{"not_picked":["hexamod:HauntingEcho","hexamod:Firestarter","hexamod:NightmareStrike"],"picked":"SKIP","floor":10},{"not_picked":["hexamod:ChargedBarrage","hexamod:Firestarter"],"picked":"hexamod:NightmareGuise","floor":14},{"not_picked":["hexamod:GhostOfSpireFuture","hexamod:InspiringFlames","hexamod:SkipABeat"],"picked":"SKIP","floor":14},{"not_picked":["hexamod:SecondSeal","hexamod:RadiantFlame"],"picked":"hexamod:FlamesFromBeyond","floor":15},{"not_picked":["hexamod:GhostOfSpirePast","hexamod:ShieldOfDarkness","hexamod:PhantomCloak"],"picked":"SKIP","floor":15},{"not_picked":["hexamod:GiftsFromTheDead","hexamod:GhostflameInferno"],"picked":"hexamod:FifthSeal","floor":16},{"not_picked":["hexamod:WildfireWeapon","hexamod:SearingWound"],"picked":"hexamod:TimeOfNeed","floor":16},{"not_picked":["hexamod:SecondSeal","hexamod:ThirdSeal"],"picked":"hexamod:SixthSeal","floor":19},{"not_picked":["hexamod:NightmareGuise","hexamod:FastForward"],"picked":"hexamod:RainOfEmbers+1","floor":19},{"not_picked":["hexamod:RecurringNightmare","hexamod:SoulSteal"],"picked":"hexamod:GhostLash","floor":20},{"not_picked":["hexamod:GhostflameBarrier","hexamod:NightmareGuise+1"],"picked":"hexamod:HeatShield","floor":20},{"not_picked":["hexamod:CatchUp","hexamod:GhostLash"],"picked":"hexamod:Incineration","floor":21},{"not_picked":["hexamod:BurningTouch+1","hexamod:CatchUp","hexamod:WildfireWeapon"],"picked":"SKIP","floor":21}],"player_experience":497649,"relics_obtained":[{"floor":7,"key":"Turnip"},{"floor":9,"key":"Regal Pillow"}],"event_choices":[{"damage_healed":0,"gold_gain":0,"player_choice":"Inject Mutagens","damage_taken":0,"relics_obtained":["MutagenicStrength"],"max_hp_gain":0,"max_hp_loss":0,"event_name":"Drug Dealer","floor":22,"gold_loss":0}],"is_beta":false,"boss_relics":[{"not_picked":["Velvet Choker","Tiny House"],"picked":"Philosopher\u0027s Stone"}],"items_purged_floors":[],"is_endless":false,"potions_floor_spawned":[2,6,9,10,14,19,21],"killed_by":"Gremlin Leader","ascension_level":0}}