{"host":"5s7sm4h73jkd9266","time":1612037595,"event":{"mods":["AchievementEnabler","Bartender","BaseMod","Better Vampires","BetterRewards","Colored Map","Colored Powertips","Conspire","Downfall","Energized Spire","Hermit","Hubris","Magitek Elite","Minty Spire (QoL Compilation)","Potion Indicator Mod","Rare Cards Sparkle","Shop Mod","StSLib","The Blue Laboratory","The Necromancer","The Witch","Virulent Crown","everything is the same but u backflip on backflip","slay the spire mod where everything is the same but ironclad has a cowboy hat"],"gold_per_floor":[119,294,6,6,25,54,54,54,54,54,71,71,82,92,92,188,188,202,219,2,18,38,38,71,71,71,99,113,130,130,30,30,131,131,142,160,5,5,5,5,0,0,25,25,42,55,55,55],"floor_reached":47,"language":"ENG","playtime":2707,"items_purged":["hubris:PowerSurge","downfall:Aged"],"score":540,"play_id":"28354896-a441-41c0-9d87-1db2c1f9b05e","local_time":"20210130151315","is_ascension_mode":false,"campfire_choices":[{"floor":7.0,"key":"RECALL"},{"floor":10.0,"key":"REST"},{"data":"Metamorphosis","floor":12.0,"key":"SMITH"},{"data":"The Bomb","floor":15.0,"key":"SMITH"},{"data":"Rainbow","floor":23.0,"key":"SMITH"},{"data":"Zap","floor":25.0,"key":"SMITH"},{"data":"Zap","floor":32.0,"key":"SMITH"},{"data":"Reinforced Body","floor":40,"key":"SMITH"},{"data":"Loop","floor":44,"key":"SMITH"}],"circlet_count":0,"master_deck":["Strike_B","Strike_B","Strike_B","Strike_B","Defend_B","Defend_B","Defend_B","Zap+1","Dualcast","The Bomb+1","Cold Snap","Hologram","Doubt","Metamorphosis+1","Reinforced Body","Multi-Cast","Glacier","Cold Snap","Barrage","Self Repair","White Noise","Rainbow+1","Conserve Battery+1","Loop+1","Core Surge","Conserve Battery+1","Redo+1","Rebound","Sweeping Beam","Gash+1","Leap","Capacitor","Zap+1","Flash of Steel","Seek","Beam Cell","Thunder Strike","Reinforced Body+1","Glacier+1","Writhe","Steam+1","Go for the Eyes"],"relics":["Cracked Core","Eternal Feather","TungstenRod","conspire:TreasureMap","Centennial Puzzle","Meat on the Bone","Strawberry","Cursed Key","hubris:BallOfYels","Tintinnabulum","MealTicket","Chemical X","hubris:Towel","Red Mask","Vajra"],"acts_visited":["Exordium","TheCity","TheBeyond"],"potions_floor_usage":[46],"damage_taken":[{"damage":13.0,"enemies":"Small Slimes","floor":1.0,"turns":3.0},{"damage":3.0,"enemies":"Cultist","floor":5.0,"turns":4.0},{"damage":14.0,"enemies":"Lagavulin","floor":6.0,"turns":6.0},{"damage":7.0,"enemies":"Jaw Worm","floor":11.0,"turns":2.0},{"damage":4.0,"enemies":"Blue Slaver","floor":13.0,"turns":3.0},{"damage":0.0,"enemies":"3 Louse","floor":14.0,"turns":4.0},{"damage":0.0,"enemies":"Slime Boss","floor":16.0,"turns":5.0},{"damage":0.0,"enemies":"3 Byrds","floor":18.0,"turns":3.0},{"damage":17.0,"enemies":"conspire:FuzzyDice","floor":19.0,"turns":7.0},{"damage":14.0,"enemies":"Snecko","floor":21.0,"turns":6.0},{"damage":7.0,"enemies":"Centurion and Healer","floor":22.0,"turns":5.0},{"damage":3.0,"enemies":"conspire:Head Lice","floor":24.0,"turns":4.0},{"damage":3.0,"enemies":"conspire:SneckoGhost","floor":27.0,"turns":7.0},{"damage":16.0,"enemies":"Chosen and Byrds","floor":28.0,"turns":6.0},{"damage":7.0,"enemies":"conspire:HollyBat","floor":29.0,"turns":7.0},{"damage":25.0,"enemies":"conspire:MysteriousRune","floor":33.0,"turns":8.0},{"damage":10.0,"enemies":"3 Shapes","floor":35.0,"turns":3.0},{"damage":39,"enemies":"3 Darklings","floor":36,"turns":7},{"damage":4,"enemies":"4 Shapes","floor":45,"turns":3},{"damage":31,"enemies":"Transient","floor":46,"turns":5},{"damage":52,"enemies":"Writhing Mass","floor":47,"turns":4}],"seed_played":"5771714902962244157","potions_obtained":[{"floor":6.0,"key":"SkillPotion"},{"floor":11.0,"key":"blueLaboratory:CoolantVial"},{"floor":14.0,"key":"hexamod:SoulburnPotion"},{"floor":18.0,"key":"Fire Potion"},{"floor":21.0,"key":"blueLaboratory:SystemWipe"},{"floor":24.0,"key":"PowerPotion"},{"floor":27.0,"key":"CultistPotion"},{"floor":36,"key":"Explosive Potion"},{"floor":46,"key":"Explosive Potion"}],"is_trial":false,"path_per_floor":["M","?","$","?","M","E","R","T","T","R","M","R","M","M","R","B",null,"M","M","$","M","M","R","E","R","T","E","M","M","?","$","R","B",null,"M","M","$","?","$","R","?","?","T","R","M","M","M"],"character_chosen":"DEFECT","items_purchased":["Eternal Feather","TungstenRod","conspire:TreasureMap","The Bomb","Cold Snap","Metamorphosis","Reinforced Body","hubris:PowerSurge","Core Surge","Chemical X"],"campfire_rested":1,"item_purchase_floors":[0,0,0,0,0,3,3,3,20,37],"current_hp_per_floor":[27,27,27,27,24,10,19,19,26,59,52,64,60,67,79,79,82,82,72,72,65,65,80,82,82,82,82,66,67,68,82,82,64,82,72,53,69,70,82,82,82,82,82,82,78,48,0,0],"gold":55,"neow_bonus":"","is_daily":false,"chose_seed":false,"campfire_upgraded":7,"win_rate":0.0,"timestamp":1612037595,"path_taken":["M","?","$","?","?","E","R","?","T","R","M","R","M","M","R","BOSS","M","M","$","M","M","R","E","R","T","E","M","M","?","$","R","BOSS","M","M","$","?","$","R","?","?","T","R","M","M","M"],"items_purchased_type":["Relic","Relic","Relic","Card","Card","Card","Card","Card","Card","Relic"],"build_version":"2020-12-22","purchased_purges":2,"victory":false,"max_hp_per_floor":[75,75,75,75,75,75,75,75,82,82,82,82,82,82,82,82,82,82,82,82,82,82,82,82,82,82,82,82,82,82,82,82,82,82,82,82,82,82,82,82,82,82,82,82,82,82,82,82],"card_choices":[{"not_picked":["Barrage","Scrape"],"picked":"Hologram","floor":1.0},{"not_picked":["Doom and Gloom","Lockon"],"picked":"Glacier","floor":5.0},{"not_picked":["Compile Driver","Skim"],"picked":"Cold Snap","floor":6.0},{"not_picked":["Turbo","Reprogram"],"picked":"Barrage","floor":11.0},{"not_picked":["Gash","Hologram"],"picked":"Self Repair","floor":13.0},{"not_picked":["Double Energy","Steam"],"picked":"White Noise","floor":14.0},{"not_picked":["Creative AI","hubris:SpecializedCircuitry"],"picked":"Rainbow","floor":16.0},{"not_picked":["Sweeping Beam+1","BootSequence"],"picked":"Conserve Battery+1","floor":18.0},{"not_picked":["Force Field","Double Energy"],"picked":"Loop","floor":19.0},{"not_picked":["Lockon","Leap"],"picked":"Conserve Battery+1","floor":21.0},{"not_picked":["Sweeping Beam","Genetic Algorithm"],"picked":"Redo+1","floor":22.0},{"not_picked":["hubris:DoWhile","Fission"],"picked":"Rebound","floor":24.0},{"not_picked":["Ball Lightning","Gash+1"],"picked":"Sweeping Beam","floor":27.0},{"not_picked":["Storm","Doom and Gloom"],"picked":"Gash+1","floor":28.0},{"not_picked":["Hologram","Go for the Eyes"],"picked":"Leap","floor":29.0},{"not_picked":["Seek","Multi-Cast"],"picked":"Thunder Strike","floor":33.0},{"not_picked":["Hologram","Leap"],"picked":"Reinforced Body","floor":35.0},{"not_picked":["White Noise","Compile Driver"],"picked":"Glacier+1","floor":36},{"not_picked":["Cold Snap+1","Hologram"],"picked":"Steam+1","floor":45},{"not_picked":["Redo","Steam+1"],"picked":"Go for the Eyes","floor":46}],"player_experience":5515850,"relics_obtained":[{"floor":6.0,"key":"Meat on the Bone"},{"floor":9.0,"key":"Strawberry"},{"floor":24.0,"key":"hubris:BallOfYels"},{"floor":26.0,"key":"Tintinnabulum"},{"floor":27.0,"key":"MealTicket"},{"floor":43,"key":"Vajra"}],"event_choices":[{"damage_healed":0.0,"max_hp_gain":0.0,"max_hp_loss":0.0,"gold_gain":175.0,"event_name":"Liars Game","player_choice":"AGREE","floor":2.0,"gold_loss":0.0,"damage_taken":0.0,"cards_obtained":["Doubt"]},{"damage_healed":0.0,"max_hp_gain":0.0,"max_hp_loss":0.0,"gold_gain":0.0,"cards_transformed":["Defend_B"],"event_name":"Transmorgrifier","player_choice":"Transformed","floor":4.0,"gold_loss":0.0,"damage_taken":0.0,"cards_obtained":["Multi-Cast"]},{"damage_healed":0.0,"max_hp_gain":0.0,"max_hp_loss":0.0,"gold_gain":0.0,"event_name":"Match and Keep!","player_choice":"5 cards matched","floor":30.0,"gold_loss":0.0,"damage_taken":0.0,"cards_obtained":["Capacitor","Zap","Flash of Steel","Seek","Beam Cell"]},{"damage_healed":0,"gold_gain":0,"player_choice":"Paid","damage_taken":0,"relics_obtained":["Red Mask"],"max_hp_gain":0,"max_hp_loss":0,"event_name":"Tomb of Lord Red Mask","floor":41,"gold_loss":5},{"damage_healed":0,"gold_gain":0,"player_choice":"Ignored","damage_taken":0,"max_hp_gain":0,"max_hp_loss":0,"event_name":"Mysterious Sphere","floor":42,"gold_loss":0}],"is_beta":false,"boss_relics":[{"not_picked":["Black Star","energizedSpire:EnergizedDie"],"picked":"Cursed Key"},{"not_picked":["hubris:TerracottaHorce","energizedSpire:RedRose","Runic Dome"]}],"items_purged_floors":[20,31],"is_endless":false,"potions_floor_spawned":[6,11,14,18,21,24,27,36,46],"killed_by":"Writhing Mass","ascension_level":0}}