{"host":"684z1xpuwaoqmmh1","time":1612016366,"event":{"mods":["BaseMod","Downfall","Hermit","Jorbs\u0027s Wanderer Trilogy","Marisa????????","Minty Spire (QoL Compilation)","Robot Space Explorer","Shade Mod","StSLib","The Bug Knight","The Cursed","The Dragon Tamer","The Hayseed","The Hierophant","The Marked","The Mystic","The Runesmith","The Senshi"],"gold_per_floor":[111,127,141,159,334,334,334,334],"floor_reached":7,"language":"ENG","playtime":245,"items_purged":[],"score":58,"play_id":"b2f17cb7-85d5-4fcf-96f7-3557a1f02e3b","local_time":"20210130161926","is_ascension_mode":true,"campfire_choices":[{"data":"theMarked:BanishingWave","floor":6,"key":"SMITH"}],"circlet_count":0,"master_deck":["theMarked:Strike","theMarked:Strike","theMarked:Strike","theMarked:Strike","theMarked:Strike","theMarked:Defend","theMarked:Defend","theMarked:Defend","theMarked:Defend","theMarked:SoldierOfQuellstein","theMarked:BanishingWave+1","theMarked:MysticalArsenal","theMarked:Overthink","theMarked:Opportunist","theMarked:SelfDefenseTraining","Doubt"],"relics":["theMarked:ArtifactOfAir"],"acts_visited":["Exordium"],"potions_floor_usage":[7],"damage_taken":[{"damage":0.0,"enemies":"Cultist","floor":1.0,"turns":4.0},{"damage":14.0,"enemies":"Jaw Worm","floor":2.0,"turns":6.0},{"damage":5,"enemies":"Small Slimes","floor":3,"turns":3},{"damage":12,"enemies":"3 Louse","floor":4,"turns":4},{"damage":20,"enemies":"3 Sentries","floor":7,"turns":3}],"seed_played":"102626292451495760","potions_obtained":[{"floor":1.0,"key":"BlessingOfTheForge"},{"floor":3,"key":"Strength Potion"}],"is_trial":false,"path_per_floor":["M","M","M","M","?","R","E"],"character_chosen":"THE_DEFAULT","items_purchased":[],"campfire_rested":0,"item_purchase_floors":[],"current_hp_per_floor":[63,49,44,32,32,32,12,12],"gold":334,"neow_bonus":"THREE_CARDS","is_daily":false,"chose_seed":false,"campfire_upgraded":1,"win_rate":0.0,"timestamp":1612016366,"path_taken":["M","M","?","M","?","R","E"],"items_purchased_type":[],"build_version":"2020-12-22","purchased_purges":0,"victory":false,"max_hp_per_floor":[70,70,70,70,70,70,70,70],"card_choices":[{"not_picked":["theMarked:HeightenedSenses","theMarked:OneWithTheBlade"],"picked":"theMarked:BanishingWave","floor":0.0},{"not_picked":["theMarked:Overthink","theMarked:WastefulAttack"],"picked":"theMarked:MysticalArsenal","floor":1.0},{"not_picked":["theMarked:ChainLightning","theMarked:ElectricStrings"],"picked":"theMarked:Overthink","floor":2.0},{"not_picked":["theMarked:EmpowerWeapon","theMarked:RepellingDischarge"],"picked":"theMarked:Opportunist","floor":3},{"not_picked":["theMarked:Determination","theMarked:KeepCalmAndFight"],"picked":"theMarked:SelfDefenseTraining","floor":4}],"player_experience":3006617,"relics_obtained":[],"event_choices":[{"damage_healed":0,"gold_gain":175,"player_choice":"AGREE","damage_taken":0,"max_hp_gain":0,"max_hp_loss":0,"event_name":"Liars Game","floor":5,"gold_loss":0,"cards_obtained":["Doubt"]}],"is_beta":false,"boss_relics":[],"items_purged_floors":[],"is_endless":false,"potions_floor_spawned":[1,3],"killed_by":"3 Sentries","ascension_level":7}}