{"host":"«Â«˛","time":1612026690,"event":{"mods":["BaseMod","Colored Powertips","Minty Spire (QoL Compilation)","Quick Restart","Reimu£®≤©¿ˆ¡È√Œ£©","StSLib","UnlockEverythingMod"],"gold_per_floor":[109,109,89,20,34,34,34,34,34,34,34,75,26,26,26,154,154],"floor_reached":16,"language":"ZHS","playtime":479,"items_purged":[],"score":169,"play_id":"3cd90036-6e1f-425e-9029-50aa869f6757","local_time":"20210131011130","daily_mods":["SealedDeck","Specialized","Heirloom","Time Dilation","Flight"],"is_ascension_mode":false,"campfire_choices":[{"data":"EmergencyTakeOff:ReiMu","floor":6,"key":"SMITH"},{"floor":8,"key":"RECALL"},{"floor":15,"key":"REST"}],"circlet_count":0,"master_deck":["BlastKick2:ReiMu","BlastKick2:ReiMu","BlastKick2:ReiMu","BlastKick2:ReiMu","BlastKick2:ReiMu","EmergencyTakeOff:ReiMu+1","SpringWay:ReiMu","Amulet:ReiMu","Mountainwind:ReiMu","SpringWay:ReiMu","AirStrike:ReiMu","AirStrike:ReiMu","SpringWay:ReiMu","SubAcupoint:ReiMu","SubAcupoint:ReiMu","Amulet:ReiMu","HakureiPhantom:ReiMu","PassingAway:ReiMu","Shading:ReiMu+1","Amulet:ReiMu"],"relics":["FlyPower:ReiMu","Lizard Tail","Golden Idol","Mastiff:ReiMu","SkyOrb:ReiMu"],"acts_visited":["Exordium"],"potions_floor_usage":[3],"damage_taken":[{"damage":0,"enemies":"Jaw Worm","floor":1,"turns":2},{"damage":3,"enemies":"2 Louse","floor":5,"turns":2},{"damage":20,"enemies":"Gremlin Nob","floor":12,"turns":5},{"damage":21,"enemies":"The Guardian","floor":16,"turns":7}],"seed_played":"-205930419324353588","potions_obtained":[{"floor":3,"key":"Fruit Juice"},{"floor":12,"key":"LiquidFlight:ReiMu"},{"floor":16,"key":"HakureiPotion:ReiMu"}],"is_trial":true,"path_per_floor":["M","?","?","$","M","R","?","R","T","?","$","E","$","?","R","B"],"character_chosen":"REIMU","items_purchased":["HakureiPhantom:ReiMu","Amulet:ReiMu"],"campfire_rested":1,"item_purchase_floors":[4,13],"current_hp_per_floor":[65,49,54,54,51,51,51,51,51,44,44,24,24,24,45,24,24],"gold":154,"neow_bonus":"","is_daily":false,"chose_seed":false,"campfire_upgraded":1,"win_rate":0.0,"timestamp":1612026690,"path_taken":["M","?","?","$","?","R","?","R","T","?","$","E","$","?","R","BOSS"],"items_purchased_type":["Card","Card"],"build_version":"2020-12-18","purchased_purges":0,"victory":false,"max_hp_per_floor":[65,65,70,70,70,70,70,70,70,70,70,70,70,70,70,70,70],"card_choices":[{"not_picked":["AirStrike:ReiMu","Intuition:ReiMu"],"picked":"Amulet:ReiMu","floor":1},{"not_picked":["CareerPray:ReiMu","SubcavityInstant:ReiMu"],"picked":"PassingAway:ReiMu","floor":5},{"not_picked":["KamiSacrifice:ReiMu","CareerPray:ReiMu"],"picked":"Shading:ReiMu","floor":12}],"player_experience":247567,"relics_obtained":[{"floor":12,"key":"SkyOrb:ReiMu"}],"event_choices":[{"damage_healed":0,"gold_gain":0,"player_choice":"Take Damage","damage_taken":16,"relics_obtained":["Golden Idol"],"max_hp_gain":0,"max_hp_loss":0,"event_name":"Golden Idol","floor":2,"gold_loss":0},{"damage_healed":0,"gold_gain":0,"player_choice":"Bought 1 Potion","damage_taken":0,"max_hp_gain":0,"max_hp_loss":0,"event_name":"The Woman in Blue","floor":3,"gold_loss":0},{"damage_healed":0,"gold_gain":0,"player_choice":"Searched \u00270\u0027 times","damage_taken":0,"max_hp_gain":0,"max_hp_loss":0,"event_name":"Dead Adventurer","floor":7,"gold_loss":0},{"damage_healed":0,"gold_gain":0,"player_choice":"Success","damage_taken":7,"relics_obtained":["Mastiff:ReiMu"],"max_hp_gain":0,"max_hp_loss":0,"event_name":"Scrap Ooze","floor":10,"gold_loss":0},{"damage_healed":0,"gold_gain":0,"player_choice":"Grow","damage_taken":0,"max_hp_gain":0,"max_hp_loss":0,"event_name":"Living Wall","floor":14,"gold_loss":0,"cards_upgraded":["Shading:ReiMu"]}],"is_beta":true,"boss_relics":[],"items_purged_floors":[],"is_endless":false,"potions_floor_spawned":[12,16],"killed_by":"The Guardian","ascension_level":0}}