{"host":"68ryiucqar8jyfi2","time":1612019630,"event":{"mods":["2.2 Compatiblity","Act Like it!","Aspiration","BaseMod","Better Match","Better Note","Better Skull","Better Third Choice","CCEM2","CapriCore","Curses Come First","Defuse TimeMaze Blight","Displayed Cursed Tome","Emptier Cage","Energized Spire","Friendly Minions","GifTheSpireLib","HexUI Lib","Hubris","Hyrulean Relics","Infinite Spire","Minty Spire (QoL Compilation)","Monster B Gone","Morshu Shopkeeper","Permanent Neow","RNG Fix","Relic Filter Mod","Reliquary","Replay The Spire","Robot Space Explorer","StSLib","Stuff the Spire","The Blue Laboratory","Trackpad","Transform Curses","Uncapped","Wandering Minibosses"],"gold_per_floor":[115,115,115,40,58,58,194,271,350,38,57,50,66,78,78,177,177,188,288,299,260,260,260,255,255],"floor_reached":24,"language":"ENG","playtime":702,"items_purged":["Regret"],"score":196,"play_id":"b3db95c3-501c-4b46-bc3a-620b88e2a952","local_time":"20210130151350","daily_mods":["Vintage","Heirloom","Flight"],"is_ascension_mode":false,"campfire_choices":[{"data":"Zap","floor":6,"key":"SMITH"},{"data":"Dualcast","floor":15,"key":"SMITH"},{"data":"ReplayTheSpireMod:Calculation Training","floor":23,"key":"SMITH"}],"circlet_count":0,"master_deck":["Strike_B","Strike_B","Strike_B","Strike_B","Defend_B","Defend_B","Defend_B","Defend_B","Zap+1","Dualcast+1","ReplayTheSpireMod:Calculation Training+1"],"relics":["Cracked Core","Du-Vu Doll","StuffTheSpire:TintedRock","hubris:Towel","StuffTheSpire:RedRose","Ancient Tea Set","zeldaRelics:CourageTriforce","CCEMRelics:D6","StuffTheSpire:Expresso","trackpad:ZombieHeart","CCEMRelics:SpiritsEdge","Eternal Feather","hubris:CuriousFeather","Nunchaku"],"acts_visited":["Exordium","TheCity"],"potions_floor_usage":[12,16,24,24,24],"damage_taken":[{"damage":3,"enemies":"Jaw Worm","floor":1,"turns":3},{"damage":1,"enemies":"2 Louse","floor":5,"turns":2},{"damage":34,"enemies":"3 Sentries","floor":7,"turns":8},{"damage":0,"enemies":"Cultist","floor":11,"turns":3},{"damage":1,"enemies":"Lots of Slimes","floor":12,"turns":6},{"damage":0,"enemies":"2 Fungi Beasts","floor":13,"turns":3},{"damage":1,"enemies":"Looter","floor":14,"turns":2},{"damage":20,"enemies":"Hexaghost","floor":16,"turns":9},{"damage":10,"enemies":"Spheric Guardian","floor":18,"turns":4},{"damage":22,"enemies":"2 Thieves","floor":20,"turns":3},{"damage":57,"enemies":"Slavers","floor":24,"turns":4}],"seed_played":"5442052084857715765","potions_obtained":[{"floor":7,"key":"blueLaboratory:RecallPotion"},{"floor":12,"key":"blueLaboratory:FrostheartPotion"},{"floor":18,"key":"blueLaboratory:CreativityPotion"},{"floor":22,"key":"blueLaboratory:BottleOfVodka"},{"floor":22,"key":"blueLaboratory:BiasPotion"},{"floor":22,"key":"FearPotion"}],"is_trial":true,"path_per_floor":["M","?","?","$","M","R","E","T","T","$","M","M","M","M","R","B",null,"M","?","M","$","?","R","E"],"character_chosen":"DEFECT","items_purchased":["CCEMRelics:D6","ReplayTheSpireMod:Calculation Training"],"campfire_rested":0,"item_purchase_floors":[10,21],"current_hp_per_floor":[72,72,72,72,71,71,37,37,37,37,37,36,38,38,44,25,79,70,70,50,50,50,56,0,0],"gold":255,"neow_bonus":"","is_daily":false,"chose_seed":false,"campfire_upgraded":3,"win_rate":0.0,"timestamp":1612019630,"path_taken":["M","?","?","$","?","R","E","?","T","?","M","M","?","M","R","BOSS","M","?","?","$","?","R","E"],"items_purchased_type":["Relic","Card"],"build_version":"2020-12-22","purchased_purges":1,"victory":false,"max_hp_per_floor":[75,75,75,75,75,75,75,75,75,75,75,75,77,78,78,79,79,80,80,82,82,82,82,83,83],"card_choices":[{"not_picked":["Sunder","Hologram","Redo"],"picked":"SKIP","floor":7}],"player_experience":203824,"relics_obtained":[{"floor":1,"key":"StuffTheSpire:TintedRock"},{"floor":5,"key":"Ancient Tea Set"},{"floor":7,"key":"zeldaRelics:CouragePiece"},{"floor":8,"key":"zeldaRelics:CouragePiece"},{"floor":9,"key":"zeldaRelics:CouragePiece"},{"floor":11,"key":"StuffTheSpire:Expresso"},{"floor":12,"key":"trackpad:ZombieHeart"},{"floor":13,"key":"CCEMRelics:SpiritsEdge"},{"floor":14,"key":"Eternal Feather"},{"floor":18,"key":"hubris:CuriousFeather"},{"floor":20,"key":"Nunchaku"}],"event_choices":[{"damage_healed":0,"gold_gain":100,"player_choice":"Pray","damage_taken":0,"max_hp_gain":0,"max_hp_loss":0,"event_name":"Golden Shrine","floor":19,"gold_loss":0},{"damage_healed":0,"gold_gain":0,"player_choice":"Got Potions","damage_taken":0,"max_hp_gain":0,"max_hp_loss":0,"event_name":"Lab","floor":22,"gold_loss":0}],"is_beta":false,"boss_relics":[{"not_picked":["Snecko Heart","energizedSpire:OgreHead","reliquary:KinkedSpring"]}],"items_purged_floors":[4],"is_endless":false,"potions_floor_spawned":[7,12,13,16,18,20],"killed_by":"Slavers","ascension_level":0}}