{"host":"pt1z5qzak3tiw32n","time":1612044903,"event":{"mods":["BaseMod","Block Reminder","Minty Spire (QoL Compilation)","StSLib","everything is the same but u backflip on backflip"],"gold_per_floor":[215,2,2,2,52,52,71,71,71],"floor_reached":8,"language":"ENG","playtime":343,"items_purged":[],"score":84,"play_id":"8063bb93-1c8f-4d42-887f-932292a945e0","local_time":"20210130171503","is_ascension_mode":true,"campfire_choices":[{"data":"Zap","floor":6,"key":"SMITH"}],"circlet_count":0,"master_deck":["AscendersBane","Strike_B","Strike_B","Strike_B","Strike_B","Defend_B","Defend_B","Defend_B","Defend_B","Zap+1","Dualcast","Cold Snap","Chaos+1","Beam Cell"],"relics":["Cracked Core","Bag of Preparation","Golden Idol"],"acts_visited":["Exordium"],"potions_floor_usage":[],"damage_taken":[{"damage":1,"enemies":"2 Louse","floor":1,"turns":3},{"damage":0,"enemies":"Small Slimes","floor":7,"turns":2},{"damage":66,"enemies":"Gremlin Nob","floor":8,"turns":4}],"seed_played":"3246762661034446215","potions_obtained":[],"is_trial":false,"path_per_floor":["M","$","?","?","?","R","M","E"],"character_chosen":"DEFECT","items_purchased":["Chaos","Bag of Preparation"],"campfire_rested":0,"item_purchase_floors":[2,2],"current_hp_per_floor":[63,63,39,39,39,39,39,0,0],"gold":71,"neow_bonus":"HUNDRED_GOLD","is_daily":false,"chose_seed":false,"campfire_upgraded":1,"win_rate":0.0,"timestamp":1612044903,"path_taken":["M","$","?","?","?","R","M","E"],"items_purchased_type":["Card","Relic"],"build_version":"2020-12-22","purchased_purges":0,"victory":false,"max_hp_per_floor":[71,71,71,71,71,71,71,71,71],"card_choices":[{"not_picked":["Stack","Genetic Algorithm"],"picked":"Cold Snap","floor":1},{"not_picked":["Turbo","Barrage"],"picked":"Beam Cell","floor":7}],"player_experience":620692,"relics_obtained":[],"event_choices":[{"damage_healed":0,"gold_gain":0,"player_choice":"Take Damage","damage_taken":24,"relics_obtained":["Golden Idol"],"max_hp_gain":0,"max_hp_loss":0,"event_name":"Golden Idol","floor":3,"gold_loss":0},{"damage_healed":0,"gold_gain":0,"player_choice":"Grow","damage_taken":0,"max_hp_gain":0,"max_hp_loss":0,"event_name":"Living Wall","floor":4,"gold_loss":0,"cards_upgraded":["Chaos"]},{"damage_healed":0,"gold_gain":50,"player_choice":"Pray","damage_taken":0,"max_hp_gain":0,"max_hp_loss":0,"event_name":"Golden Shrine","floor":5,"gold_loss":0}],"is_beta":false,"boss_relics":[],"items_purged_floors":[],"is_endless":false,"potions_floor_spawned":[],"killed_by":"Gremlin Nob","ascension_level":18}}