{"host":"7f01flv6y0vhl3vt","time":1612040305,"event":{"mods":["Act Like it!","BaseMod","Downfall","Minty Spire (QoL Compilation)","StSLib"],"gold_per_floor":[99,113,129,129,143,1,1,21,34,65,80,80,98,110,122,222,272,72,86,103,103,103,103,103,103],"floor_reached":23,"language":"ENG","playtime":3446,"items_purged":["bronze:Strike"],"score":222,"play_id":"29895513-e197-419f-ad5e-53a4fc1e99a1","local_time":"20210130155825","is_ascension_mode":false,"campfire_choices":[{"floor":1.0,"key":"RECALL"},{"floor":12,"key":"REST"},{"data":"bronze:HyperBeam","floor":18,"key":"SMITH"}],"circlet_count":0,"master_deck":["bronze:Strike","bronze:Strike","bronze:Strike","bronze:Defend","bronze:Defend","bronze:Defend","bronze:Replicate","bronze:Goto","bronze:ClassDefault","bronze:InfiniteBeams","bronze:OilSpill","bronze:ChosenStrike","bronze:Constructor","bronze:MaxOutput","bronze:FollowUp+1","bronze:HyperBeam+1","bronze:Backtrace","bronze:CloningBeam","bronze:Philosophize","bronze:Overload","bronze:ThunderWave","bronze:ForLoop","bronze:Overload","bronze:Shell+1"],"relics":["bronze:BronzeCore","Smiling Mask","Tiny House","downfall:HeartBlessingBlue","downfall:HeartBlessingRed"],"acts_visited":["TheCity"],"potions_floor_usage":[9,10,13,14,16,19,23],"damage_taken":[{"damage":11.0,"enemies":"Jaw Worm","floor":2.0,"turns":3.0},{"damage":0.0,"enemies":"Cultist","floor":3.0,"turns":4.0},{"damage":5.0,"enemies":"2 Louse","floor":5.0,"turns":3.0},{"damage":5.0,"enemies":"downfall:FleeingMerchant","floor":6.0,"turns":4.0},{"damage":21,"enemies":"2 Fungi Beasts","floor":8,"turns":3},{"damage":1,"enemies":"3 Louse","floor":9,"turns":3},{"damage":6,"enemies":"Gremlin Nob","floor":10,"turns":4},{"damage":0,"enemies":"Large Slime","floor":11,"turns":4},{"damage":0,"enemies":"Blue Slaver","floor":13,"turns":2},{"damage":13,"enemies":"Lots of Slimes","floor":14,"turns":5},{"damage":1,"enemies":"3 Louse","floor":15,"turns":4},{"damage":53,"enemies":"WA_ARCHETYPE_RETAIN","floor":16,"turns":6},{"damage":12,"enemies":"Chosen","floor":19,"turns":4},{"damage":40,"enemies":"Shelled Parasite and Fungi","floor":20,"turns":3},{"damage":42,"enemies":"Cultist and Chosen","floor":23,"turns":4}],"seed_played":"7643585162536698455","potions_obtained":[{"floor":0.0,"key":"AttackPotion"},{"floor":0.0,"key":"Guardian:BlockOnCardUsePotion"},{"floor":0.0,"key":"SpeedPotion"},{"floor":5.0,"key":"Fire Potion"},{"floor":8,"key":"FairyPotion"},{"floor":11,"key":"DistilledChaos"},{"floor":13,"key":"BlessingOfTheForge"},{"floor":15,"key":"Fire Potion"},{"floor":17,"key":"AttackPotion"},{"floor":20,"key":"SkillPotion"}],"is_trial":false,"path_per_floor":["R","M","M","?","M","$","T","M","M","E","M","R","M","M","M","B",null,"R","M","M","?","?","M"],"character_chosen":"THE_AUTOMATON","items_purchased":["bronze:Constructor"],"campfire_rested":1,"item_purchase_floors":[6],"current_hp_per_floor":[70,59,59,59,54,49,49,28,27,21,21,42,42,29,28,6,75,85,73,33,33,33,0,0,0],"gold":103,"neow_bonus":"THREE_SMALL_POTIONS","is_daily":false,"chose_seed":false,"campfire_upgraded":1,"win_rate":0.0,"timestamp":1612040305,"path_taken":["R","M","M","?","?","$","T","?","M","E","M","R","M","M","M","BOSS","R","M","M","?","?","M"],"items_purchased_type":["Card"],"build_version":"2020-12-22","purchased_purges":1,"victory":false,"max_hp_per_floor":[70,70,70,70,70,70,70,70,70,70,70,70,70,70,70,70,75,85,85,85,85,85,85,85,85],"card_choices":[{"not_picked":["bronze:ItsAFeature","bronze:Optimize"],"picked":"bronze:ClassDefault","floor":2.0},{"not_picked":["bronze:Separator","bronze:Overheat"],"picked":"bronze:InfiniteBeams","floor":3.0},{"not_picked":["bronze:BugBarrage","bronze:FineTuning"],"picked":"bronze:OilSpill","floor":5.0},{"not_picked":["bronze:DelayedSlice","bronze:Overheat"],"picked":"bronze:ChosenStrike","floor":6},{"not_picked":["bronze:Iterate","bronze:Frontload"],"picked":"bronze:MaxOutput","floor":8},{"not_picked":["bronze:ClassDefault","bronze:Invalidate"],"picked":"bronze:FollowUp","floor":9},{"not_picked":["bronze:DarkDash","bronze:NullPointer"],"picked":"bronze:HyperBeam","floor":10},{"not_picked":["bronze:Shell","bronze:ChosenStrike"],"picked":"bronze:Backtrace","floor":11},{"not_picked":["bronze:Deprecate","bronze:Invalidate"],"picked":"bronze:CloningBeam","floor":13},{"not_picked":["bronze:DarkDash","bronze:ItsAFeature"],"picked":"bronze:Philosophize","floor":14},{"not_picked":["bronze:Frontload","bronze:Overheat"],"picked":"bronze:Overload","floor":15},{"not_picked":["bronze:AlphaBuild","bronze:Virus"],"picked":"bronze:ThunderWave","floor":16},{"not_picked":["bronze:CutThrough","bronze:ClassDefault"],"picked":"bronze:ForLoop","floor":17},{"not_picked":["bronze:ChosenStrike","bronze:Boost"],"picked":"bronze:Overload","floor":19},{"not_picked":["bronze:FollowUp","bronze:Turbo+1"],"picked":"bronze:Shell+1","floor":20}],"player_experience":1514562,"relics_obtained":[{"floor":10,"key":"Smiling Mask"}],"event_choices":[{"damage_healed":0,"gold_gain":0,"player_choice":"Ignored","damage_taken":0,"max_hp_gain":0,"max_hp_loss":0,"event_name":"Vampires","floor":21,"gold_loss":0}],"is_beta":false,"boss_relics":[{"not_picked":["Calling Bell","Cursed Key"],"picked":"Tiny House"}],"items_purged_floors":[6],"is_endless":false,"potions_floor_spawned":[5,8,11,13,15,20],"killed_by":"Cultist and Chosen","ascension_level":0}}