{"host":"cz96naaoibjp08st","time":1612013186,"event":{"mods":["Act Like it!","BaseMod","BetterRewards","Downfall","Duelist Mod","GifTheSpireLib","Hermit","Minty Spire (QoL Compilation)","Quick Restart","READ ME - Guardian Mod","Replay The Spire","Robot Space Explorer","Shop Mod","StSLib","Stuff the Spire","SuperFastMode"],"gold_per_floor":[450,460,480,493,508,97,97,82,82,98,98,112,112,112,128,128,128,128],"floor_reached":16,"language":"ZHS","playtime":891,"items_purged":["downfall:Icky"],"score":94,"play_id":"1a2f2fab-d0e4-48bd-af64-0430785a5129","local_time":"20210130212626","is_ascension_mode":false,"campfire_choices":[{"data":"downfall:Icky","floor":11,"key":"PURGE"},{"data":"downfall:Icky","floor":13,"key":"PURGE"}],"circlet_count":0,"master_deck":["Guardian:Strike_Guardian","Guardian:Strike_Guardian","Guardian:Strike_Guardian","Guardian:Strike_Guardian","Guardian:Defend_Guardian","Guardian:Defend_Guardian","Guardian:Defend_Guardian","Guardian:Defend_Guardian","Guardian:CurlUp","Guardian:TwinSlam","Guardian:Reroute","Guardian:SpikerProtocol","Guardian:CrystalBeam","Guardian:PiercingHide","Guardian:DonusPower","Violence","Apotheosis","Panacea","Panacea","Guardian:BronzeOrb","Guardian:Gem_Red","Guardian:HyperBeam_Guardian"],"relics":["Guardian:ModeShifter","Peace Pipe","StuffTheSpire:Experiment12","ReplayTheSpireMod:ShopPack","StuffTheSpire:EmeraldSignet"],"acts_visited":["Exordium"],"potions_floor_usage":[8,16,16],"damage_taken":[{"damage":0.0,"enemies":"2 Louse","floor":2.0,"turns":3.0},{"damage":6.0,"enemies":"Jaw Worm","floor":3.0,"turns":4.0},{"damage":6.0,"enemies":"Cultist","floor":4.0,"turns":4.0},{"damage":13.0,"enemies":"Large Slime","floor":5.0,"turns":12.0},{"damage":5,"enemies":"downfall:FleeingMerchant","floor":6,"turns":4},{"damage":0,"enemies":"downfall:FleeingMerchant","floor":8,"turns":4},{"damage":13,"enemies":"Red Slaver","floor":10,"turns":6},{"damage":19,"enemies":"Gremlin Gang","floor":12,"turns":4},{"damage":3,"enemies":"Exordium Thugs","floor":15,"turns":4},{"damage":17,"enemies":"DF_ARCHETYPE_STREAMLINE","floor":16,"turns":6}],"seed_played":"-8629297403713081723","potions_obtained":[{"floor":4.0,"key":"LiquidMemories"},{"floor":12,"key":"Adrenaline Potion"},{"floor":15,"key":"SkillPotion"}],"is_trial":false,"path_per_floor":["R","M","M","M","M","$","T","$","?","M","R","M","R","?","M","B"],"character_chosen":"GUARDIAN","items_purchased":["StuffTheSpire:Experiment12","Guardian:Gem_Red","ReplayTheSpireMod:ShopPack"],"campfire_rested":0,"item_purchase_floors":[6,6,6],"current_hp_per_floor":[80,80,74,68,55,50,50,50,50,37,37,20,20,20,17,0,0,0],"gold":128,"neow_bonus":"ONE_RARE_RELIC","is_daily":false,"chose_seed":false,"campfire_upgraded":0,"win_rate":0.0,"timestamp":1612013186,"path_taken":["R","M","M","M","M","$","T","$","?","?","R","M","R","?","M","BOSS"],"items_purchased_type":["Relic","Card","Relic"],"build_version":"2020-12-22","purchased_purges":1,"victory":false,"max_hp_per_floor":[80,80,80,80,80,80,80,80,80,80,80,80,80,80,80,80,80,80],"card_choices":[{"not_picked":["Guardian:TemporalStrike","Guardian:VentSteam"],"picked":"Guardian:Reroute","floor":2.0},{"not_picked":["Guardian:TemporalShield","Guardian:ShieldCharger"],"picked":"Guardian:SpikerProtocol","floor":3.0},{"not_picked":["Guardian:Reroute","Guardian:PrimingBeam"],"picked":"Guardian:CrystalBeam","floor":4.0},{"not_picked":["Guardian:Reroute","Guardian:Suspension"],"picked":"Guardian:PiercingHide","floor":5},{"not_picked":["Guardian:TimeSifter","Guardian:TemporalShield"],"picked":"Guardian:DonusPower","floor":6},{"not_picked":["ReplayTheSpireMod:Necrogeddon","Secret Technique"],"picked":"Violence","floor":6},{"not_picked":["Deep Breath","Crow Ritual"],"picked":"Apotheosis","floor":6},{"not_picked":["Good Instincts","Dark Shackles"],"picked":"Panacea","floor":6},{"not_picked":["Guardian:ChargeCore","Guardian:Gem_Crimson","Guardian:Incinerate"],"picked":"SKIP","floor":8},{"not_picked":["Guardian:Gem_Fragmented","Guardian:Gem_Yellow"],"picked":"Guardian:BronzeOrb","floor":10},{"not_picked":["Guardian:Harden","Guardian:Gem_Red"],"picked":"Guardian:Gem_Cyan","floor":12},{"not_picked":["Guardian:DonusPower","Guardian:BronzeOrb"],"picked":"Guardian:HyperBeam_Guardian","floor":15}],"player_experience":283780,"relics_obtained":[{"floor":7,"key":"StuffTheSpire:EmeraldSignet"}],"event_choices":[],"is_beta":false,"boss_relics":[],"items_purged_floors":[6],"is_endless":false,"potions_floor_spawned":[4,12,15],"killed_by":"DF_ARCHETYPE_STREAMLINE","ascension_level":0}}