{"host":"iph0xvuia0glosgr","time":1612023292,"event":{"mods":["AchievementEnabler","BaseMod","Minty Spire (QoL Compilation)"],"gold_per_floor":[114,128,148,148,148,148,173,191,191,225,237,237,253,273,273,372,372,390,48,61,80,98,98,116,116,167,20,20,53,53,67,67,169,169,181,11,11,30,30,30,49,64,64,0,0,0,0,16,16,16,16],"floor_reached":50,"language":"ENG","playtime":3788,"items_purged":[],"score":527,"play_id":"fa25319b-3a18-40d0-a75a-05de8498c521","local_time":"20210130161452","is_ascension_mode":true,"campfire_choices":[{"data":"Phantasmal Killer","floor":6,"key":"SMITH"},{"floor":15,"key":"REST"},{"floor":23,"key":"RECALL"},{"data":"Storm of Steel","floor":25,"key":"SMITH"},{"floor":30,"key":"REST"},{"floor":32,"key":"REST"},{"floor":40,"key":"REST"},{"floor":46,"key":"REST"},{"floor":49,"key":"REST"}],"circlet_count":0,"master_deck":["Strike_G+1","Strike_G+1","Strike_G+1","Strike_G+1","Strike_G+1","Defend_G+1","Defend_G+1","Defend_G+1","Defend_G+1","Defend_G+1","Survivor+1","Neutralize","Phantasmal Killer+1","PiercingWail","Sucker Punch","Infinite Blades+1","Deflect","Choke","Finisher","Sucker Punch","Storm of Steel+1","Cloak And Dagger","All Out Attack","Sucker Punch","Infinite Blades+1","Slice+1","Blade Dance","Slice","Slice","Night Terror","Cloak And Dagger+1","Accuracy","Blade Dance","Cloak And Dagger","Parasite","Quick Slash+1"],"relics":["Ring of the Serpent","Potion Belt","Ornamental Fan","Question Card","Empty Cage","Nunchaku","Bronze Scales","Bag of Preparation","Centennial Puzzle","Red Mask"],"acts_visited":["Exordium","TheCity","TheBeyond"],"potions_floor_usage":[7,7,8,10,16,19,20,21,21,22,22,29,33,33,39,42,50],"damage_taken":[{"damage":3,"enemies":"2 Louse","floor":1,"turns":3},{"damage":0,"enemies":"Jaw Worm","floor":2,"turns":4},{"damage":4,"enemies":"Small Slimes","floor":3,"turns":3},{"damage":6,"enemies":"Lagavulin","floor":7,"turns":5},{"damage":11,"enemies":"Exordium Wildlife","floor":8,"turns":3},{"damage":28,"enemies":"Gremlin Nob","floor":10,"turns":6},{"damage":0,"enemies":"3 Louse","floor":11,"turns":3},{"damage":0,"enemies":"2 Fungi Beasts","floor":13,"turns":3},{"damage":0,"enemies":"Large Slime","floor":14,"turns":5},{"damage":26,"enemies":"The Guardian","floor":16,"turns":12},{"damage":0,"enemies":"3 Byrds","floor":18,"turns":6},{"damage":0,"enemies":"Chosen","floor":20,"turns":3},{"damage":12,"enemies":"Centurion and Healer","floor":21,"turns":5},{"damage":2,"enemies":"Cultist and Chosen","floor":22,"turns":5},{"damage":11,"enemies":"3 Cultists","floor":24,"turns":6},{"damage":32,"enemies":"Slavers","floor":29,"turns":4},{"damage":4,"enemies":"Sentry and Sphere","floor":31,"turns":4},{"damage":36,"enemies":"Collector","floor":33,"turns":10},{"damage":4,"enemies":"3 Darklings","floor":35,"turns":3},{"damage":14,"enemies":"3 Shapes","floor":38,"turns":3},{"damage":14,"enemies":"Jaw Worm Horde","floor":39,"turns":2},{"damage":21,"enemies":"Sphere and 2 Shapes","floor":41,"turns":5},{"damage":19,"enemies":"Writhing Mass","floor":42,"turns":6},{"damage":20,"enemies":"Jaw Worm Horde","floor":48,"turns":2},{"damage":43,"enemies":"Awakened One","floor":50,"turns":9}],"seed_played":"140446605663238761","potions_obtained":[{"floor":1,"key":"Poison Potion"},{"floor":3,"key":"DistilledChaos"},{"floor":7,"key":"Fire Potion"},{"floor":8,"key":"Dexterity Potion"},{"floor":14,"key":"Poison Potion"},{"floor":20,"key":"FearPotion"},{"floor":24,"key":"Poison Potion"},{"floor":31,"key":"Fire Potion"},{"floor":33,"key":"SteroidPotion"},{"floor":38,"key":"SmokeBomb"},{"floor":48,"key":"Energy Potion"}],"is_trial":false,"path_per_floor":["M","M","M","?","?","R","E","M","T","E","M","?","M","M","R","B",null,"M","$","M","M","M","R","M","R","T","$","?","E","R","M","R","B",null,"M","$","?","M","M","R","M","M","T","?","$","R","$","M","R","B"],"character_chosen":"THE_SILENT","items_purchased":["Nunchaku","Cloak And Dagger","EntropicBrew","All Out Attack","Bronze Scales","Accuracy","Blade Dance","Cloak And Dagger"],"campfire_rested":6,"item_purchase_floors":[19,19,19,19,27,36,36,36],"current_hp_per_floor":[67,67,63,49,49,49,43,32,32,4,4,21,21,21,42,16,67,67,67,67,55,62,62,51,51,51,51,51,19,39,35,55,19,67,63,63,63,49,35,55,34,15,15,15,15,35,35,15,35,0,0],"gold":16,"neow_bonus":"ONE_RANDOM_RARE_CARD","is_daily":false,"chose_seed":false,"campfire_upgraded":2,"win_rate":0.0,"timestamp":1612023292,"path_taken":["M","M","M","?","?","R","E","M","T","E","M","?","M","?","R","BOSS","M","$","M","M","M","R","M","R","T","$","?","E","R","M","R","BOSS","M","$","?","M","M","R","M","M","T","?","$","R","$","M","R","BOSS"],"items_purchased_type":["Relic","Card","Potion","Card","Relic","Card","Card","Card"],"build_version":"2020-12-22","purchased_purges":0,"victory":false,"max_hp_per_floor":[70,70,70,70,70,70,70,70,70,70,70,70,70,70,70,70,67,67,67,67,67,67,67,67,67,67,67,67,67,67,67,67,67,67,67,67,67,67,67,67,67,67,67,67,67,67,67,67,67,67,67],"card_choices":[{"not_picked":["Prepared","Slice"],"picked":"PiercingWail","floor":1},{"not_picked":["Concentrate","Setup"],"picked":"Sucker Punch","floor":2},{"not_picked":["Cloak And Dagger","Quick Slash"],"picked":"Infinite Blades","floor":3},{"not_picked":["Outmaneuver","Predator"],"picked":"Dagger Spray","floor":7},{"not_picked":["Underhanded Strike","Outmaneuver","Crippling Poison"],"picked":"SKIP","floor":8},{"not_picked":["Sucker Punch","Well Laid Plans"],"picked":"Deflect","floor":10},{"not_picked":["Concentrate","Flechettes","Noxious Fumes"],"picked":"Choke","floor":11},{"not_picked":["Deadly Poison","Skewer","Slice"],"picked":"Finisher","floor":13},{"not_picked":["Quick Slash","Distraction","Poisoned Stab"],"picked":"Sucker Punch","floor":14},{"not_picked":["Phantasmal Killer","Die Die Die","Tools of the Trade"],"picked":"Storm of Steel","floor":16},{"not_picked":["Setup","Prepared","Caltrops+1","Catalyst"],"picked":"SKIP","floor":18},{"not_picked":["Deadly Poison+1","Bane","Dagger Throw+1"],"picked":"Sucker Punch","floor":20},{"not_picked":["Dagger Throw","Crippling Poison+1","Well Laid Plans"],"picked":"Infinite Blades+1","floor":21},{"not_picked":["Noxious Fumes","Skewer","Dash"],"picked":"Slice+1","floor":22},{"not_picked":["Outmaneuver","Prepared+1","Blur"],"picked":"Blade Dance","floor":24},{"not_picked":["Sucker Punch+1","Dagger Throw","Dodge and Roll"],"picked":"Slice","floor":29},{"not_picked":["Flechettes","Acrobatics","Masterful Stab"],"picked":"Slice","floor":31},{"not_picked":["Tools of the Trade","Storm of Steel","Doppelganger"],"picked":"Night Terror","floor":33},{"not_picked":["Underhanded Strike+1","Poisoned Stab+1","Noxious Fumes+1"],"picked":"Cloak And Dagger+1","floor":35},{"not_picked":["Skewer","Bane","Deadly Poison","Bouncing Flask"],"picked":"SKIP","floor":38},{"not_picked":["Expertise","Underhanded Strike","Outmaneuver+1","Flying Knee"],"picked":"SKIP","floor":41},{"not_picked":["Deadly Poison","Dagger Throw","Acrobatics","Riddle With Holes+1"],"picked":"SKIP","floor":42},{"not_picked":["Dagger Throw","Flying Knee+1","Deflect"],"picked":"Quick Slash+1","floor":48}],"player_experience":307151,"relics_obtained":[{"floor":7,"key":"Potion Belt"},{"floor":9,"key":"Ornamental Fan"},{"floor":10,"key":"Question Card"},{"floor":29,"key":"Bag of Preparation"},{"floor":43,"key":"Centennial Puzzle"}],"event_choices":[{"damage_healed":0,"gold_gain":0,"player_choice":"Entered Light","damage_taken":14,"max_hp_gain":0,"max_hp_loss":0,"event_name":"Shining Light","floor":4,"gold_loss":0,"cards_upgraded":["Defend_G","Survivor"]},{"damage_healed":0,"gold_gain":0,"player_choice":"Grow","damage_taken":0,"max_hp_gain":0,"max_hp_loss":0,"event_name":"Living Wall","floor":5,"gold_loss":0,"cards_upgraded":["Infinite Blades"]},{"damage_healed":17,"gold_gain":0,"player_choice":"Healed and dodged fight","damage_taken":0,"max_hp_gain":0,"max_hp_loss":0,"event_name":"Mushrooms","floor":12,"gold_loss":0,"cards_obtained":["Parasite"]},{"damage_healed":0,"gold_gain":0,"player_choice":"Simplicity","damage_taken":0,"max_hp_gain":0,"max_hp_loss":0,"event_name":"Back to Basics","floor":28,"gold_loss":0,"cards_upgraded":["Strike_G","Strike_G","Strike_G","Strike_G","Strike_G","Defend_G","Defend_G","Defend_G","Defend_G"]},{"damage_healed":0,"gold_gain":0,"player_choice":"Memory 1","damage_taken":0,"max_hp_gain":0,"max_hp_loss":0,"event_name":"SensoryStone","floor":37,"gold_loss":0},{"damage_healed":0,"gold_gain":0,"player_choice":"Paid","damage_taken":0,"relics_obtained":["Red Mask"],"max_hp_gain":0,"max_hp_loss":0,"event_name":"Tomb of Lord Red Mask","floor":44,"gold_loss":64}],"is_beta":false,"boss_relics":[{"not_picked":["Runic Dome","Coffee Dripper"],"picked":"Empty Cage"},{"not_picked":["Fusion Hammer","SlaversCollar"],"picked":"Ring of the Serpent"}],"items_purged_floors":[],"is_endless":false,"potions_floor_spawned":[1,3,7,8,14,20,24,31,33,38,48],"killed_by":"Awakened One","ascension_level":1}}