{"host":"Tonhão","time":1612029679,"event":{"mods":["Aspiration","BaseMod","Conspire","Downfall","Friendly Minions","Halation","Hermit","Highlight Path","Hubris","Infinite Spire","Jedi Mod","Minty Spire (QoL Compilation)","Relic Sorter","Replay The Spire","Spicy Shops","StSLib","The Animator","The Construct","The Cursed","The Jester","The Senshi","The Servant 0.9.4"],"gold_per_floor":[110,142,142,142,110,110,110,157,183,183,196,16,16,38,38,157,157,177,99,123,123,123,139,139],"floor_reached":23,"language":"ENG","playtime":2737,"items_purged":["hubris:Envy"],"score":260,"play_id":"adac5b03-2cc7-446c-8bd1-3c3d26caf439","local_time":"20210130150119","is_ascension_mode":false,"campfire_choices":[{"data":"animator:Aqua","floor":6,"key":"SMITH"},{"data":"animator:DolaStephanie","floor":10,"key":"SMITH"}],"circlet_count":0,"master_deck":["infinitespire:Collect+1","animator:Strike_Konosuba","animator:Defend_Konosuba","animator:Strike","animator:Strike","animator:Strike","animator:Defend","animator:Defend","animator:Defend","animator:Kazuma","animator:Aqua+1","animator:YuiTsuruno","animator:SayakaMiki","animator:DolaStephanie+1","animator:NagisaMomoe","animator:Wiz","animator:MisaKurobane","animator:Saitama","animator:Chris","animator:Ainz","animator:MumenRider","animator:GuildGirl","Injury"],"relics":["animator:LivingPicture","animator:TheMissingPiece","NeowsBlessing","hubris:SlimyHat","animator:WornHelmet","hubris:Towel","ReplayTheSpireMod:CursedCoin","halation:BlackBeret","Strawberry","Boot","hubris:HollowSoul"],"acts_visited":["Exordium","TheCity"],"potions_floor_usage":[16,16,18],"damage_taken":[{"damage":0.0,"enemies":"Jaw Worm","floor":1.0,"turns":1.0},{"damage":0.0,"enemies":"conspire:MimicChest","floor":2.0,"turns":1.0},{"damage":0,"enemies":"Gremlin Nob","floor":8,"turns":1},{"damage":4,"enemies":"2 Louse","floor":11,"turns":3},{"damage":0,"enemies":"Small Slimes","floor":14,"turns":3},{"damage":0,"enemies":"Fading Forest","floor":16,"turns":11},{"damage":6,"enemies":"Shell Parasite","floor":18,"turns":5},{"damage":9,"enemies":"Spheric Guardian","floor":20,"turns":5},{"damage":17,"enemies":"Nightmare","floor":23,"turns":6}],"seed_played":"-7772305080962852217","potions_obtained":[{"floor":2.0,"key":"ColorlessPotion"},{"floor":11,"key":"Block Potion"},{"floor":14,"key":"Adrenaline Potion"}],"is_trial":false,"path_per_floor":["M","?","T","?","$","R","$","E","T","R","M","$","?","M","R","B",null,"M","$","M","?","?","NM"],"character_chosen":"THE_ANIMATOR","items_purchased":["ReplayTheSpireMod:CursedCoin","animator:SayakaMiki","Boot","animator:NagisaMomoe","animator:GuildGirl"],"campfire_rested":0,"item_purchase_floors":[5,5,12,12,19],"current_hp_per_floor":[66,66,66,66,66,66,66,66,73,73,69,69,69,72,72,73,73,68,68,62,62,62,0,0],"gold":139,"neow_bonus":"THREE_ENEMY_KILL","is_daily":false,"chose_seed":false,"campfire_upgraded":2,"win_rate":0.0,"timestamp":1612029679,"path_taken":["M","?","?","?","?","R","$","E","T","R","?","?","?","M","R","BOSS","M","?","?","?","?","NM"],"items_purchased_type":["Relic","Card","Relic","Card","Card"],"build_version":"2020-11-17","purchased_purges":1,"victory":false,"max_hp_per_floor":[66,66,66,66,66,66,66,66,73,73,73,73,73,73,73,73,73,74,74,74,74,74,74,74],"card_choices":[{"not_picked":["animator:Layla","animator:IrohaTamaki"],"picked":"animator:YuiTsuruno","floor":1.0},{"not_picked":["animator:Witch","animator:Darkness"],"picked":"animator:DolaStephanie","floor":8},{"not_picked":["animator:Jibril","animator:LizardPriest"],"picked":"animator:Shalltear","floor":11},{"not_picked":["animator:IzunaHatsuse","animator:Sonic"],"picked":"animator:Saitama","floor":14},{"not_picked":["animator:Sora","animator:Wiz"],"picked":"animator:Ainz","floor":16},{"not_picked":["animator:Mitsurugi","animator:Priestess+1"],"picked":"animator:MumenRider","floor":18},{"not_picked":["animator:OrikoMikuni","animator:Witch","animator:ChaikaBohdan"],"picked":"SKIP","floor":20}],"player_experience":114378,"relics_obtained":[{"floor":2.0,"key":"hubris:SlimyHat"},{"floor":3.0,"key":"animator:WornHelmet"},{"floor":8,"key":"halation:BlackBeret"},{"floor":9,"key":"Strawberry"}],"event_choices":[{"damage_healed":0,"gold_gain":0,"player_choice":"2 cards matched","damage_taken":0,"max_hp_gain":0,"max_hp_loss":0,"event_name":"Match and Keep!","floor":13,"gold_loss":0,"cards_obtained":["animator:Wiz","animator:MisaKurobane"]},{"damage_healed":0,"gold_gain":0,"player_choice":"2 cards matched","damage_taken":0,"max_hp_gain":0,"max_hp_loss":0,"event_name":"Match and Keep!","floor":13,"gold_loss":0,"cards_obtained":["animator:Wiz","animator:MisaKurobane"]},{"damage_healed":0,"gold_gain":0,"player_choice":"1 cards matched","damage_taken":0,"max_hp_gain":0,"max_hp_loss":0,"event_name":"Match and Keep!","floor":22,"gold_loss":0,"cards_obtained":["Injury"]}],"is_beta":true,"boss_relics":[{"not_picked":["halation:Yufonium","Astrolabe"],"picked":"hubris:HollowSoul"}],"items_purged_floors":[5],"is_endless":false,"potions_floor_spawned":[2,11,14],"killed_by":"Nightmare","ascension_level":0}}