{"host":"farxtl2u8hmkbdo2","time":1612026534,"event":{"mods":["A Magickal Journey","BaseMod","Better Altar","Better Note","Better Sensory Stone","Better Skull","Better Third Choice","Challenge The Spire","Colored Map","Colored Powertips","Current Relic Mod","Energized Spire","Fox Events","Gremlin Mod","Hermit","Hubris","Mimic Mod","Minty Spire (QoL Compilation)","Quick Restart","READ ME - Guardian Mod","READ ME - Snecko Mod","Rare Cards Sparkle","StSLib","The Bladedancer","The Bug Knight","The Cursed","The Disciple","The Hierophant","The Marked","The Necromancer","The Runesmith","Transform Curses"],"gold_per_floor":[115,68,68,87,18,18,18,45,45,56,76,76,76,83,83,37,37],"floor_reached":16,"language":"SPA","playtime":715,"items_purged":[],"score":183,"play_id":"7fe23a94-a319-4216-b736-1d4c00c2c54c","local_time":"20210130140854","is_ascension_mode":true,"campfire_choices":[{"data":"Sunder","floor":6,"key":"SMITH"},{"data":"hierophant:PristineSoul","floor":12,"key":"SMITH"},{"data":"hierophant:Anathema","floor":15,"key":"SMITH"}],"circlet_count":0,"master_deck":["Jack Of All Trades+1","hierophant:Strike_Hierophant","hierophant:Strike_Hierophant","hierophant:Strike_Hierophant","hierophant:Strike_Hierophant","hierophant:Punish","hierophant:Defend_Hierophant","hierophant:Defend_Hierophant","hierophant:Defend_Hierophant","hierophant:ChurchCoffers","Forethought","hierophant:Zeal","hierophant:PassingBell","Sunder+1","hierophant:Endure","hierophant:Encroach","hierophant:RepressedViolence","hierophant:Anathema+1","hierophant:PristineSoul+1","hierophant:Prophecy","hierophant:AuricShield"],"relics":["hierophant:PropheticMaskRelic","Oddly Smooth Stone","Anchor","Sundial","Blue Candle","Strawberry"],"acts_visited":["Exordium"],"potions_floor_usage":[14,16],"damage_taken":[{"damage":4.0,"enemies":"Jaw Worm","floor":1.0,"turns":3.0},{"damage":0,"enemies":"Small Slimes","floor":4,"turns":1},{"damage":23,"enemies":"Gremlin Nob","floor":8,"turns":5},{"damage":0,"enemies":"2 Louse","floor":10,"turns":3},{"damage":0,"enemies":"3 Sentries","floor":11,"turns":6},{"damage":0,"enemies":"Lagavulin","floor":14,"turns":4},{"damage":24,"enemies":"Hexaghost","floor":16,"turns":9}],"seed_played":"7971100524737188813","potions_obtained":[{"floor":1.0,"key":"SteroidPotion"},{"floor":8,"key":"Fire Potion"},{"floor":10,"key":"Explosive Potion"}],"is_trial":false,"path_per_floor":["M","$","?","M","$","R","$","E","T","M","E","R","?","E","R","B"],"character_chosen":"HIEROPHANT","items_purchased":["hierophant:PassingBell","hierophant:Encroach","hierophant:RepressedViolence"],"campfire_rested":0,"item_purchase_floors":[2,5,5],"current_hp_per_floor":[71,71,45,45,45,45,45,22,22,22,22,22,15,22,22,0,0],"gold":37,"neow_bonus":"RANDOM_COLORLESS","is_daily":false,"chose_seed":false,"campfire_upgraded":3,"win_rate":0.0,"timestamp":1612026534,"path_taken":["M","$","?","M","$","R","$","E","T","M","E","R","?","E","R","BOSS"],"items_purchased_type":["Card","Card","Card"],"build_version":"2020-12-22","purchased_purges":0,"victory":false,"max_hp_per_floor":[75,75,75,75,75,75,75,75,75,75,75,75,75,82,82,82,82],"card_choices":[{"not_picked":["Purity","Madness"],"picked":"Forethought","floor":0.0},{"not_picked":["hierophant:PassingBell","hierophant:Encroach"],"picked":"hierophant:Zeal","floor":1.0},{"not_picked":["hierophant:Community","hierophant:MorningPrayer"],"picked":"hierophant:Endure","floor":4},{"not_picked":["hierophant:Shelter","hierophant:RepressedViolence"],"picked":"hierophant:Anathema","floor":8},{"not_picked":["hierophant:Shelter","hierophant:Upheaval"],"picked":"hierophant:PristineSoul","floor":10},{"not_picked":["hierophant:Purify","hierophant:ArchangelShield"],"picked":"hierophant:Prophecy","floor":11},{"not_picked":["hierophant:OrnateBuckler","hierophant:DeathKnell"],"picked":"hierophant:AuricShield","floor":14}],"player_experience":1967115,"relics_obtained":[{"floor":8,"key":"Anchor"},{"floor":9,"key":"Sundial"},{"floor":11,"key":"Blue Candle"},{"floor":14,"key":"Strawberry"}],"event_choices":[{"cards_removed":["hierophant:Defend_Hierophant"],"damage_healed":0,"gold_gain":0,"player_choice":"Card Removal","damage_taken":7,"max_hp_gain":0,"max_hp_loss":0,"event_name":"Golden Wing","floor":13,"gold_loss":0}],"is_beta":false,"boss_relics":[],"items_purged_floors":[],"is_endless":false,"potions_floor_spawned":[1,8,10,11],"killed_by":"Hexaghost","ascension_level":2}}