{"host":"r10yh36zs2k9z1sa","time":1612029074,"event":{"mods":["AchievementEnabler","Act Like it!","Aspiration","Astrologer","BaseMod","Colored Map","Conspire","Decade(¤ý¤p©ú)","Gensokyo","Hermit","Highlight Path","KinomotoSakuraMod(¤ì¤§¥»?)","Koishi","Marisa¡]Ãú«B¡@Å]²z¨F¡^","Minty Spire (QoL Compilation)","Permanent Neow","Quick Restart","Reimu¡]³Õ???¡^","Remilia¡]Á¢¦Ì²ú?¡^","StSLib","SuperFastMode","The Administrix","The Blackbeard","The Bug Knight","The Cursed","The Gatherer","The Mystic","The Saiyan","The Senshi","The Servant 0.9.4","Youmu¡]»î¾z§¯?¡^","Yuri Mod","Yuyuko"],"gold_per_floor":[117,127,127,146,221,221,265,289,337,337,355,530,565,565,565,688,688,711,355,371,371,402,402,438,537,563,588,606,606,637,147,147,271,271,286,347,410,410,434,434,468,493,566,185,219,46,46,46,46,46],"floor_reached":51,"language":"ZHS","playtime":16579,"items_purged":["Gatherer:Strike_Gatherer","Gatherer:Strike_Gatherer"],"score":799,"play_id":"231da3f0-d279-4f83-91c2-6592ad2f41c6","local_time":"20210131015114","is_ascension_mode":false,"metric_token":2133,"campfire_choices":[{"data":"Gatherer:Centralize","floor":6,"key":"SMITH"},{"floor":10,"key":"REST"},{"data":"Gatherer:BalancedGrowth","floor":15,"key":"SMITH"},{"floor":23,"key":"REST"},{"data":"Gatherer:BlackTea","floor":29,"key":"SMITH"},{"data":"Apotheosis","floor":32,"key":"SMITH"},{"data":"Gatherer:Defend_Gatherer","floor":40,"key":"PURGE"},{"data":"Gatherer:Strike_Gatherer","floor":47,"key":"PURGE"},{"data":"Gatherer:WoolGloves","floor":49,"key":"PURGE"}],"circlet_count":0,"master_deck":["Gatherer:Strike_Gatherer","Gatherer:Defend_Gatherer","Gatherer:Defend_Gatherer","Gatherer:Defend_Gatherer","Gatherer:Centralize+1","Gatherer:FlowerWhip+2","Gatherer:Solidify","Gatherer:BambuSword","Gatherer:Snatch","Gatherer:FinishingStrike","Gatherer:MiningStrike","Gatherer:BalancedGrowth+1","Gatherer:BlackTea+1","Gatherer:QuickSynthesis+1","Gatherer:FruitForce","Gatherer:FlowerShield+3","Gatherer:FragileHammer","Gatherer:EnergyBasket","Apotheosis+1","Gatherer:Nutrients","Gatherer:MindSearch","Gatherer:Nutrients+1","Gatherer:UpgradeBag+1","Gatherer:FinishingStrike","Gatherer:Liquidism+1","Gatherer:MiningStrike+1","Chrysalis"],"relics":["Gatherer:AlchemyBag","Golden Idol","Peace Pipe","Mastiff:ReiMu","ScarletDevilRocket","Busted Crown","CrazyTorch:ReiMu","HornCleat","Red Mask","aspiration:StickyExplosives_weak","Nunchaku","Strawberry","Anchor","Coffee Dripper","CatCart","Molten Egg 2","Art of War","Medical Kit","Bronze Scales"],"acts_visited":["Exordium","TheCity","TheBeyond"],"potions_floor_usage":[11,18,24,36,50,50],"damage_taken":[{"damage":1,"enemies":"Jaw Worm","floor":1,"turns":4},{"damage":2,"enemies":"Small Slimes","floor":2,"turns":5},{"damage":0,"enemies":"2 Louse","floor":4,"turns":3},{"damage":20,"enemies":"Gremlin Nob","floor":7,"turns":4},{"damage":2,"enemies":"Large Slime","floor":8,"turns":8},{"damage":8,"enemies":"Exordium Thugs","floor":11,"turns":3},{"damage":3,"enemies":"3 Sentries","floor":13,"turns":5},{"damage":14,"enemies":"Hexaghost","floor":16,"turns":14},{"damage":41,"enemies":"conspire:FuzzyDice","floor":18,"turns":6},{"damage":0,"enemies":"Chosen","floor":20,"turns":3},{"damage":8,"enemies":"Masked Bandits","floor":22,"turns":4},{"damage":3,"enemies":"Gremlin Leader","floor":24,"turns":6},{"damage":8,"enemies":"Centurion and Healer","floor":27,"turns":2},{"damage":0,"enemies":"conspire:HollyBat","floor":28,"turns":8},{"damage":0,"enemies":"Slavers","floor":30,"turns":4},{"damage":6,"enemies":"Automaton","floor":33,"turns":10},{"damage":0,"enemies":"Orb Walker","floor":35,"turns":3},{"damage":17,"enemies":"Orin","floor":36,"turns":9},{"damage":0,"enemies":"Mind Bloom Boss Battle","floor":37,"turns":5},{"damage":0,"enemies":"3 Darklings","floor":39,"turns":4},{"damage":0,"enemies":"Reptomancer","floor":41,"turns":6},{"damage":0,"enemies":"Jaw Worm Horde","floor":42,"turns":3},{"damage":0,"enemies":"Nemesis","floor":45,"turns":5},{"damage":16,"enemies":"Donu and Deca","floor":50,"turns":8}],"seed_played":"-8069140444921285268","potions_obtained":[{"floor":7,"key":"Fire Potion"},{"floor":13,"key":"Ancient Potion"},{"floor":16,"key":"SneckoOil"},{"floor":20,"key":"LiquidBronze"},{"floor":28,"key":"SpeedPotion"},{"floor":30,"key":"SneckoOil"},{"floor":33,"key":"BlessingOfTheForge"},{"floor":39,"key":"ColorlessPotion"}],"is_trial":false,"path_per_floor":["M","M","?","M","?","R","E","M","T","R","M","?","E","?","R","B",null,"M","$","M","?","?","R","E","?","T","M","M","R","E","$","R","B",null,"M","?","?","?","M","R","E","M","T","$","E","$","R","?","R","B",null],"character_chosen":"THE_GATHERER","items_purchased":["Gatherer:FruitForce","CrazyTorch:ReiMu","Apotheosis","Anchor","Gatherer:Nutrients","Art of War","Medical Kit","Gatherer:MiningStrike+1","Chrysalis"],"campfire_rested":2,"item_purchase_floors":[19,19,31,31,31,44,44,44,46],"current_hp_per_floor":[71,69,51,51,40,40,20,18,18,39,31,31,28,28,28,14,72,31,35,35,28,20,42,39,39,39,31,31,31,38,38,38,32,83,83,66,66,66,66,66,66,66,66,66,66,66,66,66,66,50],"gold":46,"neow_bonus":"REMOVE_CARD","is_daily":false,"chose_seed":false,"campfire_upgraded":4,"win_rate":0.0,"timestamp":1612029074,"path_taken":["M","M","?","M","?","R","E","M","T","R","M","?","E","?","R","BOSS","M","$","M","?","?","R","E","?","T","M","?","R","E","$","R","BOSS","M","?","?","?","?","R","E","M","T","$","E","$","R","?","R","BOSS"],"items_purchased_type":["Card","Relic","Card","Relic","Card","Relic","Relic","Card","Card"],"build_version":"2020-12-22","purchased_purges":2,"victory":true,"max_hp_per_floor":[72,72,72,72,72,72,72,72,72,72,72,72,72,72,72,72,72,72,76,76,76,76,76,76,76,76,76,76,76,83,83,83,83,83,83,83,83,83,83,83,83,83,83,83,83,83,83,83,83,83],"card_choices":[{"not_picked":["Gatherer:CarefulStrike","Gatherer:DrugPower","Gatherer:WoolGloves"],"picked":"SKIP","floor":1},{"not_picked":["Gatherer:UpgradeBag","Gatherer:OddSpoils"],"picked":"Gatherer:Solidify","floor":2},{"not_picked":["Gatherer:DrugPower","Gatherer:Frenzy"],"picked":"Gatherer:BambuSword","floor":4},{"not_picked":["Gatherer:AromaProtection","Gatherer:DrugPower"],"picked":"Gatherer:Snatch","floor":7},{"not_picked":["Gatherer:FlowerFalling","Gatherer:Frenzy"],"picked":"Gatherer:FinishingStrike","floor":8},{"not_picked":["Gatherer:FlowerShield","Gatherer:DrugPower"],"picked":"Gatherer:MiningStrike","floor":11},{"not_picked":["Gatherer:FlowerBeam","Gatherer:ScherryThrow"],"picked":"Gatherer:BalancedGrowth","floor":13},{"not_picked":["Gatherer:ColorfulGarden","Gatherer:ScrollOfPurity"],"picked":"Gatherer:BlackTea","floor":16},{"not_picked":[],"picked":"Gatherer:QuickSynthesis+1","floor":18},{"not_picked":["Gatherer:TacticalStrike"],"picked":"SKIP","floor":20},{"not_picked":[],"picked":"Gatherer:FlowerShield+1","floor":22},{"not_picked":["Gatherer:RecipeChange"],"picked":"SKIP","floor":24},{"not_picked":["Gatherer:FlowerPower"],"picked":"SKIP","floor":27},{"not_picked":[],"picked":"Gatherer:FragileHammer","floor":28},{"not_picked":[],"picked":"Gatherer:EnergyBasket","floor":30},{"not_picked":[],"picked":"Gatherer:MindSearch","floor":33},{"not_picked":["Gatherer:FlowerPower+1"],"picked":"SKIP","floor":35},{"not_picked":[],"picked":"Gatherer:Nutrients+1","floor":37},{"not_picked":[],"picked":"Gatherer:UpgradeBag+1","floor":39},{"not_picked":[],"picked":"Gatherer:FinishingStrike","floor":41},{"not_picked":[],"picked":"Gatherer:Liquidism+1","floor":42},{"not_picked":["Gatherer:DrugPower+1"],"picked":"SKIP","floor":45}],"player_experience":374504,"relics_obtained":[{"floor":7,"key":"Peace Pipe"},{"floor":9,"key":"Mastiff:ReiMu"},{"floor":13,"key":"ScarletDevilRocket"},{"floor":22,"key":"Red Mask"},{"floor":24,"key":"aspiration:StickyExplosives_weak"},{"floor":26,"key":"Nunchaku"},{"floor":30,"key":"Strawberry"},{"floor":36,"key":"CatCart"},{"floor":43,"key":"Molten Egg 2"},{"floor":45,"key":"Bronze Scales"}],"event_choices":[{"damage_healed":0,"gold_gain":0,"player_choice":"Take Damage","damage_taken":18,"relics_obtained":["Golden Idol"],"max_hp_gain":0,"max_hp_loss":0,"event_name":"Golden Idol","floor":3,"gold_loss":0},{"damage_healed":0,"gold_gain":75,"player_choice":"Gather Gold","damage_taken":11,"max_hp_gain":0,"max_hp_loss":0,"event_name":"World of Goop","floor":5,"gold_loss":0},{"damage_healed":0,"gold_gain":175,"player_choice":"AGREE","damage_taken":0,"max_hp_gain":0,"max_hp_loss":0,"event_name":"Liars Game","floor":12,"gold_loss":0,"cards_obtained":["Doubt"]},{"cards_removed":["Doubt"],"damage_healed":0,"gold_gain":0,"player_choice":"Purged","damage_taken":0,"max_hp_gain":0,"max_hp_loss":0,"event_name":"Purifier","floor":14,"gold_loss":0},{"damage_healed":0,"gold_gain":0,"player_choice":"HornCleat","damage_taken":0,"relics_obtained":["HornCleat"],"max_hp_gain":0,"max_hp_loss":0,"event_name":"blackbeard:ShipwreckEvent","floor":21,"gold_loss":0},{"damage_healed":0,"gold_gain":0,"player_choice":"Fought Bandits","damage_taken":0,"max_hp_gain":0,"max_hp_loss":0,"event_name":"Masked Bandits","floor":22,"gold_loss":0},{"damage_healed":0,"gold_gain":99,"player_choice":"Stole From Cult","damage_taken":0,"max_hp_gain":0,"max_hp_loss":0,"event_name":"Nest","floor":25,"gold_loss":0},{"damage_healed":0,"gold_gain":0,"player_choice":"Fight","damage_taken":0,"max_hp_gain":0,"max_hp_loss":0,"event_name":"OrinTheCat","floor":36,"gold_loss":0},{"damage_healed":0,"gold_gain":0,"player_choice":"Fight","damage_taken":0,"max_hp_gain":0,"max_hp_loss":0,"event_name":"MindBloom","floor":37,"gold_loss":0},{"cards_removed":["Gatherer:Defend_Gatherer"],"damage_healed":0,"gold_gain":0,"player_choice":"Removed Skill","damage_taken":0,"max_hp_gain":0,"max_hp_loss":0,"event_name":"Falling","floor":38,"gold_loss":0},{"damage_healed":0,"gold_gain":0,"player_choice":"1 cards matched","damage_taken":0,"max_hp_gain":0,"max_hp_loss":0,"event_name":"Match and Keep!","floor":48,"gold_loss":0,"cards_obtained":["Gatherer:WoolGloves"]}],"is_beta":false,"boss_relics":[{"not_picked":["Tiny House","Runic Dome"],"picked":"Busted Crown"},{"not_picked":["aspiration:FutureDiary","Astrolabe"],"picked":"Coffee Dripper"}],"items_purged_floors":[19,31],"is_endless":false,"potions_floor_spawned":[7,13,16,20,28,30,33,35,39,45],"ascension_level":0}}