{"host":"appz8zkad29u9482","time":1612020301,"event":{"mods":["100% Spire Juice","2.2 Compatiblity","Act Like it!","Aspiration","Bard","BaseMod","Beaked The Cultist","Better Altar","Better Match","Better Note","Better Sensory Stone","Better Skull","Better Third Choice","BetterRewards","CapriCore","Conspire","Disable Question Mark Monsters","Energized Spire","GifTheSpireLib","Gold Saver","Halation","Hermit","Hubris","Jedi Mod","Marisa????????","Minty Spire (QoL Compilation)","Permanent Neow","Replay The Spire","Spicy Shops","Spire Arcade","StSLib","Strawberry Spire","Stuff the Spire","The Cursed","The Immortal","yUi"],"gold_per_floor":[168,179,179,179,28,28,38,99,99,99,24,49,19,36,36,132,132,132,132],"floor_reached":18,"language":"ENG","playtime":822,"items_purged":["Clumsy"],"score":245,"play_id":"f3bb6997-3be8-4014-a9b8-e27c5183c21e","local_time":"20210130052501","is_ascension_mode":true,"campfire_choices":[{"data":"ReplayTheSpireMod:RavenHex","floor":10,"key":"SMITH"}],"circlet_count":0,"master_deck":["beaked:Strike_Y","beaked:Strike_Y","beaked:Strike_Y","beaked:Strike_Y","beaked:Strike_Y","beaked:Strike_Y","beaked:Defend_Y","beaked:Defend_Y","beaked:Defend_Y","beaked:Defend_Y","beaked:Ceremony","beaked:Ceremony+1","beaked:Ceremony","ReplayTheSpireMod:Prepare the Ceremony","ReplayTheSpireMod:RavenHex+1","jedi:forcepull","beaked:MaddeningMurmurs","ReplayTheSpireMod:RavenHex","beaked:WindBringer","beaked:HuntressSpirit","beaked:DarkPact","Hallucinations","ReplayTheSpireMod:Restless Dread","hubris:Envy"],"relics":["beaked:MendingPlumage","halation:LettersToHer","strawberrySpire:Dreamfruit","Toy Ornithopter","StuffTheSpire:Experiment12","StuffTheSpire:SapphireSignet","betterThird:SlimedRelic","Replay:Ancient Bell","hubris:OldNail","Kunai","Mango"],"acts_visited":["Exordium","TheCity"],"potions_floor_usage":[8],"damage_taken":[{"damage":5,"enemies":"2 Louse","floor":1,"turns":3},{"damage":3,"enemies":"Small Slimes","floor":2,"turns":3},{"damage":5,"enemies":"Jaw Worm","floor":7,"turns":5},{"damage":14,"enemies":"Lagavulin Event","floor":8,"turns":7},{"damage":0,"enemies":"Lagavulin","floor":12,"turns":6},{"damage":0,"enemies":"Looter","floor":14,"turns":3},{"damage":0,"enemies":"Hexaghost","floor":16,"turns":10},{"damage":0,"enemies":"conspire:FuzzyDice","floor":18,"turns":1}],"seed_played":"4351400220848028383","potions_obtained":[{"floor":1,"key":"Weak Potion"},{"floor":12,"key":"SneckoOil"},{"floor":14,"key":"Fire Potion"}],"is_trial":false,"path_per_floor":["M","M","?","?","$","R","M","?","T","R","$","E","?","M","R","B",null,"M"],"character_chosen":"BEAKED_THE_CULTIST","items_purchased":["halation:LettersToHer"],"campfire_rested":0,"item_purchase_floors":[5],"current_hp_per_floor":[48,50,50,50,50,50,50,50,50,50,50,50,39,50,50,50,64,64,64],"gold":132,"neow_bonus":"RANDOM_EVENT","is_daily":false,"chose_seed":false,"campfire_upgraded":1,"win_rate":0.0,"timestamp":1612020301,"path_taken":["M","M","?","?","$","R","M","?","T","R","$","E","?","M","R","BOSS","M"],"items_purchased_type":["Relic"],"build_version":"2020-12-22","purchased_purges":1,"victory":false,"max_hp_per_floor":[50,50,50,50,50,50,50,50,50,50,50,50,50,50,50,50,64,64,64],"card_choices":[{"not_picked":["beaked:HuntressSpirit","beaked:CursingBlood"],"picked":"ReplayTheSpireMod:Prepare the Ceremony","floor":1},{"not_picked":["beaked:Cower","beaked:Tradeoff"],"picked":"ReplayTheSpireMod:RavenHex","floor":2},{"not_picked":["ReplayTheSpireMod:Uncanny Aura","Survey Options"],"picked":"jedi:forcepull","floor":4},{"not_picked":["beaked:Daydream","beaked:CursingBlood"],"picked":"beaked:MaddeningMurmurs","floor":7},{"not_picked":["beaked:TuckingFeathers","beaked:Brace"],"picked":"ReplayTheSpireMod:RavenHex","floor":8},{"not_picked":["beaked:TuckingFeathers","beaked:Roost"],"picked":"beaked:WindBringer","floor":12},{"not_picked":["beaked:Resilience","beaked:Daydream"],"picked":"beaked:HuntressSpirit","floor":14},{"not_picked":["beaked:ShadowFade","beaked:MachineEssence"],"picked":"beaked:DarkPact","floor":16},{"not_picked":["Normality","Regret"],"picked":"Hallucinations","floor":17},{"not_picked":["conspire:NecroticWound","strawberrySpire:AscendersBanana"],"picked":"ReplayTheSpireMod:Restless Dread","floor":17},{"not_picked":["Pain","Languid"],"picked":"hubris:Envy","floor":17}],"player_experience":553228,"relics_obtained":[{"floor":6,"key":"strawberrySpire:Dreamfruit"},{"floor":9,"key":"halation:LettersToHer"},{"floor":9,"key":"StuffTheSpire:Experiment12"},{"floor":12,"key":"StuffTheSpire:SapphireSignet"}],"event_choices":[{"damage_healed":0,"gold_gain":1,"player_choice":"1","damage_taken":0,"max_hp_gain":0,"max_hp_loss":0,"event_name":"betterStone:BetterStone","floor":4,"gold_loss":0},{"damage_healed":0,"gold_gain":0,"player_choice":"Searched \u00272\u0027 times","damage_taken":0,"relics_obtained":["Toy Ornithopter"],"max_hp_gain":0,"max_hp_loss":0,"event_name":"Dead Adventurer","floor":8,"gold_loss":0},{"damage_healed":0,"gold_gain":0,"player_choice":"Slimed","damage_taken":11,"max_hp_gain":0,"max_hp_loss":0,"event_name":"betterThird:BetterGoop","floor":13,"gold_loss":30}],"is_beta":false,"boss_relics":[{"not_picked":["jedi:battlestandard","Runic Dome"],"picked":"Replay:Ancient Bell"},{"not_picked":["StuffTheSpire:GrapeVine","strawberrySpire:MawJerky"],"picked":"hubris:OldNail"},{"not_picked":["Ornamental Fan","halation:BottledLove"],"picked":"Kunai"},{"not_picked":["FossilizedHelix","Turnip"],"picked":"Mango"}],"items_purged_floors":[11],"is_endless":false,"potions_floor_spawned":[1,12,14],"killed_by":"conspire:FuzzyDice","ascension_level":1}}