{"host":"o67iw34xdwlyp80a","time":1612032095,"event":{"mods":["BaseMod","Minty Spire (QoL Compilation)","Relic Stats","StSLib"],"gold_per_floor":[113,113,288,309,309,342,342,31,31,31,56,92,92,112,112,112,112],"floor_reached":16,"language":"ENG","playtime":740,"items_purged":["Doubt"],"score":180,"play_id":"be2e6a12-acf0-47ce-8033-59fa4fcd3f59","local_time":"20210130184135","is_ascension_mode":true,"campfire_choices":[{"data":"Dual Wield","floor":13,"key":"SMITH"},{"data":"Searing Blow","floor":15,"key":"SMITH"}],"circlet_count":0,"master_deck":["Strike_R+1","Strike_R","Strike_R","Strike_R","Strike_R","Defend_R","Defend_R","Defend_R","Defend_R","Bash","Anger","Seeing Red+1","Feel No Pain","Dual Wield+1","Shrug It Off","Anger","Flex","Searing Blow+1"],"relics":["Burning Blood","NeowsBlessing","Golden Idol","Toy Ornithopter","Akabeko","Turnip","HornCleat"],"acts_visited":["Exordium"],"potions_floor_usage":[12,12],"damage_taken":[{"damage":0,"enemies":"Jaw Worm","floor":1,"turns":1},{"damage":0,"enemies":"2 Louse","floor":4,"turns":1},{"damage":0,"enemies":"Gremlin Nob","floor":6,"turns":1},{"damage":0,"enemies":"Small Slimes","floor":11,"turns":4},{"damage":23,"enemies":"3 Sentries","floor":12,"turns":8},{"damage":1,"enemies":"3 Louse","floor":14,"turns":3},{"damage":62,"enemies":"The Guardian","floor":16,"turns":9}],"seed_played":"-2384493122110163977","potions_obtained":[{"floor":1,"key":"Dexterity Potion"},{"floor":4,"key":"LiquidBronze"}],"is_trial":false,"path_per_floor":["M","?","?","M","?","E","?","$","T","$","M","E","R","M","R","B"],"character_chosen":"IRONCLAD","items_purchased":["Akabeko","Dual Wield","Shrug It Off"],"campfire_rested":0,"item_purchase_floors":[8,8,8],"current_hp_per_floor":[78,58,58,64,69,75,58,58,58,58,64,57,57,62,62,0,0],"gold":112,"neow_bonus":"THREE_ENEMY_KILL","is_daily":false,"chose_seed":false,"campfire_upgraded":2,"win_rate":0.0,"timestamp":1612032095,"path_taken":["M","?","?","M","?","E","?","$","T","?","M","E","R","M","R","BOSS"],"items_purchased_type":["Relic","Card","Card"],"build_version":"2020-12-22","purchased_purges":1,"victory":false,"max_hp_per_floor":[80,80,80,80,85,85,85,85,85,85,85,85,85,85,85,85,85],"relic_stats":{"counters":[7,27],"Golden Idol":27,"Turnip":[2],"obtain_stats":[{"HornCleat":12,"NeowsBlessing":0,"Golden Idol":2,"Turnip":9,"Burning Blood":0,"Toy Ornithopter":6,"Akabeko":8},{"HornCleat":5,"NeowsBlessing":0,"Golden Idol":1,"Turnip":3,"Burning Blood":0,"Toy Ornithopter":3,"Akabeko":3},{"HornCleat":15,"NeowsBlessing":0,"Golden Idol":1,"Turnip":3,"Burning Blood":0,"Toy Ornithopter":3,"Akabeko":3}],"Burning Blood":36,"Toy Ornithopter":10},"card_choices":[{"not_picked":["Dark Embrace","Shrug It Off"],"picked":"Anger","floor":1},{"not_picked":["Intimidate","Rampage"],"picked":"Seeing Red","floor":4},{"not_picked":["Clash","Heavy Blade"],"picked":"Feel No Pain","floor":6},{"not_picked":["Perfected Strike","Whirlwind"],"picked":"Anger","floor":11},{"not_picked":["Carnage","Offering"],"picked":"Flex","floor":12},{"not_picked":["Dual Wield","Anger"],"picked":"Searing Blow","floor":14}],"player_experience":1119516,"relics_obtained":[{"floor":6,"key":"Toy Ornithopter"},{"floor":9,"key":"Turnip"},{"floor":12,"key":"HornCleat"}],"event_choices":[{"damage_healed":0,"gold_gain":0,"player_choice":"Take Damage","damage_taken":20,"relics_obtained":["Golden Idol"],"max_hp_gain":0,"max_hp_loss":0,"event_name":"Golden Idol","floor":2,"gold_loss":0},{"damage_healed":0,"gold_gain":175,"player_choice":"AGREE","damage_taken":0,"max_hp_gain":0,"max_hp_loss":0,"event_name":"Liars Game","floor":3,"gold_loss":0,"cards_obtained":["Doubt"]},{"damage_healed":0,"gold_gain":0,"player_choice":"Donut","damage_taken":0,"max_hp_gain":5,"max_hp_loss":0,"event_name":"Big Fish","floor":5,"gold_loss":0},{"damage_healed":0,"gold_gain":0,"player_choice":"Entered Light","damage_taken":17,"max_hp_gain":0,"max_hp_loss":0,"event_name":"Shining Light","floor":7,"gold_loss":0,"cards_upgraded":["Strike_R","Seeing Red"]}],"is_beta":false,"boss_relics":[],"items_purged_floors":[8],"is_endless":false,"potions_floor_spawned":[1,4],"killed_by":"The Guardian","ascension_level":7}}