{"host":"twbuyd87gsx4w7po","time":1612006630,"event":{"mods":["BaseMod","Downfall","Minty Spire (QoL Compilation)","StSLib"],"gold_per_floor":[99,109,125,137,137,157,157,171,171,206,220,253,269,298,312,312,312,312],"floor_reached":16,"language":"ENG","playtime":1105,"items_purged":[],"score":166,"play_id":"66efcb3b-8018-449c-8cc0-a8dc23edfb9b","local_time":"20210130033710","is_ascension_mode":true,"campfire_choices":[{"data":"champ:Taunt","floor":1,"key":"SMITH"},{"data":"champ:UltimateStance","floor":9,"key":"SMITH"}],"circlet_count":0,"master_deck":["champ:Strike","champ:Strike","champ:Strike","champ:Strike","champ:Defend","champ:Defend","champ:Defend","champ:Defend","champ:Execute","champ:Taunt+1","champ:UltimateStance+1","champ:BerserkersShout","champ:BladeFlurry","champ:BerserkersShout","champ:StanceDance","champ:EnchantSword","champ:BringItOn","champ:ArenaPreparation","champ:BladeFlurry","champ:Encircle"],"relics":["champ:ChampionCrown","FaceOfCleric","Guardian:GemstoneGun","CaptainsWheel","PreservedInsect","Anchor"],"acts_visited":["Exordium"],"potions_floor_usage":[6,10,10,10,11,16,16],"damage_taken":[{"damage":12,"enemies":"Cultist","floor":2,"turns":4},{"damage":21,"enemies":"Small Slimes","floor":3,"turns":4},{"damage":11,"enemies":"2 Louse","floor":4,"turns":3},{"damage":51,"enemies":"Gremlin Gang","floor":6,"turns":6},{"damage":30,"enemies":"Exordium Wildlife","floor":8,"turns":3},{"damage":61,"enemies":"Lagavulin","floor":10,"turns":5},{"damage":30,"enemies":"2 Fungi Beasts","floor":11,"turns":3},{"damage":44,"enemies":"Gremlin Nob","floor":12,"turns":5},{"damage":31,"enemies":"Blue Slaver","floor":13,"turns":4},{"damage":45,"enemies":"Lagavulin","floor":14,"turns":4},{"damage":35,"enemies":"Exordium Thugs","floor":15,"turns":4},{"damage":126,"enemies":"WA_ARCHETYPE_RETAIN","floor":16,"turns":7}],"seed_played":"1600096914539936223","potions_obtained":[{"floor":4,"key":"Energy Potion"},{"floor":6,"key":"ColorlessPotion"},{"floor":8,"key":"EntropicBrew"},{"floor":10,"key":"bronze:BurnAndBuffPotion"},{"floor":14,"key":"Weak Potion"}],"is_trial":false,"path_per_floor":["R","M","M","M","?","M","T","M","R","E","M","E","M","E","M","B"],"character_chosen":"THE_CHAMP","items_purchased":[],"campfire_rested":0,"item_purchase_floors":[],"current_hp_per_floor":[90,88,87,86,86,81,81,82,82,72,73,60,50,51,52,0,0,0],"gold":312,"neow_bonus":"ONE_RANDOM_RARE_CARD","is_daily":false,"chose_seed":false,"campfire_upgraded":2,"win_rate":0.0,"timestamp":1612006630,"path_taken":["R","M","M","?","?","M","T","?","R","E","M","E","M","E","M","BOSS"],"items_purchased_type":[],"build_version":"2020-12-22","purchased_purges":0,"victory":false,"max_hp_per_floor":[90,90,90,90,90,91,91,92,92,93,94,95,96,97,98,98,98,98],"card_choices":[{"not_picked":["champ:ShieldWall","champ:RisingSlash"],"picked":"champ:BerserkersShout","floor":2},{"not_picked":["champ:Parry","champ:Circumvent"],"picked":"champ:BladeFlurry","floor":3},{"not_picked":["champ:Circumvent","champ:PreemptiveStrike","champ:BladeFlurry"],"picked":"SKIP","floor":4},{"not_picked":["champ:FalseCounter","champ:ShieldSigil"],"picked":"champ:BerserkersShout","floor":6},{"not_picked":["champ:BladeFlurry","champ:BerserkersShout"],"picked":"champ:StanceDance","floor":8},{"not_picked":["champ:FancyFootwork","champ:Shatter"],"picked":"champ:EnchantSword","floor":10},{"not_picked":["champ:GutPunch","champ:Backstep"],"picked":"champ:BringItOn","floor":11},{"not_picked":["champ:CrookedStrike","champ:RisingSlash","champ:BerserkersShout"],"picked":"SKIP","floor":12},{"not_picked":["champ:ShieldSigil","champ:CrownThrow"],"picked":"champ:ArenaPreparation","floor":13},{"not_picked":["champ:FancyFootwork","champ:FocusedDefense"],"picked":"champ:BladeFlurry","floor":14},{"not_picked":["champ:Parry","champ:Circumvent"],"picked":"champ:Encircle","floor":15}],"player_experience":393711,"relics_obtained":[{"floor":7,"key":"Guardian:GemstoneGun"},{"floor":10,"key":"CaptainsWheel"},{"floor":12,"key":"PreservedInsect"},{"floor":14,"key":"Anchor"}],"event_choices":[{"damage_healed":0,"gold_gain":0,"player_choice":"Trade","damage_taken":0,"relics_obtained":["FaceOfCleric"],"max_hp_gain":0,"max_hp_loss":0,"event_name":"FaceTrader","floor":5,"gold_loss":0}],"is_beta":false,"boss_relics":[],"items_purged_floors":[],"is_endless":false,"potions_floor_spawned":[4,6,8,10,14],"killed_by":"WA_ARCHETYPE_RETAIN","ascension_level":2}}