{"host":"hqsnl0mtmp1qafm7","time":1612007291,"event":{"mods":["AchievementEnabler","Aspiration","BaseMod","Better Altar","Better Match","Better Note","Better Sensory Stone","Better Skull","Better Third Choice","Colored Map","Colored Powertips","Conspire","Curses Come First","Downfall","Friendly Minions","Hermit","Highlight Path","Hubris","Ironclad Rager","Minty Spire (QoL Compilation)","Monster B Gone","Permanent Neow","Quick Restart","Rare Cards Sparkle","Reliquary","Replay The Spire","Retaliation","Shop Mod","Smile Girya","StSLib","The Blue Laboratory","The Runesmith","Wandering Minibosses","egg","thorton"],"gold_per_floor":[109,209,229,229,245,278,278,293,293,310,310,310,341,362,362,492,492,526,526,547,527,561,561,569,569],"floor_reached":24,"language":"ENG","playtime":1265,"items_purged":[],"score":208,"play_id":"51444087-b06e-4954-b2f6-cd2bb2a23a04","local_time":"20210130064811","is_ascension_mode":false,"campfire_choices":[{"data":"hermit:Snapshot","floor":7.0,"key":"SMITH"},{"data":"hermit:Brawl","floor":12.0,"key":"SMITH"},{"floor":15.0,"key":"REST"},{"floor":23.0,"key":"REST"}],"circlet_count":0,"master_deck":["hermit:Strike_Hermit","hermit:Strike_Hermit","hermit:Strike_Hermit","hermit:Defend_Hermit","hermit:Defend_Hermit","hermit:Defend_Hermit","hermit:Snapshot+1","hermit:Covet","hermit:Glare","hermit:Maintenance+1","hermit:Deadeye","hermit:Vantage","hermit:Brawl+1","hermit:BodyArmor","hermit:Magnum","hermit:Determination+1","Pain"],"relics":["hermit:Momento","hermit:Spyglass","Peace Pipe","Golden Idol","Replay:Bandana","hubris:RunicObelisk","WarpedTongs"],"acts_visited":["Exordium","TheCity"],"potions_floor_usage":[24],"damage_taken":[{"damage":8.0,"enemies":"Small Slimes","floor":1.0,"turns":4.0},{"damage":0.0,"enemies":"Cultist","floor":3.0,"turns":3.0},{"damage":0.0,"enemies":"2 Louse","floor":5.0,"turns":2.0},{"damage":4.0,"enemies":"Lagavulin","floor":6.0,"turns":6.0},{"damage":12.0,"enemies":"2 Fungi Beasts","floor":8.0,"turns":3.0},{"damage":2.0,"enemies":"Looter","floor":10.0,"turns":3.0},{"damage":24.0,"enemies":"Gremlin Nob","floor":13.0,"turns":4.0},{"damage":1.0,"enemies":"Large Slime","floor":14.0,"turns":7.0},{"damage":18.0,"enemies":"Slime Boss","floor":16.0,"turns":14.0},{"damage":22.0,"enemies":"3 Byrds","floor":18.0,"turns":5.0},{"damage":15.0,"enemies":"Shell Parasite","floor":20.0,"turns":6.0},{"damage":17.0,"enemies":"Centurion and Healer","floor":22.0,"turns":5.0},{"damage":27,"enemies":"Slavers","floor":24,"turns":5}],"seed_played":"6803546433431758726","potions_obtained":[{"floor":6.0,"key":"Guardian:BlockOnCardUsePotion"},{"floor":10.0,"key":"blueLaboratory:FrostheartPotion"},{"floor":13.0,"key":"champ:CounterPotion"},{"floor":14.0,"key":"blueLaboratory:BottleOfVodka"},{"floor":20.0,"key":"DDmod:CleansePotion"},{"floor":21.0,"key":"blueLaboratory:PyrophylliteBrew"}],"is_trial":false,"path_per_floor":["M","?","M","?","M","E","R","M","T","M","?","R","E","M","R","B",null,"M","?","M","?","M","R","E"],"character_chosen":"HERMIT","items_purchased":[],"campfire_rested":2,"item_purchase_floors":[],"current_hp_per_floor":[60,60,60,60,60,56,56,44,44,42,42,42,18,17,35,17,63,41,41,26,26,9,27,0,0],"gold":569,"neow_bonus":"REMOVE_TWO","is_daily":false,"chose_seed":false,"campfire_upgraded":2,"win_rate":0.0,"timestamp":1612007291,"path_taken":["M","?","?","?","?","E","R","M","T","M","?","R","E","M","R","BOSS","M","?","M","?","?","R","E"],"items_purchased_type":[],"build_version":"2020-12-22","purchased_purges":0,"victory":false,"max_hp_per_floor":[68,68,68,68,68,68,68,68,68,68,63,63,63,63,63,63,63,63,63,63,63,63,63,63,63],"card_choices":[{"not_picked":["hermit:WideOpen","hermit:Feint"],"picked":"hermit:Glare","floor":1.0},{"not_picked":["hermit:TrackingShot","hermit:Snipe"],"picked":"hermit:Maintenance","floor":3.0},{"not_picked":["hermit:DeadMansHand","hermit:Glare"],"picked":"hermit:Deadeye","floor":5.0},{"not_picked":["hermit:Malice","hermit:Roulette","hermit:ItchyTrigger"],"picked":"SKIP","floor":6.0},{"not_picked":["hermit:Glare","hermit:DeadMansHand"],"picked":"hermit:Vantage","floor":8.0},{"not_picked":["hermit:HeroicBravado","hermit:Quickdraw"],"picked":"hermit:Brawl","floor":10.0},{"not_picked":["hermit:Combo","hermit:NoHoldsBarred"],"picked":"hermit:BodyArmor","floor":13.0},{"not_picked":["hermit:Spite","hermit:Combo","hermit:Brawl"],"picked":"SKIP","floor":14.0},{"not_picked":["hermit:Purgatory","hermit:Reprieve"],"picked":"hermit:Magnum","floor":16.0},{"not_picked":["hermit:Ricochet","hermit:GoldenBullet+1"],"picked":"hermit:Determination+1","floor":18.0},{"not_picked":["hermit:Roulette","hermit:Coalescence","hermit:DeadMansHand"],"picked":"SKIP","floor":20.0},{"not_picked":["hermit:Feint","hermit:WideOpen","hermit:Cheat"],"picked":"SKIP","floor":22.0}],"player_experience":106331,"relics_obtained":[{"floor":6.0,"key":"hermit:Spyglass"},{"floor":9.0,"key":"Peace Pipe"},{"floor":13.0,"key":"Replay:Bandana"}],"event_choices":[{"damage_healed":0.0,"max_hp_gain":0.0,"max_hp_loss":0.0,"gold_gain":100.0,"event_name":"Golden Shrine","player_choice":"Pray","floor":2.0,"gold_loss":0.0,"damage_taken":0.0},{"damage_healed":0.0,"max_hp_gain":0.0,"max_hp_loss":0.0,"gold_gain":0.0,"event_name":"Upgrade Shrine","player_choice":"Upgraded","floor":4.0,"gold_loss":0.0,"damage_taken":0.0,"cards_upgraded":["hermit:Maintenance"]},{"damage_healed":0.0,"max_hp_gain":0.0,"max_hp_loss":5.0,"gold_gain":0.0,"event_name":"Golden Idol","player_choice":"Lose Max HP","floor":11.0,"gold_loss":0.0,"damage_taken":0.0,"relics_obtained":["Golden Idol"]},{"damage_healed":0.0,"max_hp_gain":0.0,"max_hp_loss":0.0,"gold_gain":0.0,"event_name":"Accursed Blacksmith","player_choice":"Rummage","floor":19.0,"gold_loss":0.0,"damage_taken":0.0,"relics_obtained":["WarpedTongs"],"cards_obtained":["Pain"]},{"damage_healed":0.0,"max_hp_gain":0.0,"max_hp_loss":0.0,"gold_gain":0.0,"event_name":"The Woman in Blue","player_choice":"Bought 1 Potion","floor":21.0,"gold_loss":0.0,"damage_taken":0.0}],"is_beta":false,"boss_relics":[{"not_picked":["Snecko Eye","conspire:RoyalGoblet"],"picked":"hubris:RunicObelisk"}],"items_purged_floors":[],"is_endless":false,"potions_floor_spawned":[6,10,13,14,20],"killed_by":"Slavers","ascension_level":0}}