{"host":"ffjrj7fisyni1ebk","time":1612030461,"event":{"mods":["2.2 Compatiblity","BaseMod","Bestiary","Colored Map","Colored Powertips","Curses Come First","Highlight Path","Keyboard Shortcuts","Minty Spire (QoL Compilation)","Relic Stats","Slay the Relics Exporter","StSLib","SuperFastMode"],"gold_per_floor":[118,137,155,105,105,64,34,63,89,89,164,189,207,235,235,332,332,352,363,139,155,165,165,0,0,25,48,0,0,18,18,18,18,18],"floor_reached":33,"language":"ENG","playtime":1750,"items_purged":["Defend_G"],"score":253,"play_id":"cba596a1-8ad3-404a-822a-5699d1bd9347","local_time":"20210130201421","is_ascension_mode":false,"campfire_choices":[{"floor":10.0,"key":"REST"},{"floor":15.0,"key":"REST"},{"floor":29,"key":"REST"},{"floor":32,"key":"RECALL"}],"circlet_count":0,"master_deck":["Defend_G","Defend_G","Defend_G","Defend_G","Survivor","Neutralize","Accuracy","Deflect","Dash","Venomology","Noxious Fumes","Slice","Blade Dance","A Thousand Cuts","Predator+1","Terror+1","Catalyst+1","PiercingWail","Catalyst+1","Venomology","Accuracy","Flechettes+1"],"relics":["SacredBark","Art of War","Snake Skull","Omamori","Tiny Chest","Astrolabe","MealTicket","Dream Catcher","Lantern"],"acts_visited":["Exordium","TheCity"],"potions_floor_usage":[30,30,30,30,33,33],"damage_taken":[{"damage":2.0,"enemies":"Small Slimes","floor":1.0,"turns":5.0},{"damage":2.0,"enemies":"Jaw Worm","floor":2.0,"turns":6.0},{"damage":0.0,"enemies":"2 Louse","floor":3.0,"turns":4.0},{"damage":0.0,"enemies":"Looter","floor":7.0,"turns":4.0},{"damage":66.0,"enemies":"Gremlin Nob","floor":8.0,"turns":7.0},{"damage":1.0,"enemies":"2 Fungi Beasts","floor":13.0,"turns":2.0},{"damage":17.0,"enemies":"Lagavulin","floor":14.0,"turns":10.0},{"damage":29.0,"enemies":"Hexaghost","floor":16.0,"turns":11.0},{"damage":12.0,"enemies":"3 Byrds","floor":18.0,"turns":4.0},{"damage":15.0,"enemies":"Spheric Guardian","floor":19.0,"turns":5.0},{"damage":17.0,"enemies":"Shelled Parasite and Fungi","floor":21.0,"turns":6.0},{"damage":11.0,"enemies":"Sentry and Sphere","floor":22.0,"turns":5.0},{"damage":7,"enemies":"Centurion and Healer","floor":30,"turns":5},{"damage":70,"enemies":"Collector","floor":33,"turns":7}],"seed_played":"-3820982271803269501","potions_obtained":[{"floor":3.0,"key":"PowerPotion"},{"floor":14.0,"key":"Swift Potion"},{"floor":16.0,"key":"Strength Potion"},{"floor":22.0,"key":"Weak Potion"}],"is_trial":false,"path_per_floor":["M","M","M","?","?","$","M","E","T","R","?","T","M","E","R","B",null,"M","M","$","M","M","?","?","?","T","T","$","R","M","?","R","B"],"character_chosen":"THE_SILENT","items_purchased":["Noxious Fumes","MealTicket","SteroidPotion"],"campfire_rested":3,"item_purchase_floors":[6,20,28],"current_hp_per_floor":[68,66,66,66,66,66,66,19,19,40,29,29,28,11,32,3,70,58,43,43,26,15,15,15,15,15,15,30,51,44,67,67,0,0],"gold":18,"neow_bonus":"BOSS_RELIC","is_daily":false,"chose_seed":false,"campfire_upgraded":0,"win_rate":0.0,"timestamp":1612030461,"path_taken":["M","M","M","?","?","$","M","E","T","R","?","?","M","E","R","BOSS","M","M","$","M","M","?","?","?","T","?","$","R","M","?","R","BOSS"],"items_purchased_type":["Card","Relic","Potion"],"build_version":"2020-12-22","purchased_purges":1,"victory":false,"max_hp_per_floor":[70,70,70,70,70,70,70,70,70,70,70,70,70,70,70,70,70,70,70,70,70,70,70,70,70,70,70,70,70,70,70,70,70,70],"relic_stats":{"Dream Catcher":1,"counters":[14,81],"Astrolabe":["Predator","Terror","Catalyst"],"Tiny Chest":1,"MealTicket":15,"Snake Skull":[43],"Art of War":[6],"obtain_stats":[{"Dream Catcher":26,"Lantern":27,"SacredBark":0,"Astrolabe":17,"Tiny Chest":14,"MealTicket":20,"Snake Skull":9,"Art of War":8,"Omamori":12,"Ring of the Snake":0},{"Dream Catcher":12,"Lantern":12,"SacredBark":0,"Astrolabe":8,"Tiny Chest":7,"MealTicket":10,"Snake Skull":5,"Art of War":5,"Omamori":5,"Ring of the Snake":0},{"Dream Catcher":69,"Lantern":69,"SacredBark":0,"Astrolabe":49,"Tiny Chest":38,"MealTicket":58,"Snake Skull":26,"Art of War":26,"Omamori":26,"Ring of the Snake":0}]},"card_choices":[{"not_picked":["Slice","Backflip"],"picked":"Accuracy","floor":1.0},{"not_picked":["Dagger Spray","Heel Hook"],"picked":"Deflect","floor":2.0},{"not_picked":["Dagger Throw","Underhanded Strike"],"picked":"Dash","floor":3.0},{"not_picked":["Quick Slash","Outmaneuver"],"picked":"Slice","floor":7.0},{"not_picked":["Glass Knife","Dagger Throw","Sucker Punch"],"picked":"SKIP","floor":8.0},{"not_picked":["Deflect","Outmaneuver","Acrobatics"],"picked":"SKIP","floor":13.0},{"not_picked":["Heel Hook","Cloak And Dagger"],"picked":"Blade Dance","floor":14.0},{"not_picked":["Unload","Night Terror"],"picked":"A Thousand Cuts","floor":16.0},{"not_picked":["Dagger Spray","Bane+1"],"picked":"PiercingWail","floor":18.0},{"not_picked":["Dodge and Roll","Bane","Endless Agony"],"picked":"SKIP","floor":19.0},{"not_picked":["Well Laid Plans","Choke+1","Quick Slash"],"picked":"SKIP","floor":21.0},{"not_picked":["Dash","Bouncing Flask+1"],"picked":"Catalyst+1","floor":22.0},{"not_picked":["Dash","Outmaneuver+1"],"picked":"Accuracy","floor":29},{"not_picked":["Caltrops+1","Dagger Throw+1"],"picked":"Flechettes+1","floor":30}],"player_experience":284858,"relics_obtained":[{"floor":8.0,"key":"Art of War"},{"floor":9.0,"key":"Snake Skull"},{"floor":12.0,"key":"Omamori"},{"floor":14.0,"key":"Tiny Chest"},{"floor":26,"key":"Dream Catcher"},{"floor":27,"key":"Lantern"}],"event_choices":[{"cards_removed":["Strike_G"],"damage_healed":0.0,"max_hp_gain":0.0,"max_hp_loss":0.0,"gold_gain":0.0,"event_name":"The Cleric","player_choice":"Card Removal","floor":4.0,"gold_loss":50.0,"damage_taken":0.0},{"damage_healed":0.0,"max_hp_gain":0.0,"max_hp_loss":0.0,"gold_gain":0.0,"cards_transformed":["Strike_G"],"event_name":"Living Wall","player_choice":"Change","floor":5.0,"gold_loss":0.0,"damage_taken":0.0,"cards_obtained":["Venomology"]},{"damage_healed":0.0,"max_hp_gain":0.0,"max_hp_loss":0.0,"gold_gain":75.0,"event_name":"World of Goop","player_choice":"Gather Gold","floor":11.0,"gold_loss":0.0,"damage_taken":11.0},{"damage_healed":0,"gold_gain":0,"player_choice":"Ignored","damage_taken":0,"max_hp_gain":0,"max_hp_loss":0,"event_name":"Cursed Tome","floor":23,"gold_loss":0},{"damage_healed":0,"gold_gain":0,"player_choice":"Paid Fearfully","damage_taken":0,"max_hp_gain":0,"max_hp_loss":0,"event_name":"Masked Bandits","floor":24,"gold_loss":165},{"damage_healed":0,"gold_gain":0,"player_choice":"Copied","damage_taken":0,"max_hp_gain":0,"max_hp_loss":0,"event_name":"Duplicator","floor":25,"gold_loss":0,"cards_obtained":["Venomology"]},{"damage_healed":23,"gold_gain":0,"player_choice":"Heal","damage_taken":0,"max_hp_gain":0,"max_hp_loss":0,"event_name":"The Library","floor":31,"gold_loss":0}],"is_beta":false,"boss_relics":[{"not_picked":["WristBlade","SlaversCollar"],"picked":"Astrolabe"}],"items_purged_floors":[20],"is_endless":false,"potions_floor_spawned":[3,14,16,22],"killed_by":"Collector","ascension_level":0}}