{"host":"d54lcqy5t45er8jx","time":1612021648,"event":{"mods":["2.2 Compatiblity","BaseMod","CapriCore","Defuse TimeMaze Blight","Hermit","Hubris","Infinite Spire","Marisa£¨Ùöéë¡¡Øª×âÞÞ£©","Minty Spire (QoL Compilation)","Rare Cards Sparkle","Relic Stats","StSLib","The Animator","The Cursed","The Immortal","The Servant 0.9.4","WarShipGirlsR/??á´Ò³R mod"],"gold_per_floor":[130,130,205,235,245,272,272,311,335,335,361,156,156,175,175,175,175],"floor_reached":16,"language":"ENG","playtime":831,"items_purged":["animator:Strike"],"score":118,"play_id":"f9bbaa3c-e9ea-4e60-91dc-1ab83511d643","local_time":"20210131004728","daily_mods":["Heirloom","DeadlyEvents","Elite Swarm","Uncertain Future"],"is_ascension_mode":false,"campfire_choices":[{"data":"animator:KrulTepes","floor":7,"key":"SMITH"},{"data":"animator:Guren","floor":10,"key":"SMITH"},{"data":"animator:ZankiKiguchi","floor":15,"key":"SMITH"}],"circlet_count":0,"master_deck":["animator:Strike_OwariNoSeraph","animator:Defend_OwariNoSeraph","animator:Strike","animator:Defend","animator:Defend","animator:Defend","animator:Shinoa","animator:Mikaela","animator:HiiragiShinya","animator:DolaCouronne","animator:KrulTepes+1","animator:Guren+1","animator:Boros","animator:ZankiKiguchi+1"],"relics":["animator:LivingPicture","animator:TheMissingPiece","animator:PurgingStone","animator:HeavyHalberd","Smiling Mask","Blood Vial","hubris:ToyBattleship","animator:WornHelmet","hubris:OldNail","hubris:TenFootPole","Darkstone Periapt"],"acts_visited":["Exordium"],"potions_floor_usage":[6,8,11],"damage_taken":[{"damage":0,"enemies":"Jaw Worm","floor":1,"turns":4},{"damage":0,"enemies":"2 Louse","floor":4,"turns":3},{"damage":0,"enemies":"Small Slimes","floor":5,"turns":4},{"damage":21,"enemies":"Gremlin Nob","floor":6,"turns":5},{"damage":9,"enemies":"3 Sentries","floor":8,"turns":8},{"damage":9,"enemies":"Lagavulin","floor":11,"turns":7},{"damage":0,"enemies":"Exordium Wildlife","floor":14,"turns":4},{"damage":22,"enemies":"Hexaghost","floor":16,"turns":11}],"seed_played":"-2876497108642601681","potions_obtained":[{"floor":5,"key":"CultistPotion"},{"floor":6,"key":"ColorlessPotion"},{"floor":8,"key":"infinitespire:BlackPotion"},{"floor":11,"key":"ColorlessPotion"}],"is_trial":true,"path_per_floor":["M","?","?","M","M","E","R","E","T","R","E","$","?","M","R","B"],"character_chosen":"THE_ANIMATOR","items_purchased":["hubris:TenFootPole"],"campfire_rested":0,"item_purchase_floors":[12],"current_hp_per_floor":[66,59,48,48,48,28,28,19,19,19,12,12,12,14,14,0,0],"gold":175,"neow_bonus":"","is_daily":false,"chose_seed":false,"campfire_upgraded":3,"win_rate":0.0,"timestamp":1612021648,"path_taken":["M","?","?","M","M","E","R","E","T","R","E","$","?","M","R","BOSS"],"items_purchased_type":["Relic"],"build_version":"2020-12-22","purchased_purges":1,"victory":false,"max_hp_per_floor":[66,66,66,66,66,67,67,67,67,67,67,67,67,67,67,67,67],"relic_stats":{"Blood Vial":6,"Darkstone Periapt":0,"counters":[8,46],"Smiling Mask":25,"obtain_stats":[{"Blood Vial":8,"Darkstone Periapt":13,"animator:PurgingStone":0,"animator:TheMissingPiece":0,"animator:LivingPicture":0,"hubris:ToyBattleship":8,"hubris:TenFootPole":12,"animator:HeavyHalberd":0,"animator:WornHelmet":9,"Smiling Mask":6,"hubris:OldNail":11},{"Blood Vial":5,"Darkstone Periapt":6,"animator:PurgingStone":0,"animator:TheMissingPiece":0,"animator:LivingPicture":0,"hubris:ToyBattleship":5,"hubris:TenFootPole":6,"animator:HeavyHalberd":0,"animator:WornHelmet":5,"Smiling Mask":4,"hubris:OldNail":6},{"Blood Vial":24,"Darkstone Periapt":31,"animator:PurgingStone":0,"animator:TheMissingPiece":0,"animator:LivingPicture":0,"hubris:ToyBattleship":24,"hubris:TenFootPole":31,"animator:HeavyHalberd":0,"animator:WornHelmet":24,"Smiling Mask":16,"hubris:OldNail":31}]},"card_choices":[{"not_picked":["animator:Nanami","animator:Shichika"],"picked":"animator:HiiragiShinya","floor":1},{"not_picked":["animator:Geryuganshoop","animator:Melzalgald"],"picked":"animator:DolaCouronne","floor":4},{"not_picked":["animator:Tet","animator:Aisha","animator:Lancer"],"picked":"SKIP","floor":5},{"not_picked":["animator:Yoichi","animator:HiiragiShinya"],"picked":"animator:KrulTepes","floor":6},{"not_picked":["animator:HomuraAkemi","animator:PinaCoLada"],"picked":"animator:Guren","floor":8},{"not_picked":["animator:Shiro","animator:Biyorigo"],"picked":"animator:Boros","floor":11},{"not_picked":["animator:Yoichi","animator:DolaSchwi"],"picked":"animator:ZankiKiguchi","floor":14}],"player_experience":937242,"relics_obtained":[{"floor":6,"key":"Smiling Mask"},{"floor":8,"key":"Blood Vial"},{"floor":8,"key":"hubris:ToyBattleship"},{"floor":9,"key":"animator:WornHelmet"},{"floor":11,"key":"hubris:OldNail"}],"event_choices":[{"cards_removed":["animator:Strike"],"damage_healed":0,"gold_gain":0,"player_choice":"Card Removal","damage_taken":7,"max_hp_gain":0,"max_hp_loss":0,"event_name":"Golden Wing","floor":2,"gold_loss":0},{"damage_healed":0,"gold_gain":75,"player_choice":"Gather Gold","damage_taken":11,"max_hp_gain":0,"max_hp_loss":0,"event_name":"World of Goop","floor":3,"gold_loss":0},{"damage_healed":0,"gold_gain":0,"player_choice":"Gave Potion","damage_taken":0,"relics_obtained":["Darkstone Periapt"],"max_hp_gain":0,"max_hp_loss":0,"event_name":"WeMeetAgain","floor":13,"gold_loss":0}],"is_beta":false,"boss_relics":[],"items_purged_floors":[12],"is_endless":false,"potions_floor_spawned":[5,6,8,11],"killed_by":"Hexaghost","ascension_level":0}}