{"host":"3j2m8n0ywf988fwb","time":1612000419,"event":{"mods":["2.2 Compatiblity","AchievementEnabler","Aspiration","BaseMod","Better Altar","Better Match","Better Note","Better Sensory Stone","Better Skull","Better Third Choice","CCEM2","ChefMod","Colored Map","Colored Powertips","Conspire","Dark Map","Energized Spire","GifTheSpireLib","Halation","Highlight Path","Hubris","Infinite Spire","Jedi Mod","Marked Mod","Mimic Mod","Minty Spire (QoL Compilation)","Monster B Gone","Random Character Button","Relic Filter Mod","Relic Stats","Reliquary","Replay The Spire","Robot Space Explorer","Shop Mod","Somnambulant","StS++","StSLib","Stuff the Spire","The Bug Knight","The Hierophant","The Runesmith","TheSurvivalist","Unceasing Turn Reminder","Weighted Paths","everything is the same but u backflip on backflip"],"gold_per_floor":[109,109,143,161,161,161,15,26,51,51,67,242,34,62,62,161,161,176,186,96,96,121,154,154,154],"floor_reached":24,"language":"ENG","playtime":1192,"items_purged":["Doubt"],"score":233,"play_id":"98168319-61f7-4306-9575-0bfb8f3128cc","local_time":"20210130035339","is_ascension_mode":true,"campfire_choices":[{"floor":6,"key":"REST"},{"floor":10,"key":"REST"},{"floor":15,"key":"REST"}],"circlet_count":0,"master_deck":["somnambulantmod: SomnambulantStrike","somnambulantmod: SomnambulantStrike","somnambulantmod: SomnambulantStrike+1","somnambulantmod: Defend_Somnambulant","somnambulantmod: Defend_Somnambulant","somnambulantmod: Defend_Somnambulant","somnambulantmod: Defend_Somnambulant","somnambulantmod: Defend_Somnambulant","somnambulantmod: QuickNap+1","somnambulantmod: PrimingPunch","somnambulantmod: SleepingBody","somnambulantmod: UnthoughtKnown+1","somnambulantmod: MuscleMemory","somnambulantmod: Pinch","somnambulantmod: DeeperSleep+1","somnambulantmod: Pinch","somnambulantmod: Damping","somnambulantmod: HeadSmack","Crow Ritual+1","somnambulantmod: LoseForm"],"relics":["somnambulantmod: DreamJournal","Torii","hubris:Icosahedron","halation:Thesaurus","CCEMRelics:GrindingGear","infinitespire:Joker Card","CCEMRelics:TransientCore","CCEMRelics:FestiveHat","aspiration:DSix"],"acts_visited":["Exordium","TheCity"],"potions_floor_usage":[16,18,19,23,24,24],"damage_taken":[{"damage":16,"enemies":"Cultist","floor":1,"turns":4},{"damage":15,"enemies":"conspire:MimicChest","floor":3,"turns":7},{"damage":0,"enemies":"conspire:RoseBush","floor":4,"turns":3},{"damage":7,"enemies":"Small Slimes","floor":8,"turns":4},{"damage":9,"enemies":"Red Slaver","floor":11,"turns":6},{"damage":19,"enemies":"3 Sentries","floor":14,"turns":8},{"damage":17,"enemies":"Slime Boss","floor":16,"turns":7},{"damage":59,"enemies":"Shell Parasite","floor":18,"turns":6},{"damage":12,"enemies":"3 Byrds","floor":19,"turns":8},{"damage":15,"enemies":"HollowMod:Nosk","floor":23,"turns":8},{"damage":20,"enemies":"Shelled Parasite and Fungi","floor":24,"turns":3}],"seed_played":"-7333726785764483993","potions_obtained":[{"floor":3,"key":"Weak Potion"},{"floor":8,"key":"Weak Potion"},{"floor":16,"key":"FearPotion"},{"floor":19,"key":"jedi:StrikingPotion"},{"floor":23,"key":"EssenceOfSteel"}],"is_trial":false,"path_per_floor":["M","?","?","M","?","R","$","M","T","R","M","?","$","E","R","B",null,"M","M","?","?","T","E","M"],"character_chosen":"THE_SOMNAMBULANT","items_purchased":["halation:Thesaurus","somnambulantmod: DeeperSleep","somnambulantmod: Pinch"],"campfire_rested":3,"item_purchase_floors":[7,13,13],"current_hp_per_floor":[54,69,54,54,54,72,72,65,65,74,65,65,65,46,70,53,76,22,16,16,16,16,7,0,0],"gold":154,"neow_bonus":"RANDOM_COMMON_RELIC","is_daily":false,"chose_seed":false,"campfire_upgraded":0,"win_rate":0.0,"timestamp":1612000419,"path_taken":["M","?","?","?","?","R","?","M","T","R","M","?","$","E","R","BOSS","M","M","?","?","?","E","?"],"items_purchased_type":["Relic","Card","Card"],"build_version":"2020-12-22","purchased_purges":1,"victory":false,"max_hp_per_floor":[70,70,70,70,70,72,72,72,72,74,74,74,74,74,76,76,76,77,76,76,76,76,75,78,78],"relic_stats":{"Torii":24,"counters":[11,64],"obtain_stats":[{"CCEMRelics:TransientCore":17,"hubris:Icosahedron":5,"Torii":3,"CCEMRelics:FestiveHat":22,"CCEMRelics:SoftDrink":0,"somnambulantmod: DreamJournal":0,"CCEMRelics:GrindingGear":7,"infinitespire:Joker Card":14,"halation:Thesaurus":7,"aspiration:DSix":23},{"CCEMRelics:TransientCore":7,"hubris:Icosahedron":3,"Torii":2,"CCEMRelics:FestiveHat":9,"CCEMRelics:SoftDrink":0,"somnambulantmod: DreamJournal":0,"CCEMRelics:GrindingGear":3,"infinitespire:Joker Card":6,"halation:Thesaurus":3,"aspiration:DSix":10},{"CCEMRelics:TransientCore":39,"hubris:Icosahedron":14,"Torii":11,"CCEMRelics:FestiveHat":53,"CCEMRelics:SoftDrink":0,"somnambulantmod: DreamJournal":0,"CCEMRelics:GrindingGear":14,"infinitespire:Joker Card":32,"halation:Thesaurus":14,"aspiration:DSix":61}]},"card_choices":[{"not_picked":["somnambulantmod: DreamBig","somnambulantmod: SnuggleUp"],"picked":"somnambulantmod: SleepingBody","floor":1},{"not_picked":["somnambulantmod: Extract","somnambulantmod: Bloom"],"picked":"somnambulantmod: UnthoughtKnown","floor":3},{"not_picked":["somnambulantmod: ShimmeringVeil","somnambulantmod: TimeCompression","somnambulantmod: Wake"],"picked":"SKIP","floor":4},{"not_picked":["somnambulantmod: Repression","somnambulantmod: NightmareFuel"],"picked":"somnambulantmod: MuscleMemory","floor":8},{"not_picked":["somnambulantmod: BadIdea","somnambulantmod: HeadSmack"],"picked":"somnambulantmod: Pinch","floor":11},{"not_picked":["somnambulantmod: TimeCompression","somnambulantmod: PillowFort","somnambulantmod: MuscleMemory"],"picked":"SKIP","floor":14},{"not_picked":["somnambulantmod: SleepParalysis","somnambulantmod: NightHaunts"],"picked":"somnambulantmod: Damping","floor":16},{"not_picked":["somnambulantmod: Nosebleed","somnambulantmod: Bloom+1","somnambulantmod: LeechFears+1"],"picked":"SKIP","floor":18},{"not_picked":["somnambulantmod: Sleepyhead","somnambulantmod: Cower+1","somnambulantmod: SleepingBody+1"],"picked":"SKIP","floor":19},{"not_picked":["Replay:Dark Deal+1","StuffTheSpire:FreeRealEstate+1"],"picked":"Crow Ritual+1","floor":23},{"not_picked":["somnambulantmod: HorrificThought","somnambulantmod: LeechFears"],"picked":"somnambulantmod: LoseForm","floor":23}],"player_experience":976833,"relics_obtained":[{"floor":3,"key":"Torii"},{"floor":14,"key":"infinitespire:Joker Card"},{"floor":22,"key":"CCEMRelics:FestiveHat"},{"floor":23,"key":"aspiration:DSix"}],"event_choices":[{"damage_healed":0,"gold_gain":175,"player_choice":"AGREE","damage_taken":67,"max_hp_gain":0,"max_hp_loss":0,"event_name":"betterThird:BetterSerpent","floor":12,"gold_loss":0},{"cards_removed":["somnambulantmod: SomnambulantStrike"],"damage_healed":0,"gold_gain":0,"player_choice":"Upgrade and Remove","damage_taken":0,"max_hp_gain":0,"max_hp_loss":0,"event_name":"Designer","floor":20,"gold_loss":90,"cards_upgraded":["somnambulantmod: DeeperSleep"]},{"damage_healed":0,"gold_gain":0,"cards_transformed":["somnambulantmod: SomnambulantStrike"],"player_choice":"Transformed","damage_taken":0,"max_hp_gain":0,"max_hp_loss":0,"event_name":"Transmorgrifier","floor":21,"gold_loss":0,"cards_obtained":["somnambulantmod: HeadSmack"]}],"is_beta":false,"boss_relics":[{"not_picked":["energizedSpire:OgreHead","Replay:Drink Me"],"picked":"CCEMRelics:TransientCore"}],"items_purged_floors":[13],"is_endless":false,"potions_floor_spawned":[3,8,16,19,23],"killed_by":"Shelled Parasite and Fungi","ascension_level":2}}