{"host":"opg65mucj6ra7dr1","time":1612023846,"event":{"mods":["BaseMod","DeckTracker","Keyboard Shortcuts","Minty Spire (QoL Compilation)","Permanent Neow","Quick Restart","everything is the same but u backflip on backflip"],"gold_per_floor":[110,185,185,196,209,209,223,223,223],"floor_reached":8,"language":"KOR","playtime":339,"items_purged":[],"score":72,"play_id":"5f8e997f-3655-401f-9958-feb6630c176c","local_time":"20210131012406","is_ascension_mode":true,"campfire_choices":[{"data":"Neutralize","floor":6.0,"key":"SMITH"}],"circlet_count":0,"master_deck":["AscendersBane","Strike_G","Strike_G","Strike_G","Strike_G","Defend_G","Defend_G","Defend_G","Defend_G","Defend_G","Survivor","Neutralize+1","Grand Finale","Dagger Throw","Escape Plan"],"relics":["Ring of the Snake"],"acts_visited":["Exordium"],"potions_floor_usage":[8,8],"damage_taken":[{"damage":1.0,"enemies":"2 Louse","floor":1.0,"turns":4.0},{"damage":13.0,"enemies":"Small Slimes","floor":4.0,"turns":8.0},{"damage":0.0,"enemies":"Jaw Worm","floor":5.0,"turns":7.0},{"damage":6.0,"enemies":"Large Slime","floor":7.0,"turns":10.0},{"damage":22,"enemies":"3 Sentries","floor":8,"turns":7}],"seed_played":"6317905166182627825","potions_obtained":[{"floor":1.0,"key":"ColorlessPotion"},{"floor":7.0,"key":"GhostInAJar"}],"is_trial":false,"path_per_floor":["M","?","?","M","M","R","M","E"],"character_chosen":"THE_SILENT","items_purchased":[],"campfire_rested":0,"item_purchase_floors":[],"current_hp_per_floor":[62,51,44,31,31,31,25,3,3],"gold":223,"neow_bonus":"ONE_RANDOM_RARE_CARD","is_daily":false,"chose_seed":false,"campfire_upgraded":1,"win_rate":0.0,"timestamp":1612023846,"path_taken":["M","?","?","M","?","R","M","E"],"items_purchased_type":[],"build_version":"2020-12-22","purchased_purges":0,"victory":false,"max_hp_per_floor":[70,70,70,70,70,70,70,70,70],"card_choices":[{"not_picked":["Leg Sweep","Blade Dance","Cloak And Dagger"],"picked":"SKIP","floor":1.0},{"not_picked":["Accuracy","Bane","Outmaneuver"],"picked":"SKIP","floor":4.0},{"not_picked":["Outmaneuver","Backstab"],"picked":"Dagger Throw","floor":5.0},{"not_picked":["Underhanded Strike","Dagger Throw"],"picked":"Escape Plan","floor":7.0}],"player_experience":161270,"relics_obtained":[],"event_choices":[{"damage_healed":0.0,"max_hp_gain":0.0,"max_hp_loss":0.0,"gold_gain":75.0,"event_name":"World of Goop","player_choice":"Gather Gold","floor":2.0,"gold_loss":0.0,"damage_taken":11.0},{"cards_removed":["Strike_G"],"damage_healed":0.0,"max_hp_gain":0.0,"max_hp_loss":0.0,"gold_gain":0.0,"event_name":"Golden Wing","player_choice":"Card Removal","floor":3.0,"gold_loss":0.0,"damage_taken":7.0}],"is_beta":false,"boss_relics":[],"items_purged_floors":[],"is_endless":false,"potions_floor_spawned":[1,7],"killed_by":"3 Sentries","ascension_level":10}}