{"host":"Ringo","time":1612005291,"event":{"mods":["BaseMod","Colored Map","Conspire","Dota2Spire","Hubris","Minty Spire (QoL Compilation)","Replay The Spire","StSLib","The Construct","[IsaacMod]ÒÔÈö¼âËþ","¡¾ÒÅÎï¿¨ÅÆ¡¿REMEMod"],"gold_per_floor":[99,111,127,146,196,230,258,291,291,321,350,375,402,412,412,486,486,550,562,577,577,98,128,158,158,158,184,217,248,260,290,290,367,367,380,392,3,15,25,52,52,79,104,131,158,190,217,243,243,243,243],"floor_reached":52,"language":"ZHS","playtime":1854,"items_purged":[],"score":3893,"play_id":"d354607a-bf54-4abd-a28a-7ee2deb291f4","local_time":"20210130191451","daily_mods":["SealedDeck","Vintage","Heirloom","Time Dilation","Flight","DeadlyEvents","Elite Swarm","Lethality","Binary"],"is_ascension_mode":true,"campfire_choices":[{"data":"Armaments","floor":15.0,"key":"SMITH"},{"data":"RitualDagger","floor":25.0,"key":"SMITH"},{"data":"Infernal Blade","floor":32.0,"key":"SMITH"},{"data":"Seeing Red","floor":49,"key":"SMITH"},{"data":"ReplayTheSpireMod:Muscle Training","floor":49,"key":"SMITH"}],"circlet_count":0,"master_deck":["AscendersBane","Headbutt","ReplayTheSpireMod:Muscle Training+1","Clash","Anger","Armaments+1","Infernal Blade+1","Seeing Red+1","Twin Strike","Rage","construct:Disrupt","Iron Wave+1","REME_FearOfPain","ReplayTheSpireMod:Limb From Limb","RitualDagger+1","Seeing Red+1","Clash+1","Anger+1","Sword Boomerang+1","After Image+1","Envenom+1","Venomology+1"],"relics":["Burning Blood","Busted Crown","HushsDoor","REME_ComplimentaryCards","replay:Trail_Library","Unceasing Top","GuppysPaw","Dota2Spire:DivineRapier","Gremlin Horn","Letter Opener","TheBible","Dota2Spire:ArcaneBoots","Gambling Chip","SharpPlug","Dota2Spire:HeartOfTarrasque","Replay:Multitool","BFFS","Replay:Mystery Machine","NineVolt","Chameleon Ring","hubris:IronBody","REME_ChargedStone","conspire:TopHat","Anchor","Art of War","Golden Egg","Dota2Spire:MagicBottle","Replay:Ringing Soul","Dota2Spire:Mjollnir","King of Hearts","Gremlin Food","TuHaoJin","Replay:Bottled Flurry","REME_HandOfSuture","Fusion Hammer","hubris:PeanutButter","Replay:Arrowhead","ReplayFunnel","conspire:TreasureMap","hubris:DisguiseKit","Replay:Rubber Ducky","Garlic","White Beast Statue","HowToJump","Shuriken","StoneCalendar","BlankCard","Dota2Spire:LinkenSphere","FossilizedHelix"],"acts_visited":["Exordium","TheCity","TheBeyond"],"potions_floor_usage":[39,50,51,51],"damage_taken":[{"damage":0.0,"enemies":"2 Louse","floor":2.0,"turns":1.0},{"damage":0.0,"enemies":"conspire:RoseBush","floor":3.0,"turns":2.0},{"damage":0.0,"enemies":"Cultist","floor":4.0,"turns":2.0},{"damage":0.0,"enemies":"Hiden Room Battle","floor":5.0,"turns":2.0},{"damage":0.0,"enemies":"Gremlin Nob","floor":6.0,"turns":1.0},{"damage":0.0,"enemies":"Lagavulin","floor":7.0,"turns":1.0},{"damage":0.0,"enemies":"3 Sentries","floor":8.0,"turns":1.0},{"damage":0.0,"enemies":"Gremlin Nob","floor":10.0,"turns":1.0},{"damage":0.0,"enemies":"3 Sentries","floor":11.0,"turns":2.0},{"damage":0.0,"enemies":"Replay:BlueRogue","floor":12.0,"turns":1.0},{"damage":0.0,"enemies":"Gremlin Nob","floor":13.0,"turns":1.0},{"damage":0.0,"enemies":"Large Slime","floor":14.0,"turns":1.0},{"damage":0.0,"enemies":"The Guardian","floor":16.0,"turns":2.0},{"damage":0.0,"enemies":"2 Thieves","floor":18.0,"turns":2.0},{"damage":0.0,"enemies":"Chosen","floor":19.0,"turns":1.0},{"damage":1.0,"enemies":"Sentry and Sphere","floor":20.0,"turns":1.0},{"damage":3.0,"enemies":"Replay:Snechameleon","floor":23.0,"turns":3.0},{"damage":0.0,"enemies":"Gremlin Leader","floor":24.0,"turns":2.0},{"damage":0.0,"enemies":"conspire:SneckoGhost","floor":27.0,"turns":1.0},{"damage":0.0,"enemies":"Gremlin Leader","floor":28.0,"turns":3.0},{"damage":0.0,"enemies":"REME_1_Revenger","floor":29.0,"turns":2.0},{"damage":0.0,"enemies":"Centurion and Healer","floor":30.0,"turns":1.0},{"damage":0.0,"enemies":"Replay:Snechameleon","floor":31.0,"turns":1.0},{"damage":0.0,"enemies":"Collector","floor":33.0,"turns":4.0},{"damage":0.0,"enemies":"3 Shapes","floor":35.0,"turns":1.0},{"damage":0.0,"enemies":"Orb Walker","floor":36.0,"turns":1.0},{"damage":0,"enemies":"4 Shapes","floor":38,"turns":1},{"damage":0,"enemies":"Maw","floor":39,"turns":3},{"damage":0,"enemies":"Reptomancer","floor":40,"turns":1},{"damage":0,"enemies":"Nemesis","floor":42,"turns":2},{"damage":0,"enemies":"Reptomancer","floor":44,"turns":1},{"damage":0,"enemies":"Giant Head","floor":45,"turns":3},{"damage":0,"enemies":"R_Hoarder","floor":46,"turns":3},{"damage":0,"enemies":"Giant Head","floor":47,"turns":1},{"damage":0,"enemies":"R_Hoarder","floor":48,"turns":1},{"damage":0,"enemies":"hubris:GrandSnecko","floor":50,"turns":3},{"damage":0,"enemies":"Time Eater","floor":51,"turns":3}],"seed_played":"1873351109151661314","potions_obtained":[{"floor":2.0,"key":"Block Potion"},{"floor":3.0,"key":"BlessingOfTheForge"},{"floor":8.0,"key":"Cursed Concoction"},{"floor":11.0,"key":"Block Potion"},{"floor":16.0,"key":"REME_GoldPotion"},{"floor":19.0,"key":"Dexterity Potion"},{"floor":20.0,"key":"Energy Potion"},{"floor":28.0,"key":"ColorlessPotion"},{"floor":36.0,"key":"LifebloodPotion"},{"floor":40,"key":"Adrenaline Potion"},{"floor":44,"key":"SkillPotion"},{"floor":47,"key":"Elixir"}],"is_trial":true,"path_per_floor":["?","M","M","M","?","E","E","E","T","E","E","E","E","M","R","B",null,"M","M","M","?","$","E","E","R","T","E","E","E","M","E","R","B",null,"M","M","$","M","M","E","?","E","T","E","E","E","E","E","R","B","B",null],"character_chosen":"IRONCLAD","items_purchased":["REME_FearOfPain","ReplayTheSpireMod:Limb From Limb","Golden Egg","Seeing Red","Clash","Anger","ReplayFunnel","conspire:TreasureMap","Sword Boomerang"],"campfire_rested":0,"item_purchase_floors":[17,17,22,22,22,22,37,37,37],"current_hp_per_floor":[60,60,60,60,60,60,60,68,68,68,68,68,68,68,68,68,62,62,62,62,56,56,59,1,1,1,1,1,1,1,1,1,1,1,1,1,4,1,1,4,4,1,1,1,1,1,1,1,1,1,1],"gold":243,"neow_bonus":"","is_daily":false,"chose_seed":false,"campfire_upgraded":5,"win_rate":0.0,"timestamp":1612005291,"path_taken":["?","M","M","M","?","E","E","E","T","E","E","E","E","?","R","BOSS","M","M","M","?","$","E","E","R","T","E","E","E","M","E","R","BOSS","M","M","$","M","M","E","?","E","T","E","E","E","E","E","R","BOSS","BOSS"],"items_purchased_type":["Card","Card","Relic","Card","Card","Card","Relic","Relic","Card"],"build_version":"2020-12-18","purchased_purges":0,"victory":true,"max_hp_per_floor":[60,60,60,60,60,60,60,68,68,68,68,68,68,68,68,68,62,62,62,62,62,62,62,1,1,1,1,1,1,1,1,1,1,1,1,1,4,1,1,4,4,1,1,1,1,1,1,1,1,1,1],"card_choices":[{"not_picked":[],"picked":"Bomb","floor":0.0},{"not_picked":[],"picked":"After Image","floor":40},{"not_picked":["ReplayTheSpireMod:From All Sides"],"picked":"SKIP","floor":42},{"not_picked":[],"picked":"Envenom","floor":44},{"not_picked":["REME_ShadowForm"],"picked":"SKIP","floor":45},{"not_picked":["REME_SpectralBlade"],"picked":"SKIP","floor":46},{"not_picked":[],"picked":"Venomology","floor":47},{"not_picked":["Doppelganger"],"picked":"SKIP","floor":48}],"player_experience":592354,"relics_obtained":[{"floor":2.0,"key":"Dota2Spire:DivineRapier"},{"floor":3.0,"key":"Gremlin Horn"},{"floor":4.0,"key":"Letter Opener"},{"floor":5.0,"key":"TheBible"},{"floor":5.0,"key":"Dota2Spire:ArcaneBoots"},{"floor":6.0,"key":"Gambling Chip"},{"floor":7.0,"key":"SharpPlug"},{"floor":8.0,"key":"Dota2Spire:HeartOfTarrasque"},{"floor":9.0,"key":"Replay:Multitool"},{"floor":10.0,"key":"BFFS"},{"floor":11.0,"key":"Replay:Mystery Machine"},{"floor":12.0,"key":"NineVolt"},{"floor":13.0,"key":"Chameleon Ring"},{"floor":14.0,"key":"hubris:IronBody"},{"floor":18.0,"key":"conspire:TopHat"},{"floor":19.0,"key":"Anchor"},{"floor":20.0,"key":"Art of War"},{"floor":23.0,"key":"Dota2Spire:MagicBottle"},{"floor":24.0,"key":"Replay:Ringing Soul"},{"floor":26.0,"key":"Dota2Spire:Mjollnir"},{"floor":27.0,"key":"King of Hearts"},{"floor":28.0,"key":"Gremlin Food"},{"floor":29.0,"key":"TuHaoJin"},{"floor":30.0,"key":"Replay:Bottled Flurry"},{"floor":31.0,"key":"REME_HandOfSuture"},{"floor":35.0,"key":"hubris:PeanutButter"},{"floor":36.0,"key":"Replay:Arrowhead"},{"floor":38,"key":"hubris:DisguiseKit"},{"floor":39,"key":"Replay:Rubber Ducky"},{"floor":40,"key":"Garlic"},{"floor":42,"key":"White Beast Statue"},{"floor":43,"key":"HowToJump"},{"floor":44,"key":"Shuriken"},{"floor":45,"key":"StoneCalendar"},{"floor":46,"key":"BlankCard"},{"floor":47,"key":"Dota2Spire:LinkenSphere"},{"floor":48,"key":"FossilizedHelix"}],"event_choices":[{"damage_healed":0.0,"max_hp_gain":0.0,"max_hp_loss":0.0,"gold_gain":0.0,"event_name":"HidenRoomEvent","player_choice":"Fight","floor":5.0,"gold_loss":0.0,"damage_taken":0.0},{"damage_healed":0.0,"max_hp_gain":0.0,"max_hp_loss":0.0,"gold_gain":0.0,"event_name":"Nest","player_choice":"Joined the Cult","floor":21.0,"gold_loss":0.0,"damage_taken":6.0,"cards_obtained":["RitualDagger"]},{"damage_healed":0,"gold_gain":0,"player_choice":"Memory 1","damage_taken":0,"max_hp_gain":0,"max_hp_loss":0,"event_name":"SensoryStone","floor":41,"gold_loss":0}],"is_beta":true,"boss_relics":[{"not_picked":["Snecko Heart","Painkiller Herb"],"picked":"REME_ChargedStone"},{"not_picked":[]},{"not_picked":["REME_DemonsWealth","Ooze Armor"],"picked":"Fusion Hammer"},{"not_picked":[]}],"items_purged_floors":[],"is_endless":false,"potions_floor_spawned":[2,3,8,11,13,16,19,20,24,28,29,36,40,44,45,46,47,48],"ascension_level":20}}