{"host":"p8f0otjoacyb9giz","time":1612023973,"event":{"mods":["AchievementEnabler","BaseMod","Downfall","Minty Spire (QoL Compilation)","StSLib"],"gold_per_floor":[99,110,120,133,133,133,133,144,172,191,207,218,232,264,274,274,274,274],"floor_reached":16,"language":"ENG","playtime":597,"items_purged":[],"score":172,"play_id":"2bdd3e75-368f-43ad-8d5c-72f6c0f29701","local_time":"20210130192613","is_ascension_mode":true,"campfire_choices":[{"floor":1.0,"key":"RECALL"}],"circlet_count":0,"master_deck":["hexamod:Strike","hexamod:Strike","hexamod:Strike","hexamod:Defend","hexamod:Defend","hexamod:Defend","hexamod:Defend","hexamod:Sear","hexamod:ShieldOfDarkness","hexamod:HeatCrush","hexamod:PhantomFireball","hexamod:Hexaguard","hexamod:SpectersWail","hexamod:ShieldOfDarkness","hexamod:Firestarter","hexamod:FlamesFromBeyond"],"relics":["Snecko Eye","Vajra","Centennial Puzzle"],"acts_visited":["Exordium"],"potions_floor_usage":[],"damage_taken":[{"damage":0.0,"enemies":"Small Slimes","floor":2.0,"turns":3.0},{"damage":9.0,"enemies":"Cultist","floor":3.0,"turns":5.0},{"damage":12.0,"enemies":"Jaw Worm","floor":4.0,"turns":2.0},{"damage":3.0,"enemies":"Gremlin Gang","floor":8.0,"turns":4.0},{"damage":15.0,"enemies":"3 Sentries","floor":9.0,"turns":9.0},{"damage":1.0,"enemies":"Exordium Thugs","floor":10.0,"turns":3.0},{"damage":0.0,"enemies":"Blue Slaver","floor":11.0,"turns":2.0},{"damage":0.0,"enemies":"3 Louse","floor":12.0,"turns":3.0},{"damage":0.0,"enemies":"Red Slaver","floor":13.0,"turns":4.0},{"damage":0,"enemies":"Lagavulin","floor":14,"turns":3},{"damage":0,"enemies":"Exordium Thugs","floor":15,"turns":3},{"damage":32,"enemies":"SI_SHIV_ARCHETYPE","floor":16,"turns":5}],"seed_played":"-2157824700870375292","potions_obtained":[{"floor":3.0,"key":"GamblersBrew"},{"floor":4.0,"key":"Strength Potion"},{"floor":11.0,"key":"Block Potion"}],"is_trial":false,"path_per_floor":["R","M","M","M","?","?","T","M","E","M","M","M","M","E","M","B"],"character_chosen":"THE_SPIRIT","items_purchased":[],"campfire_rested":0,"item_purchase_floors":[],"current_hp_per_floor":[70,70,61,49,49,49,49,46,31,30,30,30,30,30,30,0,0,0],"gold":274,"neow_bonus":"BOSS_RELIC","is_daily":false,"chose_seed":false,"campfire_upgraded":0,"win_rate":0.0,"timestamp":1612023973,"path_taken":["R","M","M","M","?","?","T","M","E","?","M","M","M","E","M","BOSS"],"items_purchased_type":[],"build_version":"2020-12-22","purchased_purges":0,"victory":false,"max_hp_per_floor":[70,70,70,70,70,70,70,70,70,70,70,70,70,70,70,70,70,70],"card_choices":[{"not_picked":["hexamod:Firestarter","hexamod:FlamesFromBeyond"],"picked":"hexamod:ShieldOfDarkness","floor":2.0},{"not_picked":["hexamod:Firestarter","hexamod:SuperheatedStrike"],"picked":"hexamod:HeatCrush","floor":3.0},{"not_picked":["hexamod:SuperheatedStrike","hexamod:RecurringNightmare","hexamod:InspiringFlames"],"picked":"SKIP","floor":4.0},{"not_picked":["hexamod:RadiantFlame","hexamod:SoulSteal","hexamod:ChargedBarrage"],"picked":"SKIP","floor":8.0},{"not_picked":["hexamod:HeatMetal","hexamod:FastForward","hexamod:Haunt"],"picked":"SKIP","floor":9.0},{"not_picked":["hexamod:FlameSwitch","hexamod:ThermalTransfer"],"picked":"hexamod:Hexaguard","floor":10.0},{"not_picked":["hexamod:HauntingEcho","hexamod:Firestarter"],"picked":"hexamod:SpectersWail","floor":11.0},{"not_picked":["hexamod:RecurringNightmare","hexamod:ExtraCrispy"],"picked":"hexamod:ShieldOfDarkness","floor":12.0},{"not_picked":["hexamod:RetreatToShadows","hexamod:HeatMetal","hexamod:SpectralAdrenaline"],"picked":"SKIP","floor":13.0},{"not_picked":["hexamod:HeatMetal","hexamod:SuperheatedStrike"],"picked":"hexamod:Firestarter","floor":14},{"not_picked":["hexamod:Hexaguard","hexamod:FastForward"],"picked":"hexamod:FlamesFromBeyond","floor":15}],"player_experience":422176,"relics_obtained":[{"floor":9.0,"key":"Vajra"},{"floor":14,"key":"Centennial Puzzle"}],"event_choices":[],"is_beta":false,"boss_relics":[],"items_purged_floors":[],"is_endless":false,"potions_floor_spawned":[3,4,11,15],"killed_by":"SI_SHIV_ARCHETYPE","ascension_level":4}}