{"host":"lktusdb9orijgc6z","time":1612040176,"event":{"mods":["BaseMod","Bestiary","Colored Map","Colored Powertips","Minty Spire (QoL Compilation)","Permanent Neow","Quick Restart","Relic Stats","StSLib","everything is the same but u backflip on backflip","slay the spire mod where everything is the same but ironclad has a cowboy hat"],"gold_per_floor":[116,128,146,161,171,171,199,217,217,217,217,217,49,63,63,136,136,115,115,130,130,130],"floor_reached":21,"language":"ENG","playtime":626,"items_purged":["Regret"],"score":566,"play_id":"3fbda04f-30d1-4f02-9b31-07a7247454a5","local_time":"20210130215616","is_ascension_mode":true,"campfire_choices":[{"floor":6,"key":"REST"},{"data":"Sunder","floor":12,"key":"SMITH"},{"floor":15,"key":"REST"}],"circlet_count":0,"master_deck":["AscendersBane","Strike_B","Strike_B","Strike_B","Strike_B","Defend_B","Defend_B","Defend_B","Defend_B","Zap","Dualcast","Biased Cognition","Conserve Battery","Leap","Hello World","Chill","Sunder","Sunder+1","Parasite","Doom and Gloom","Steam","Chill","Echo Form","Coolheaded"],"relics":["Cracked Core","Centennial Puzzle","White Beast Statue","Bag of Marbles","Sozu"],"acts_visited":["TheCity"],"potions_floor_usage":[5,7,8,16],"damage_taken":[{"damage":10.0,"enemies":"Small Slimes","floor":1.0,"turns":3.0},{"damage":0.0,"enemies":"2 Louse","floor":2.0,"turns":2.0},{"damage":7.0,"enemies":"Jaw Worm","floor":3.0,"turns":2.0},{"damage":26.0,"enemies":"Gremlin Gang","floor":4.0,"turns":4.0},{"damage":5,"enemies":"Lots of Slimes","floor":5,"turns":4},{"damage":36,"enemies":"Gremlin Nob","floor":7,"turns":4},{"damage":0,"enemies":"Large Slime","floor":8,"turns":5},{"damage":7,"enemies":"Exordium Wildlife","floor":14,"turns":2},{"damage":29,"enemies":"The Guardian","floor":16,"turns":14},{"damage":22,"enemies":"2 Thieves","floor":18,"turns":4},{"damage":14,"enemies":"Shell Parasite","floor":20,"turns":5},{"damage":22,"enemies":"Snake Plant","floor":21,"turns":1}],"seed_played":"-8132980412353299011","potions_obtained":[{"floor":2.0,"key":"GamblersBrew"},{"floor":4.0,"key":"DuplicationPotion"},{"floor":7,"key":"PowerPotion"},{"floor":14,"key":"FocusPotion"},{"floor":16,"key":"SpeedPotion"}],"is_trial":false,"path_per_floor":["M","M","M","M","M","R","E","M","T","?","?","R","$","M","R","B",null,"M","?","M","M"],"character_chosen":"DEFECT","items_purchased":["Doom and Gloom","Steam"],"campfire_rested":2,"item_purchase_floors":[13,13],"current_hp_per_floor":[54,54,47,21,16,37,1,1,1,18,18,18,18,11,32,3,54,32,32,18,0,0],"gold":130,"neow_bonus":"ONE_RANDOM_RARE_CARD","is_daily":false,"chose_seed":false,"campfire_upgraded":1,"win_rate":0.0,"timestamp":1612040176,"path_taken":["M","M","M","M","M","R","E","M","T","?","?","R","$","M","R","BOSS","M","?","?","M"],"items_purchased_type":["Card","Card"],"build_version":"2020-12-22","purchased_purges":1,"victory":false,"max_hp_per_floor":[71,71,71,71,71,71,71,71,71,71,71,71,71,71,71,71,71,71,71,71,71,71],"relic_stats":{"Sozu":4,"Centennial Puzzle":[15],"counters":[12,50],"obtain_stats":[{"Sozu":17,"Centennial Puzzle":7,"Bag of Marbles":11,"Cracked Core":0,"White Beast Statue":9},{"Sozu":9,"Centennial Puzzle":6,"Bag of Marbles":7,"Cracked Core":0,"White Beast Statue":7},{"Sozu":40,"Centennial Puzzle":19,"Bag of Marbles":24,"Cracked Core":0,"White Beast Statue":24}]},"card_choices":[{"not_picked":["Beam Cell","Go for the Eyes"],"picked":"Conserve Battery","floor":1.0},{"not_picked":["Reprogram","Force Field","Double Energy"],"picked":"SKIP","floor":2.0},{"not_picked":["Scrape","Stack"],"picked":"Leap","floor":3.0},{"not_picked":["Conserve Battery","Stack"],"picked":"Hello World","floor":4.0},{"not_picked":["Sweeping Beam","Beam Cell"],"picked":"Chill","floor":5},{"not_picked":["Coolheaded","Hello World"],"picked":"Sunder","floor":7},{"not_picked":["Leap","Reprogram"],"picked":"Sunder","floor":8},{"not_picked":["Sweeping Beam","Gash"],"picked":"Chill","floor":14},{"not_picked":["Thunder Strike","Fission"],"picked":"Echo Form","floor":16},{"not_picked":["Static Discharge","Beam Cell"],"picked":"Coolheaded","floor":18},{"not_picked":["Coolheaded","Beam Cell","Stack"],"picked":"SKIP","floor":20}],"player_experience":722255,"relics_obtained":[{"floor":7,"key":"Centennial Puzzle"},{"floor":9,"key":"White Beast Statue"}],"event_choices":[{"damage_healed":17,"gold_gain":0,"player_choice":"Healed and dodged fight","damage_taken":0,"max_hp_gain":0,"max_hp_loss":0,"event_name":"Mushrooms","floor":10,"gold_loss":0,"cards_obtained":["Parasite"]},{"damage_healed":0,"gold_gain":0,"player_choice":"Box","damage_taken":0,"relics_obtained":["Bag of Marbles"],"max_hp_gain":0,"max_hp_loss":0,"event_name":"Big Fish","floor":11,"gold_loss":0,"cards_obtained":["Regret"]},{"damage_healed":0,"gold_gain":0,"player_choice":"Got Potions","damage_taken":0,"max_hp_gain":0,"max_hp_loss":0,"event_name":"Lab","floor":19,"gold_loss":0}],"is_beta":false,"boss_relics":[{"not_picked":["Empty Cage","Busted Crown"],"picked":"Sozu"}],"items_purged_floors":[13],"is_endless":false,"potions_floor_spawned":[2,4,7,14,16,18,20],"killed_by":"Snake Plant","ascension_level":20}}