{"host":"ty2cix8xj6r3ad26","time":1612034041,"event":{"mods":["AchievementEnabler","BaseMod","BetterRewards","Infinite Spire","Minty Spire (QoL Compilation)","Quick Restart","StSLib","SuperFastMode"],"gold_per_floor":[113,130,142,152,152,152,168,185,185,185,185,212,212,212,212,286,286,300,316,66,66,66,97,116,116,416,331,331,351,371,391,391,465,465,477,79,0,0,15,50,60,89,158,183,198,198,198],"floor_reached":46,"language":"ENG","playtime":3131,"items_purged":["Strike_R","Defend_R","Strike_R","Strike_R","Defend_R"],"score":1299,"play_id":"cd2094ff-8013-499b-9298-8917fd1e6b21","local_time":"20210130211401","is_ascension_mode":true,"campfire_choices":[{"data":"Mayhem","floor":6,"key":"SMITH"},{"data":"Bash","floor":11,"key":"SMITH"},{"data":"Uppercut","floor":13,"key":"SMITH"},{"data":"Ghostly Armor","floor":15,"key":"SMITH"},{"data":"Bludgeon","floor":25,"key":"SMITH"},{"data":"infinitespire:UltimateForm","floor":32,"key":"SMITH"}],"circlet_count":0,"master_deck":["AscendersBane","Defend_R","Bash+1","Mayhem+1","Metallicize","Ghostly Armor+1","Double Tap+1","Rampage+1","Uppercut+1","Bludgeon+1","Offering","Headbutt","infinitespire:UltimateForm+1","Juggernaut","Bloodletting+1","Impervious+1","Bloodletting+1"],"relics":["Black Blood","Champion Belt","Magic Flower","Thread and Needle","Pocketwatch","Toy Ornithopter","Singing Bowl","Blood Vial","Coffee Dripper","Paper Frog","Black Star","Unceasing Top","Charon\u0027s Ashes","Old Coin","Toxic Egg 2","Juzu Bracelet","Red Mask","Mango","Du-Vu Doll","infinitespire:Golems Mask","Ice Cream","Sundial","Kunai","InkBottle"],"acts_visited":["Exordium","TheCity","TheBeyond"],"potions_floor_usage":[2,7,12,16,23,23,33,40,41,41,46],"damage_taken":[{"damage":0,"enemies":"Small Slimes","floor":1,"turns":5},{"damage":3,"enemies":"2 Louse","floor":2,"turns":3},{"damage":0,"enemies":"Jaw Worm","floor":3,"turns":5},{"damage":1,"enemies":"Blue Slaver","floor":4,"turns":6},{"damage":0,"enemies":"Exordium Wildlife","floor":7,"turns":5},{"damage":1,"enemies":"2 Fungi Beasts","floor":8,"turns":3},{"damage":9,"enemies":"3 Sentries","floor":12,"turns":5},{"damage":7,"enemies":"The Guardian","floor":16,"turns":4},{"damage":0,"enemies":"Chosen","floor":18,"turns":4},{"damage":5,"enemies":"3 Byrds","floor":19,"turns":4},{"damage":19,"enemies":"Slavers","floor":23,"turns":4},{"damage":6,"enemies":"Sentry and Sphere","floor":24,"turns":2},{"damage":8,"enemies":"Cultist and Chosen","floor":29,"turns":3},{"damage":22,"enemies":"Centurion and Healer","floor":30,"turns":2},{"damage":6,"enemies":"Snecko","floor":31,"turns":2},{"damage":6,"enemies":"Automaton","floor":33,"turns":6},{"damage":14,"enemies":"3 Shapes","floor":35,"turns":4},{"damage":6,"enemies":"Orb Walker","floor":39,"turns":1},{"damage":48,"enemies":"Reptomancer","floor":40,"turns":6},{"damage":32,"enemies":"Jaw Worm Horde","floor":41,"turns":3},{"damage":37,"enemies":"Nightmare","floor":42,"turns":4},{"damage":20,"enemies":"Reptomancer","floor":44,"turns":5},{"damage":12,"enemies":"Spire Growth","floor":45,"turns":2},{"damage":38,"enemies":"infinitespire:Three Voidlings","floor":46,"turns":3},{"damage":97,"enemies":"Nightmare_Alpha","floor":46,"turns":6}],"seed_played":"-6896773681922618638","potions_obtained":[{"floor":3,"key":"Dexterity Potion"},{"floor":4,"key":"infinitespire:BlackPotion"},{"floor":8,"key":"DistilledChaos"},{"floor":12,"key":"LiquidMemories"},{"floor":18,"key":"LiquidMemories"},{"floor":30,"key":"Strength Potion"},{"floor":33,"key":"PowerPotion"},{"floor":40,"key":"LiquidBronze"},{"floor":45,"key":"SpeedPotion"}],"is_trial":false,"path_per_floor":["M","M","M","M","?","R","M","M","T","?","R","E","R","?","R","B",null,"M","M","$","?","AVR","E","M","R","T","?","?","M","M","M","R","B",null,"M","$","?","?","M","E","M","NM","T","E","M","?"],"character_chosen":"IRONCLAD","items_purchased":["Champion Belt","Magic Flower","Mayhem","Metallicize","Toy Ornithopter","Strength Potion","Paper Frog","Juzu Bracelet","CultistPotion"],"campfire_rested":0,"item_purchase_floors":[0,0,0,0,0,0,20,36,36],"current_hp_per_floor":[33,47,56,64,69,69,85,85,85,68,68,76,76,76,76,85,85,87,89,89,89,89,81,89,89,89,89,66,72,64,72,72,86,96,101,101,101,101,103,87,94,78,78,79,90,0,0],"gold":198,"neow_bonus":"","is_daily":false,"chose_seed":false,"campfire_upgraded":6,"win_rate":0.0,"timestamp":1612034041,"path_taken":["M","M","M","M","?","R","M","M","T","?","R","E","R","?","R","BOSS","M","M","$","?","AVR","E","M","R","T","?","?","?","M","M","R","BOSS","M","$","?","?","M","E","M","NM","T","E","M","?"],"items_purchased_type":["Relic","Relic","Card","Card","Relic","Potion","Relic","Relic","Potion"],"build_version":"2020-12-22","purchased_purges":5,"victory":false,"max_hp_per_floor":[80,80,80,80,85,85,85,85,85,85,85,85,85,85,85,85,85,87,89,89,89,89,91,93,93,93,93,93,95,97,99,99,99,99,101,101,101,101,103,117,119,119,119,119,121,121,121],"card_choices":[{"not_picked":["Flex","True Grit"],"picked":"Carnage","floor":1},{"not_picked":["Sword Boomerang","Evolve"],"picked":"Ghostly Armor","floor":2},{"not_picked":["True Grit","Wild Strike","Clash"],"picked":"SKIP","floor":3},{"not_picked":["Warcry","Clothesline","Sword Boomerang"],"picked":"SKIP","floor":4},{"not_picked":["Spot Weakness","Armaments"],"picked":"Double Tap","floor":7},{"not_picked":["Shrug It Off","Flex"],"picked":"Rampage","floor":8},{"not_picked":["Combust","Armaments"],"picked":"Uppercut","floor":12},{"not_picked":["Corruption","Exhume"],"picked":"Bludgeon","floor":16},{"not_picked":["Battle Trance","Anger","Thunderclap"],"picked":"Singing Bowl","floor":18},{"not_picked":["Pummel","Cleave","Perfected Strike"],"picked":"Singing Bowl","floor":19},{"not_picked":["Dual Wield","Sword Boomerang+1","Whirlwind"],"picked":"Singing Bowl","floor":23},{"not_picked":["Blood for Blood","Iron Wave+1","Heavy Blade"],"picked":"Singing Bowl","floor":24},{"not_picked":["infinitespire:Gouge","infinitespire:Execution"],"picked":"infinitespire:UltimateForm","floor":28},{"not_picked":["Twin Strike+1","Fiend Fire","Spot Weakness+1"],"picked":"Singing Bowl","floor":29},{"not_picked":["Sword Boomerang","Intimidate+1","Clash"],"picked":"Singing Bowl","floor":30},{"not_picked":["Blood for Blood","Body Slam","Wild Strike"],"picked":"Singing Bowl","floor":31},{"not_picked":["Impervious+1","Reaper"],"picked":"Juggernaut","floor":33},{"not_picked":["Flex+1","Shrug It Off+1","Sword Boomerang"],"picked":"Singing Bowl","floor":35},{"not_picked":["Combust","Thunderclap","Wild Strike"],"picked":"Singing Bowl","floor":39},{"not_picked":["infinitespire:OneForAll","Headbutt"],"picked":"Bloodletting+1","floor":40},{"not_picked":["Sever Soul","Dropkick","Clothesline+1"],"picked":"Singing Bowl","floor":41},{"not_picked":["Cleave","Warcry+1"],"picked":"Impervious+1","floor":42},{"not_picked":["Bludgeon","Shrug It Off+1"],"picked":"Bloodletting+1","floor":44},{"not_picked":["Clash+1","Pommel Strike","Iron Wave"],"picked":"Singing Bowl","floor":45}],"player_experience":524878,"relics_obtained":[{"floor":9,"key":"Singing Bowl"},{"floor":12,"key":"Blood Vial"},{"floor":23,"key":"Unceasing Top"},{"floor":23,"key":"Charon\u0027s Ashes"},{"floor":26,"key":"Old Coin"},{"floor":40,"key":"Mango"},{"floor":40,"key":"Du-Vu Doll"},{"floor":42,"key":"infinitespire:Golems Mask"},{"floor":42,"key":"Ice Cream"},{"floor":43,"key":"Sundial"},{"floor":44,"key":"Kunai"},{"floor":44,"key":"InkBottle"}],"event_choices":[{"damage_healed":0,"gold_gain":0,"player_choice":"Donut","damage_taken":0,"max_hp_gain":5,"max_hp_loss":0,"event_name":"Big Fish","floor":5,"gold_loss":0},{"damage_healed":0,"gold_gain":0,"player_choice":"Entered Light","damage_taken":17,"max_hp_gain":0,"max_hp_loss":0,"event_name":"Shining Light","floor":10,"gold_loss":0,"cards_upgraded":["Double Tap","Rampage"]},{"damage_healed":0,"gold_gain":0,"cards_transformed":["Strike_R","Defend_R"],"player_choice":"Became Test Subject","damage_taken":0,"max_hp_gain":0,"max_hp_loss":0,"event_name":"Drug Dealer","floor":21,"gold_loss":0,"cards_obtained":["Offering","Headbutt"]},{"damage_healed":0,"gold_gain":0,"player_choice":"Obtained Relic","damage_taken":0,"relics_obtained":["Toxic Egg 2"],"max_hp_gain":0,"max_hp_loss":0,"event_name":"Addict","floor":27,"gold_loss":85},{"damage_healed":0,"gold_gain":0,"player_choice":"Paid","damage_taken":0,"relics_obtained":["Red Mask"],"max_hp_gain":0,"max_hp_loss":0,"event_name":"Tomb of Lord Red Mask","floor":37,"gold_loss":79},{"cards_removed":["Carnage"],"damage_healed":0,"gold_gain":0,"player_choice":"Removed Attack","damage_taken":0,"max_hp_gain":0,"max_hp_loss":0,"event_name":"Falling","floor":38,"gold_loss":0}],"is_beta":false,"boss_relics":[{"not_picked":["infinitespire:Burning Sword","Tiny House"],"picked":"Coffee Dripper"},{"not_picked":["SacredBark","Runic Cube"],"picked":"Black Blood"}],"items_purged_floors":[0,0,0,22,36],"is_endless":true,"potions_floor_spawned":[3,4,8,12,18,30,33,40,45,46],"killed_by":"Nightmare_Alpha","ascension_level":13}}