{"host":"f0gpob8hq9vgebej","time":1612016786,"event":{"mods":["AchievementEnabler","BaseMod","Minty Spire (QoL Compilation)","Quick Restart","SuperFastMode"],"gold_per_floor":[111,125,144,157,157,157,174,174,174,205,223,236,248,2,2,99,99,118,134,147,147,147],"floor_reached":21,"language":"KOR","playtime":618,"items_purged":[],"score":290,"play_id":"e3d9fdda-8263-4c11-8891-bc3249f18c9a","local_time":"20210130232626","is_ascension_mode":true,"campfire_choices":[{"data":"Heatsinks","floor":6.0,"key":"SMITH"},{"data":"Barrage","floor":8,"key":"SMITH"},{"floor":15,"key":"REST"}],"circlet_count":0,"master_deck":["AscendersBane","Strike_B","Strike_B","Strike_B","Strike_B","Defend_B","Defend_B","Defend_B","Defend_B","Zap+1","Dualcast","Ball Lightning","Barrage+1","Electrodynamics","Heatsinks+1","Cold Snap","Chill","Conserve Battery","Echo Form+1","Static Discharge+1","Consume+1"],"relics":["Cracked Core","White Beast Statue","PreservedInsect","Frozen Egg 2","SacredBark"],"acts_visited":["Exordium","TheCity"],"potions_floor_usage":[10,12,16,18,20,21,21],"damage_taken":[{"damage":0.0,"enemies":"Cultist","floor":1.0,"turns":4.0},{"damage":0.0,"enemies":"Small Slimes","floor":2.0,"turns":3.0},{"damage":0.0,"enemies":"2 Louse","floor":3.0,"turns":2.0},{"damage":4.0,"enemies":"Large Slime","floor":4.0,"turns":4.0},{"damage":15,"enemies":"Gremlin Gang","floor":7,"turns":3},{"damage":20,"enemies":"3 Sentries","floor":10,"turns":3},{"damage":11,"enemies":"Blue Slaver","floor":11,"turns":2},{"damage":0,"enemies":"3 Louse","floor":12,"turns":2},{"damage":1,"enemies":"Exordium Wildlife","floor":13,"turns":3},{"damage":11,"enemies":"The Guardian","floor":16,"turns":12},{"damage":22,"enemies":"2 Thieves","floor":18,"turns":3},{"damage":14,"enemies":"3 Byrds","floor":19,"turns":3},{"damage":6,"enemies":"Snecko","floor":20,"turns":4},{"damage":19,"enemies":"Shelled Parasite and Fungi","floor":21,"turns":4}],"seed_played":"-4199708015383601348","potions_obtained":[{"floor":7,"key":"Explosive Potion"},{"floor":10,"key":"SkillPotion"},{"floor":11,"key":"Block Potion"},{"floor":12,"key":"FocusPotion"},{"floor":16,"key":"PowerPotion"},{"floor":18,"key":"Energy Potion"},{"floor":20,"key":"Weak Potion"}],"is_trial":false,"path_per_floor":["M","M","M","M","?","R","M","R","T","E","M","M","M","$","R","B",null,"M","M","M","M"],"character_chosen":"DEFECT","items_purchased":["Frozen Egg 2"],"campfire_rested":1,"item_purchase_floors":[14],"current_hp_per_floor":[68,68,68,64,64,64,49,49,49,29,18,18,17,17,39,28,63,41,27,21,2,2],"gold":147,"neow_bonus":"UPGRADE_CARD","is_daily":false,"chose_seed":false,"campfire_upgraded":2,"win_rate":0.0,"timestamp":1612016786,"path_taken":["M","M","?","M","?","R","M","R","T","E","M","M","M","$","R","BOSS","M","M","M","M"],"items_purchased_type":["Relic"],"build_version":"2020-12-22","purchased_purges":0,"victory":false,"max_hp_per_floor":[75,75,75,75,75,75,75,75,75,75,75,75,75,75,75,75,75,75,75,75,75,75],"card_choices":[{"not_picked":["Cold Snap","Go for the Eyes"],"picked":"Ball Lightning","floor":1.0},{"not_picked":["Redo","Auto Shields"],"picked":"Barrage","floor":2.0},{"not_picked":["Redo","Scrape","FTL"],"picked":"SKIP","floor":3.0},{"not_picked":["Melter","Compile Driver"],"picked":"Electrodynamics","floor":4.0},{"not_picked":["Streamline","Beam Cell"],"picked":"Cold Snap","floor":7},{"not_picked":["Coolheaded","Meteor Strike"],"picked":"Chill","floor":10},{"not_picked":["Redo","Sweeping Beam","Reprogram"],"picked":"SKIP","floor":11},{"not_picked":["Undo","Rebound","Beam Cell"],"picked":"SKIP","floor":12},{"not_picked":["Doom and Gloom","Gash"],"picked":"Conserve Battery","floor":13},{"not_picked":["Seek","Meteor Strike"],"picked":"Echo Form+1","floor":16},{"not_picked":["Barrage","Rebound"],"picked":"Static Discharge+1","floor":18},{"not_picked":["Steam","Hello World+1","Barrage"],"picked":"SKIP","floor":19},{"not_picked":["Sweeping Beam","Cold Snap+1"],"picked":"Consume+1","floor":20}],"player_experience":291098,"relics_obtained":[{"floor":9,"key":"White Beast Statue"},{"floor":10,"key":"PreservedInsect"}],"event_choices":[{"damage_healed":0.0,"max_hp_gain":0.0,"max_hp_loss":0.0,"gold_gain":0.0,"event_name":"Match and Keep!","player_choice":"1 cards matched","floor":5.0,"gold_loss":0.0,"damage_taken":0.0,"cards_obtained":["Heatsinks"]}],"is_beta":false,"boss_relics":[{"not_picked":["Busted Crown","Coffee Dripper"],"picked":"SacredBark"}],"items_purged_floors":[],"is_endless":false,"potions_floor_spawned":[7,10,11,12,13,16,18,19,20],"killed_by":"Shelled Parasite and Fungi","ascension_level":11}}