{"host":"d6gsnuetzz7j8con","time":1612041495,"event":{"mods":["AchievementEnabler","BaseMod","BetterRewards","Evolution","Minty Spire (QoL Compilation)","Permanent Neow","Remove Card Discount Mod","Shop Mod","StSLib"],"gold_per_floor":[119,119,119,131,145,165,217,10,10,10,85,145,105,123,123,223,223,268,19,19,19,19,53,53,53,128,142,173,173,185,61,61,160,160,179,192,207,207,0,32,32,48,48,60,60,110,27,57,57,57],"floor_reached":51,"language":"ENG","playtime":12564,"items_purged":["Decay","Strike_G","Strike_G","Defend_G","Pain","Writhe","Strike_G","Defend_G","Strike_G","Strike_G","Writhe"],"score":891,"play_id":"a4d07592-ca81-4c15-b6a0-1c33206bbbf1","local_time":"20210130161815","is_ascension_mode":false,"campfire_choices":[{"floor":15,"key":"REST"},{"floor":25,"key":"REST"},{"data":"1","floor":32,"key":"LIFT"},{"data":"2","floor":45,"key":"LIFT"},{"data":"3","floor":49,"key":"LIFT"}],"circlet_count":0,"master_deck":["Defend_G","Defend_G","Defend_G","Survivor","Neutralize","Flying Knee","Transmutation+1","Noxious Fumes","Poisoned Stab","Dagger Throw","Poisoned Stab","Heel Hook","Eviscerate","Noxious Fumes","Skewer","Chrysalis","Sucker Punch","After Image","Deflect","Adrenaline","Calculated Gamble+1","Apotheosis","Flash of Steel","J.A.X.","Masterful Stab+1","Sucker Punch+1","Venomology","Backstab","Poisoned Stab","Dash","Jack Of All Trades","Calculated Gamble","Malaise","Endless Agony+1","Infinite Blades+1","Underhanded Strike+1","Flying Knee+1","Infinite Blades+1","Flying Knee+1","Flechettes","Tools of the Trade","Jack Of All Trades","Predator","Flechettes+1"],"relics":["Ring of the Snake","EVO:Axolotl","Membership Card","Question Card","Thread and Needle","Vajra","MerchantsRug","Paper Crane","Juzu Bracelet","Regal Pillow","Letter Opener","SlaversCollar","Orichalcum","Ginger","WarpedTongs","Ancient Tea Set","Bottled Flame","Shuriken","Ornamental Fan","Girya","Fusion Hammer","Red Mask","Tingsha","Lizard Tail","The Specimen","Strawberry"],"acts_visited":["Exordium","TheCity","TheBeyond"],"potions_floor_usage":[5,36,37,40,50,50],"damage_taken":[{"damage":5,"enemies":"Cultist","floor":1,"turns":5},{"damage":8,"enemies":"2 Louse","floor":4,"turns":3},{"damage":1,"enemies":"Small Slimes","floor":5,"turns":3},{"damage":0,"enemies":"2 Fungi Beasts","floor":6,"turns":3},{"damage":24,"enemies":"Lagavulin","floor":7,"turns":6},{"damage":19,"enemies":"Gremlin Nob","floor":12,"turns":4},{"damage":8,"enemies":"Exordium Wildlife","floor":14,"turns":5},{"damage":36,"enemies":"Hexaghost","floor":16,"turns":8},{"damage":3,"enemies":"Spheric Guardian","floor":18,"turns":4},{"damage":15,"enemies":"Book of Stabbing","floor":23,"turns":5},{"damage":4,"enemies":"3 Byrds","floor":27,"turns":5},{"damage":38,"enemies":"Slavers","floor":28,"turns":6},{"damage":2,"enemies":"3 Cultists","floor":30,"turns":3},{"damage":13,"enemies":"Automaton","floor":33,"turns":5},{"damage":0,"enemies":"Orb Walker","floor":35,"turns":2},{"damage":11,"enemies":"3 Darklings","floor":36,"turns":4},{"damage":0,"enemies":"Spire Growth","floor":37,"turns":4},{"damage":15,"enemies":"Nemesis","floor":40,"turns":7},{"damage":11,"enemies":"4 Shapes","floor":42,"turns":4},{"damage":0,"enemies":"Jaw Worm Horde","floor":44,"turns":3},{"damage":0,"enemies":"Mind Bloom Boss Battle","floor":46,"turns":4},{"damage":0,"enemies":"Giant Head","floor":48,"turns":4},{"damage":49,"enemies":"Donu and Deca","floor":50,"turns":6}],"seed_played":"7155600580008684638","potions_obtained":[{"floor":5,"key":"SpeedPotion"},{"floor":6,"key":"BlessingOfTheForge"},{"floor":7,"key":"AttackPotion"},{"floor":13,"key":"ColorlessPotion"},{"floor":13,"key":"AttackPotion"},{"floor":13,"key":"AttackPotion"},{"floor":16,"key":"SpeedPotion"},{"floor":23,"key":"Energy Potion"},{"floor":30,"key":"Explosive Potion"},{"floor":46,"key":"GamblersBrew"}],"is_trial":false,"path_per_floor":["M","?","?","M","M","M","E","$","T","T","?","?","?","M","R","B",null,"M","$","?","?","?","E","?","R","T","M","E","T","M","$","R","B",null,"M","M","M","?","?","E","?","M","T","M","R","?","$","E","R","B",null],"character_chosen":"THE_SILENT","items_purchased":["Membership Card","Matryoshka","Question Card","Fruit Juice","Flying Knee","Transmutation","Noxious Fumes","Poisoned Stab","Dagger Throw","Lee\u0027s Waffle","MerchantsRug","Chrysalis","Sucker Punch","Orichalcum","Ginger","Apotheosis","Flash of Steel","Poisoned Stab","Dash","Jack Of All Trades","Calculated Gamble","Jack Of All Trades","Predator"],"campfire_rested":2,"item_purchase_floors":[0,0,0,0,0,0,0,0,0,8,8,8,8,19,19,19,19,31,31,31,31,47,47],"current_hp_per_floor":[65,65,65,57,61,61,37,82,92,92,81,62,62,54,92,56,92,89,89,89,89,89,74,56,97,97,93,55,55,53,53,53,40,97,97,86,86,97,97,82,82,71,71,71,71,71,71,78,78,29],"gold":57,"neow_bonus":"","is_daily":false,"chose_seed":false,"campfire_upgraded":0,"win_rate":0.0,"timestamp":1612041495,"path_taken":["M","?","?","M","?","M","E","?","T","?","?","?","?","M","R","BOSS","M","?","?","?","?","E","?","R","T","M","E","?","M","?","R","BOSS","M","M","M","?","?","E","?","M","T","M","R","?","$","E","R","BOSS"],"items_purchased_type":["Relic","Relic","Relic","Potion","Card","Card","Card","Card","Card","Relic","Relic","Card","Card","Relic","Relic","Card","Card","Card","Card","Card","Card","Card","Card"],"build_version":"2020-12-22","purchased_purges":11,"victory":true,"max_hp_per_floor":[70,70,70,70,75,75,75,82,92,92,92,92,92,92,92,92,92,92,92,92,92,92,92,97,97,97,97,97,97,97,97,97,97,97,97,97,97,97,97,97,97,97,97,97,97,97,97,104,104,104],"card_choices":[{"not_picked":["Dagger Throw","Blade Dance","Acrobatics"],"picked":"Poisoned Stab","floor":1},{"not_picked":["Choke","Noxious Fumes","Flying Knee"],"picked":"Heel Hook","floor":4},{"not_picked":["Outmaneuver","Dagger Throw","Flying Knee"],"picked":"Eviscerate","floor":5},{"not_picked":["Deflect","Quick Slash","Dodge and Roll"],"picked":"Noxious Fumes","floor":6},{"not_picked":["Crippling Poison","Slice","Flying Knee"],"picked":"Skewer","floor":7},{"not_picked":["Dash","Flying Knee","Dodge and Roll"],"picked":"After Image","floor":12},{"not_picked":["Deadly Poison","Dodge and Roll","Slice"],"picked":"Deflect","floor":14},{"not_picked":["Glass Knife","Envenom","Die Die Die"],"picked":"Adrenaline","floor":16},{"not_picked":["Dagger Spray","Poisoned Stab","Quick Slash"],"picked":"Calculated Gamble+1","floor":18},{"not_picked":["Well Laid Plans","Skewer","Leg Sweep"],"picked":"Masterful Stab+1","floor":23},{"not_picked":["Deflect","Quick Slash","Acrobatics"],"picked":"Sucker Punch+1","floor":27},{"not_picked":["Expertise","Blade Dance","Prepared+1"],"picked":"Venomology","floor":28},{"not_picked":["Bouncing Flask","Well Laid Plans","Quick Slash"],"picked":"Backstab","floor":30},{"not_picked":["Wraith Form v2","Envenom","Bullet Time"],"picked":"Malaise","floor":33},{"not_picked":["Dagger Throw","Dodge and Roll+1","Noxious Fumes"],"picked":"Endless Agony+1","floor":35},{"not_picked":["Quick Slash","Outmaneuver","Predator"],"picked":"Infinite Blades+1","floor":36},{"not_picked":["Leg Sweep+1","Quick Slash","Acrobatics+1"],"picked":"Underhanded Strike+1","floor":37},{"not_picked":["Dodge and Roll","Underhanded Strike","Well Laid Plans"],"picked":"Flying Knee+1","floor":40},{"not_picked":["Dagger Throw+1","Deflect","Sucker Punch+1"],"picked":"Flying Knee+1","floor":42},{"not_picked":["Skewer","Dodge and Roll+1","Crippling Poison"],"picked":"Flechettes","floor":44},{"not_picked":["Flying Knee","Leg Sweep","Backflip"],"picked":"Tools of the Trade","floor":46},{"not_picked":["Quick Slash","Dodge and Roll","Dash+1"],"picked":"Flechettes+1","floor":48}],"player_experience":11988,"relics_obtained":[{"floor":7,"key":"Vajra"},{"floor":9,"key":"Paper Crane"},{"floor":9,"key":"Pear"},{"floor":10,"key":"Juzu Bracelet"},{"floor":10,"key":"Regal Pillow"},{"floor":12,"key":"Letter Opener"},{"floor":23,"key":"Bottled Flame"},{"floor":26,"key":"Shuriken"},{"floor":28,"key":"Ornamental Fan"},{"floor":29,"key":"Girya"},{"floor":40,"key":"Tingsha"},{"floor":43,"key":"Lizard Tail"},{"floor":46,"key":"The Specimen"},{"floor":48,"key":"Strawberry"}],"event_choices":[{"damage_healed":0,"gold_gain":0,"player_choice":"Grow","damage_taken":0,"max_hp_gain":0,"max_hp_loss":0,"event_name":"Living Wall","floor":2,"gold_loss":0,"cards_upgraded":["Transmutation"]},{"damage_healed":0,"gold_gain":0,"player_choice":"Cursed","damage_taken":0,"max_hp_gain":0,"max_hp_loss":0,"event_name":"Wheel of Change","floor":3,"gold_loss":0,"cards_obtained":["Decay"]},{"damage_healed":0,"gold_gain":75,"player_choice":"Gather Gold","damage_taken":11,"max_hp_gain":0,"max_hp_loss":0,"event_name":"World of Goop","floor":11,"gold_loss":0},{"damage_healed":0,"gold_gain":30,"player_choice":"Searched \u00273\u0027 times","damage_taken":0,"max_hp_gain":0,"max_hp_loss":0,"event_name":"Dead Adventurer","floor":12,"gold_loss":0},{"damage_healed":0,"gold_gain":0,"player_choice":"Bought 3 Potions","damage_taken":0,"max_hp_gain":0,"max_hp_loss":0,"event_name":"The Woman in Blue","floor":13,"gold_loss":0},{"damage_healed":0,"gold_gain":0,"player_choice":"Rummage","damage_taken":0,"relics_obtained":["WarpedTongs"],"max_hp_gain":0,"max_hp_loss":0,"event_name":"Accursed Blacksmith","floor":20,"gold_loss":0,"cards_obtained":["Pain"]},{"damage_healed":0,"gold_gain":0,"player_choice":"Opened","damage_taken":0,"relics_obtained":["Ancient Tea Set"],"max_hp_gain":0,"max_hp_loss":0,"event_name":"The Mausoleum","floor":21,"gold_loss":0,"cards_obtained":["Writhe"]},{"damage_healed":0,"gold_gain":0,"player_choice":"Obtain J.A.X.","damage_taken":0,"max_hp_gain":0,"max_hp_loss":0,"event_name":"Drug Dealer","floor":22,"gold_loss":0,"cards_obtained":["J.A.X."]},{"damage_healed":0,"gold_gain":0,"player_choice":"Shed Blood","damage_taken":23,"max_hp_gain":5,"max_hp_loss":0,"event_name":"Forgotten Altar","floor":24,"gold_loss":0},{"damage_healed":24,"gold_gain":0,"player_choice":"Writhe","damage_taken":0,"max_hp_gain":0,"max_hp_loss":0,"event_name":"Winding Halls","floor":38,"gold_loss":0,"cards_obtained":["Writhe"]},{"damage_healed":0,"gold_gain":0,"player_choice":"Paid","damage_taken":0,"relics_obtained":["Red Mask"],"max_hp_gain":0,"max_hp_loss":0,"event_name":"Tomb of Lord Red Mask","floor":39,"gold_loss":207},{"damage_healed":0,"gold_gain":0,"player_choice":"Copied","damage_taken":0,"max_hp_gain":0,"max_hp_loss":0,"event_name":"Duplicator","floor":41,"gold_loss":0,"cards_obtained":["Infinite Blades"]},{"damage_healed":0,"gold_gain":0,"player_choice":"Fight","damage_taken":0,"max_hp_gain":0,"max_hp_loss":0,"event_name":"MindBloom","floor":46,"gold_loss":0}],"is_beta":false,"boss_relics":[{"not_picked":["Coffee Dripper","Runic Pyramid"],"picked":"SlaversCollar"},{"not_picked":["SacredBark","Philosopher\u0027s Stone"],"picked":"Fusion Hammer"}],"items_purged_floors":[8,8,8,19,31,31,31,31,31,31,47],"is_endless":false,"potions_floor_spawned":[5,6,7,16,23,30,40,42,46,48],"ascension_level":0}}