{"host":"gcl0wx4kxpuh49bt","time":1612023711,"event":{"mods":["AchievementEnabler","BaseMod","DeckTracker","Minty Spire (QoL Compilation)","StSLib"],"gold_per_floor":[359,534,554,566,230,262,262,262,342,342,359,359,43,56,56,156,156,172,172,87,87,107,132,132,167,167,180,180,198,198,230,230,333,333,349,125,143,159,169,169,0,32,58,58,69,27,27,43,43,43],"floor_reached":51,"language":"KOR","playtime":2307,"items_purged":["Doubt","Parasite","Strike_R"],"score":1067,"play_id":"547a560a-ef60-4c81-93cb-e663a9d76a88","local_time":"20210131012151","is_ascension_mode":true,"campfire_choices":[{"floor":8.0,"key":"REST"},{"data":"Heavy Blade","floor":10.0,"key":"SMITH"},{"data":"Demon Form","floor":12.0,"key":"SMITH"},{"data":"Inflame","floor":15.0,"key":"SMITH"},{"data":"Body Slam","floor":24.0,"key":"SMITH"},{"floor":30.0,"key":"REST"},{"floor":32.0,"key":"REST"},{"data":"Limit Break","floor":40,"key":"SMITH"},{"data":"Impervious","floor":44,"key":"SMITH"},{"data":"Evolve","floor":47,"key":"SMITH"},{"data":"Bash","floor":49,"key":"SMITH"}],"circlet_count":0,"master_deck":["Strike_R+1","Strike_R","Strike_R","Strike_R","Defend_R","Defend_R","Defend_R","Defend_R","Bash+1","Heavy Blade+1","Disarm","Inflame+1","Demon Form+1","Pommel Strike+1","Evolve+1","Power Through","Limit Break+1","Second Wind+1","Dark Embrace+1","Body Slam+1","Feel No Pain","Pommel Strike+1","Barricade","Impervious+1","Pommel Strike+1","Bloodletting+1"],"relics":["Burning Blood","Question Card","Vajra","InkBottle","MealTicket","Snecko Eye","The Courier","Bird Faced Urn","Oddly Smooth Stone","Dream Catcher","Potion Belt","Coffee Dripper","Blood Vial","Red Mask","Ornamental Fan","Whetstone"],"acts_visited":["Exordium","TheCity","TheBeyond"],"potions_floor_usage":[50,50,50,50],"damage_taken":[{"damage":14.0,"enemies":"Jaw Worm","floor":1.0,"turns":3.0},{"damage":3.0,"enemies":"2 Louse","floor":3.0,"turns":3.0},{"damage":8.0,"enemies":"Small Slimes","floor":4.0,"turns":4.0},{"damage":42.0,"enemies":"3 Sentries","floor":6.0,"turns":8.0},{"damage":16.0,"enemies":"3 Louse","floor":11.0,"turns":4.0},{"damage":15.0,"enemies":"2 Fungi Beasts","floor":14.0,"turns":3.0},{"damage":11.0,"enemies":"Slime Boss","floor":16.0,"turns":4.0},{"damage":6.0,"enemies":"Spheric Guardian","floor":18.0,"turns":3.0},{"damage":6.0,"enemies":"2 Thieves","floor":22.0,"turns":3.0},{"damage":27.0,"enemies":"Slavers","floor":23.0,"turns":4.0},{"damage":15.0,"enemies":"Book of Stabbing","floor":25.0,"turns":3.0},{"damage":4.0,"enemies":"3 Cultists","floor":27.0,"turns":5.0},{"damage":31.0,"enemies":"Colosseum Slavers","floor":28.0,"turns":4.0},{"damage":6.0,"enemies":"Cultist and Chosen","floor":29.0,"turns":4.0},{"damage":30.0,"enemies":"Slavers","floor":31.0,"turns":4.0},{"damage":34.0,"enemies":"Automaton","floor":33.0,"turns":7.0},{"damage":36,"enemies":"3 Darklings","floor":35,"turns":5},{"damage":5,"enemies":"Orb Walker","floor":37,"turns":3},{"damage":10,"enemies":"Spire Growth","floor":38,"turns":5},{"damage":26,"enemies":"4 Shapes","floor":39,"turns":4},{"damage":0,"enemies":"Giant Head","floor":42,"turns":6},{"damage":0,"enemies":"Sphere and 2 Shapes","floor":45,"turns":4},{"damage":27,"enemies":"Maw","floor":48,"turns":5},{"damage":32,"enemies":"Donu and Deca","floor":50,"turns":9}],"seed_played":"820226402996770557","potions_obtained":[{"floor":3.0,"key":"BlessingOfTheForge"},{"floor":11.0,"key":"DistilledChaos"},{"floor":14.0,"key":"Block Potion"},{"floor":16.0,"key":"Fire Potion"},{"floor":22.0,"key":"PowerPotion"},{"floor":23.0,"key":"Fire Potion"},{"floor":27.0,"key":"Ancient Potion"},{"floor":35,"key":"LiquidMemories"},{"floor":42,"key":"SteroidPotion"},{"floor":45,"key":"SpeedPotion"}],"is_trial":false,"path_per_floor":["M","?","M","M","$","E","?","R","T","R","M","R","$","M","R","B",null,"M","?","?","?","M","E","R","E","T","M","?","M","R","E","R","B",null,"M","$","M","M","M","R","?","E","T","R","M","$","R","M","R","B",null],"character_chosen":"IRONCLAD","items_purchased":["Question Card","Evolve","MealTicket","Blood Vial","Dexterity Potion"],"campfire_rested":3,"item_purchase_floors":[5,13,13,36,46],"current_hp_per_floor":[43,43,46,44,44,8,28,52,52,52,42,42,42,33,33,28,65,65,51,51,51,51,30,30,27,27,35,18,22,46,28,52,36,71,51,66,77,80,66,66,66,82,82,82,82,82,82,66,66,52],"gold":43,"neow_bonus":"TWO_FIFTY_GOLD","is_daily":false,"chose_seed":false,"campfire_upgraded":8,"win_rate":0.0,"timestamp":1612023711,"path_taken":["M","?","M","M","$","E","?","R","T","R","M","R","?","M","R","BOSS","M","?","?","?","M","E","R","E","T","M","?","?","R","E","R","BOSS","M","$","M","M","M","R","?","E","T","R","M","$","R","M","R","BOSS"],"items_purchased_type":["Relic","Card","Relic","Relic","Potion"],"build_version":"2020-12-22","purchased_purges":3,"victory":true,"max_hp_per_floor":[80,80,80,80,80,80,80,80,80,80,80,80,77,77,77,77,77,77,82,82,82,82,82,82,82,82,82,82,82,82,82,82,82,82,82,82,82,82,82,82,82,82,82,82,82,82,82,82,82,82],"card_choices":[{"not_picked":["Clothesline","Thunderclap"],"picked":"Heavy Blade","floor":1.0},{"not_picked":["Infernal Blade","Sentinel"],"picked":"Disarm","floor":3.0},{"not_picked":["Pommel Strike","Anger"],"picked":"Inflame","floor":4.0},{"not_picked":["Infernal Blade","Seeing Red","Cleave"],"picked":"Demon Form","floor":6.0},{"not_picked":["Perfected Strike","Twin Strike","Power Through"],"picked":"Pommel Strike","floor":11.0},{"not_picked":["Cleave","Shrug It Off","Dropkick"],"picked":"Power Through","floor":14.0},{"not_picked":["Feed","Double Tap","Immolate"],"picked":"Limit Break","floor":16.0},{"not_picked":["Havoc","Pommel Strike","Warcry"],"picked":"Second Wind+1","floor":18.0},{"not_picked":["Sword Boomerang","Wild Strike","Pommel Strike"],"picked":"Dark Embrace+1","floor":22.0},{"not_picked":["True Grit","Dark Embrace","Clothesline"],"picked":"Body Slam","floor":23.0},{"not_picked":["Thunderclap","Flex+1","Iron Wave+1"],"picked":"Feel No Pain","floor":25.0},{"not_picked":["Sword Boomerang","Shrug It Off","Metallicize"],"picked":"Pommel Strike+1","floor":27.0},{"not_picked":["Shrug It Off","Clash","Anger","Wild Strike+1"],"picked":"SKIP","floor":29.0},{"not_picked":["Flex+1","Clash","Anger"],"picked":"Barricade","floor":30.0},{"not_picked":["Pommel Strike","Armaments","Flex","Warcry"],"picked":"SKIP","floor":31.0},{"not_picked":["Bludgeon","Juggernaut","Exhume"],"picked":"Impervious","floor":33.0},{"not_picked":["Perfected Strike+1","Twin Strike","Iron Wave"],"picked":"Pommel Strike+1","floor":35},{"not_picked":["Cleave+1","Perfected Strike+1","Intimidate+1","Anger+1"],"picked":"SKIP","floor":37},{"not_picked":["Perfected Strike","Havoc+1","Rage"],"picked":"Bloodletting+1","floor":38},{"not_picked":["Flame Barrier+1","Spot Weakness+1","Havoc","Power Through"],"picked":"SKIP","floor":39},{"not_picked":["Limit Break","Warcry+1","Flex","Pommel Strike+1"],"picked":"SKIP","floor":42},{"not_picked":["Body Slam","Evolve+1","Wild Strike","Reckless Charge"],"picked":"SKIP","floor":45},{"not_picked":["Clothesline+1","Perfected Strike+1","Heavy Blade","Fire Breathing"],"picked":"SKIP","floor":48}],"player_experience":170731,"relics_obtained":[{"floor":6.0,"key":"Vajra"},{"floor":9.0,"key":"InkBottle"},{"floor":23.0,"key":"Bird Faced Urn"},{"floor":25.0,"key":"Oddly Smooth Stone"},{"floor":26.0,"key":"Dream Catcher"},{"floor":31.0,"key":"Potion Belt"},{"floor":42,"key":"Ornamental Fan"},{"floor":43,"key":"Whetstone"}],"event_choices":[{"damage_healed":0.0,"max_hp_gain":0.0,"max_hp_loss":0.0,"gold_gain":175.0,"event_name":"Liars Game","player_choice":"AGREE","floor":2.0,"gold_loss":0.0,"damage_taken":0.0,"cards_obtained":["Doubt"]},{"damage_healed":20.0,"max_hp_gain":0.0,"max_hp_loss":0.0,"gold_gain":0.0,"event_name":"Mushrooms","player_choice":"Healed and dodged fight","floor":7.0,"gold_loss":0.0,"damage_taken":0.0,"cards_obtained":["Parasite"]},{"damage_healed":0.0,"max_hp_gain":5.0,"max_hp_loss":0.0,"gold_gain":0.0,"event_name":"Forgotten Altar","player_choice":"Shed Blood","floor":19.0,"gold_loss":0.0,"damage_taken":19.0},{"damage_healed":0.0,"max_hp_gain":0.0,"max_hp_loss":0.0,"gold_gain":0.0,"event_name":"Addict","player_choice":"Obtained Relic","floor":20.0,"gold_loss":85.0,"damage_taken":0.0,"relics_obtained":["The Courier"]},{"damage_healed":0.0,"max_hp_gain":0.0,"max_hp_loss":0.0,"gold_gain":0.0,"event_name":"Ghosts","player_choice":"Ignored","floor":21.0,"gold_loss":0.0,"damage_taken":0.0},{"damage_healed":0.0,"max_hp_gain":0.0,"max_hp_loss":0.0,"gold_gain":0.0,"event_name":"Colosseum","player_choice":"Fight","floor":28.0,"gold_loss":0.0,"damage_taken":0.0},{"damage_healed":0.0,"max_hp_gain":0.0,"max_hp_loss":0.0,"gold_gain":0.0,"event_name":"Colosseum","player_choice":"Fled From Nobs","floor":28.0,"gold_loss":0.0,"damage_taken":0.0},{"damage_healed":0,"gold_gain":0,"player_choice":"Paid","damage_taken":0,"relics_obtained":["Red Mask"],"max_hp_gain":0,"max_hp_loss":0,"event_name":"Tomb of Lord Red Mask","floor":41,"gold_loss":169}],"is_beta":false,"boss_relics":[{"not_picked":["Busted Crown","Fusion Hammer"],"picked":"Snecko Eye"},{"not_picked":["SacredBark","Calling Bell"],"picked":"Coffee Dripper"}],"items_purged_floors":[5,13,36],"is_endless":false,"potions_floor_spawned":[3,11,14,16,22,23,27,28,35,42,45],"ascension_level":7}}