{"host":"8dhn6p16jorj0i1s","time":1612030290,"event":{"mods":["AchievementEnabler","BaseMod","Colored Map","DeckTracker","Highlight Path","Minty Spire (QoL Compilation)","Permanent Neow","Quick Restart"],"gold_per_floor":[119,119,71,71,92,133,133,171,171,197,209,209],"floor_reached":11,"language":"ENG","playtime":685,"items_purged":[],"score":113,"play_id":"dc6cdddf-c698-4ed2-9a19-ebf683dae603","local_time":"20210130191130","is_ascension_mode":true,"campfire_choices":[{"floor":7.0,"key":"REST"}],"circlet_count":0,"master_deck":["Strike_P","Strike_P","Strike_P","Strike_P","Defend_P","Defend_P","Defend_P","Defend_P","Eruption","Vigilance+1","DevaForm","Injury","Protect+1","WheelKick","Conclude","Fasting2","Evaluate"],"relics":["PureWater","Golden Idol","Matryoshka","War Paint","Bottled Lightning","Ancient Tea Set","MawBank"],"acts_visited":["Exordium"],"potions_floor_usage":[11,11],"damage_taken":[{"damage":0.0,"enemies":"Small Slimes","floor":1.0,"turns":3.0},{"damage":4.0,"enemies":"2 Louse","floor":5.0,"turns":5.0},{"damage":28.0,"enemies":"3 Sentries","floor":6.0,"turns":13.0},{"damage":14.0,"enemies":"Lagavulin","floor":8.0,"turns":5.0},{"damage":7.0,"enemies":"Jaw Worm","floor":10.0,"turns":5.0},{"damage":5,"enemies":"Gremlin Nob","floor":11,"turns":3}],"seed_played":"1172087851840047286","potions_obtained":[{"floor":8.0,"key":"DistilledChaos"},{"floor":10.0,"key":"GamblersBrew"}],"is_trial":false,"path_per_floor":["M","?","$","?","M","E","R","E","T","M","E"],"character_chosen":"WATCHER","items_purchased":["Protect"],"campfire_rested":1,"item_purchase_floors":[3],"current_hp_per_floor":[47,47,47,44,40,12,33,19,19,12,7,7],"gold":209,"neow_bonus":"THREE_RARE_CARDS","is_daily":false,"chose_seed":false,"campfire_upgraded":0,"win_rate":0.0,"timestamp":1612030290,"path_taken":["M","?","$","?","M","E","R","E","T","M","E"],"items_purchased_type":["Card"],"build_version":"2020-12-22","purchased_purges":0,"victory":false,"max_hp_per_floor":[72,72,72,72,72,72,72,72,72,72,72,72],"card_choices":[{"not_picked":["Brilliance","Scrawl"],"picked":"DevaForm","floor":0.0},{"not_picked":["BowlingBash","CutThroughFate","LikeWater"],"picked":"SKIP","floor":1.0},{"not_picked":["EmptyBody","FlyingSleeves"],"picked":"WheelKick","floor":5.0},{"not_picked":["Consecrate","PathToVictory"],"picked":"Conclude","floor":6.0},{"not_picked":["CarveReality","WreathOfFlame"],"picked":"Fasting2","floor":8.0},{"not_picked":["PathToVictory","EmptyBody"],"picked":"Evaluate","floor":10.0}],"player_experience":494929,"relics_obtained":[{"floor":6.0,"key":"War Paint"},{"floor":8.0,"key":"Bottled Lightning"},{"floor":9.0,"key":"Ancient Tea Set"},{"floor":9.0,"key":"MawBank"}],"event_choices":[{"damage_healed":0.0,"max_hp_gain":0.0,"max_hp_loss":0.0,"gold_gain":0.0,"event_name":"Golden Idol","player_choice":"Take Wound","floor":2.0,"gold_loss":0.0,"damage_taken":0.0,"relics_obtained":["Golden Idol"],"cards_obtained":["Injury"]},{"damage_healed":0.0,"max_hp_gain":0.0,"max_hp_loss":0.0,"gold_gain":0.0,"event_name":"Scrap Ooze","player_choice":"Success","floor":4.0,"gold_loss":0.0,"damage_taken":3.0,"relics_obtained":["Matryoshka"]}],"is_beta":false,"boss_relics":[],"items_purged_floors":[],"is_endless":false,"potions_floor_spawned":[8,10],"killed_by":"Gremlin Nob","ascension_level":8}}