{"host":"6affnl2vk6en9o4b","time":1612025022,"event":{"mods":["AchievementEnabler","Aspiration","BaseMod","BetterRewards","Colored Powertips","Conspire","Downfall","Friendly Minions","Googly Eyes","Highlight Path","Hubris","Minty Spire (QoL Compilation)","Replay The Spire","StSLib","Trackpad","Unceasing Turn Reminder"],"gold_per_floor":[99,99,114,60,76,76,76,94,126,140,159,59,93,147,167,272,272,72,91,119,119,219,247,247,272,293,293,326,326,326,349,376,376,376,376],"floor_reached":33,"language":"ENG","playtime":2168,"items_purged":[],"score":356,"play_id":"2b9bc846-73da-453a-926c-2328108c25e2","local_time":"20210130164342","is_ascension_mode":false,"campfire_choices":[{"floor":1.0,"key":"RECALL"},{"data":"hexamod:RadiantFlame","floor":6.0,"key":"SMITH"},{"floor":12.0,"key":"REST"},{"floor":30,"key":"REST"}],"circlet_count":0,"master_deck":["hexamod:Strike+1","hexamod:Strike+1","hexamod:Strike+1","hexamod:Strike+1","hexamod:Defend+1","hexamod:Defend+1","hexamod:Defend+1","hexamod:Defend+1","hexamod:Sear","hexamod:Float+1","hexamod:Sear","hexamod:Firestarter","hexamod:ThirdSeal","hexamod:RadiantFlame+1","hexamod:PowerFromBeyond","hexamod:GhostOfSpireFuture","hexamod:GhostflameBarrier","hexamod:HeatMetal","hexamod:RecurringNightmare","hexamod:ExtraCrispy","hexamod:Hexaguard+1","hexamod:ExtraCrispy","hexamod:BurningTouch","hexamod:HeatCrush+1","hexamod:FlamesFromBeyond+1","hexamod:SecondSeal","hexamod:EtherealExpedition","hexamod:PhantomFireball","hexamod:SixthSeal","hexamod:GhostOfSpirePresent","hexamod:NightmareStrike+1","hexamod:ChargedBarrage+1","hexamod:GhostLash+1","hexamod:FastForward","hexamod:NightmareGuise","hexamod:FastForward","hexamod:FirstSeal","hexamod:InspiringFlames+1","hexamod:PhantomFireball","hexamod:Again+1","hexamod:Hexaguard","hexamod:Incineration","hexamod:SoulSteal","hexamod:EmpoweredFlame+1","hexamod:HeatMetal"],"relics":["hexamod:SpiritBrand","downfall:HeartBlessingRed","Mercury Hourglass","Dream Catcher","aspiration:SecretTechniqueScroll","downfall:HeartBlessingGreen","downfall:HeartBlessingBlue","downfall:RedIOU","downfall:GremlinWheel","aspiration:Lifesprig","Ice Cream","Oddly Smooth Stone","Blood Vial"],"acts_visited":["Exordium","TheCity"],"potions_floor_usage":[28,28,33],"damage_taken":[{"damage":0.0,"enemies":"Small Slimes","floor":3.0,"turns":3.0},{"damage":0.0,"enemies":"downfall:FleeingMerchant","floor":4.0,"turns":4.0},{"damage":0.0,"enemies":"Cultist","floor":5.0,"turns":3.0},{"damage":0.0,"enemies":"2 Louse","floor":8.0,"turns":5.0},{"damage":32.0,"enemies":"3 Sentries","floor":9.0,"turns":11.0},{"damage":3.0,"enemies":"Gremlin Gang","floor":10.0,"turns":5.0},{"damage":8.0,"enemies":"3 Louse","floor":11.0,"turns":4.0},{"damage":18.0,"enemies":"Lagavulin","floor":13.0,"turns":7.0},{"damage":0.0,"enemies":"Large Slime","floor":15.0,"turns":3.0},{"damage":35.0,"enemies":"WA_ARCHETYPE_RETAIN","floor":16.0,"turns":6.0},{"damage":9.0,"enemies":"conspire:FuzzyDice","floor":19.0,"turns":5.0},{"damage":19.0,"enemies":"Snecko","floor":20.0,"turns":4.0},{"damage":0.0,"enemies":"Snecko","floor":22.0,"turns":3.0},{"damage":0.0,"enemies":"conspire:HollyBat","floor":23.0,"turns":6.0},{"damage":29.0,"enemies":"Cultist and Chosen","floor":25.0,"turns":6.0},{"damage":3.0,"enemies":"Centurion and Healer","floor":26.0,"turns":7.0},{"damage":18,"enemies":"Slavers","floor":28,"turns":6},{"damage":27,"enemies":"conspire:HollyBat","floor":31,"turns":9},{"damage":26,"enemies":"Shelled Parasite and Fungi","floor":32,"turns":7},{"damage":23,"enemies":"DF_ARCHETYPE_CLAW","floor":33,"turns":2}],"seed_played":"6984133002478639126","potions_obtained":[{"floor":3.0,"key":"Toxic Potion"},{"floor":8.0,"key":"CultistPotion"},{"floor":13.0,"key":"Swift Potion"},{"floor":14.0,"key":"Dexterity Potion"},{"floor":15.0,"key":"BlessingOfTheForge"},{"floor":16.0,"key":"FearPotion"},{"floor":23.0,"key":"Fire Potion"},{"floor":28,"key":"Doom Potion"}],"is_trial":false,"path_per_floor":["R","?","M","$","M","R","T","M","E","M","M","R","E","?","M","B",null,"R","M","M","?","?","M","T","M","M","T","E","?","R","M","M","B"],"character_chosen":"THE_SPIRIT","items_purchased":["hexamod:RadiantFlame"],"campfire_rested":2,"item_purchase_floors":[4],"current_hp_per_floor":[77,77,77,77,77,77,77,77,45,42,34,57,39,39,39,4,77,87,78,59,59,59,59,59,30,34,34,23,23,49,31,14,0,0,0],"gold":376,"neow_bonus":"TEN_PERCENT_HP_BONUS","is_daily":false,"chose_seed":false,"campfire_upgraded":1,"win_rate":0.0,"timestamp":1612025022,"path_taken":["R","?","M","?","M","R","T","M","E","M","?","R","E","?","M","BOSS","R","M","M","?","?","?","T","M","M","?","E","?","R","M","M","BOSS"],"items_purchased_type":["Card"],"build_version":"2020-12-22","purchased_purges":0,"victory":false,"max_hp_per_floor":[77,77,77,77,77,77,77,77,77,77,77,77,77,77,77,77,77,87,87,87,87,87,87,87,87,87,87,87,87,87,87,87,87,87,87],"card_choices":[{"not_picked":["hexamod:Rewind","hexamod:GhostLash"],"picked":"hexamod:Firestarter","floor":3.0},{"not_picked":["hexamod:ShieldOfDarkness","hexamod:EmpoweredFlame"],"picked":"hexamod:ThirdSeal","floor":4.0},{"not_picked":["hexamod:Hexaguard","hexamod:SwordOfDarkness"],"picked":"hexamod:PowerFromBeyond","floor":5.0},{"not_picked":["hexamod:EtherealExpedition","hexamod:SpectersWail"],"picked":"hexamod:GhostOfSpireFuture","floor":5.0},{"not_picked":["hexamod:ShieldOfDarkness","hexamod:NightmareStrike"],"picked":"hexamod:GhostflameBarrier","floor":8.0},{"not_picked":["hexamod:AdvancingGuard","hexamod:ShieldOfDarkness"],"picked":"hexamod:HeatMetal","floor":8.0},{"not_picked":["hexamod:SpectersWail","hexamod:BacktrackSmack"],"picked":"hexamod:RecurringNightmare","floor":9.0},{"not_picked":["hexamod:NightmareStrike","hexamod:ThirdSeal"],"picked":"hexamod:ExtraCrispy","floor":9.0},{"not_picked":["hexamod:TimeWarp","hexamod:SpectersWail"],"picked":"hexamod:Hexaguard","floor":10.0},{"not_picked":["hexamod:NightmareStrike","hexamod:GhostflameBarrier"],"picked":"hexamod:ExtraCrispy","floor":11.0},{"not_picked":["hexamod:GhostOfSpirePast","hexamod:GhostLash"],"picked":"hexamod:BurningTouch","floor":11.0},{"not_picked":["hexamod:PhantomCloak","hexamod:StepThrough"],"picked":"hexamod:HeatCrush","floor":13.0},{"not_picked":["hexamod:Hexaguard","hexamod:NecessarySacrifice"],"picked":"hexamod:FlamesFromBeyond","floor":13.0},{"not_picked":["hexamod:SwordOfDarkness","hexamod:RetreatToShadows"],"picked":"hexamod:SecondSeal","floor":14.0},{"not_picked":["hexamod:ChargedBarrage","hexamod:Hexaguard"],"picked":"hexamod:EtherealExpedition","floor":14.0},{"not_picked":["hexamod:RadiantFlame","hexamod:ExtraCrispy"],"picked":"hexamod:PhantomFireball","floor":15.0},{"not_picked":["hexamod:UnlimitedPower","hexamod:WildfireWeapon"],"picked":"hexamod:SixthSeal","floor":16.0},{"not_picked":["hexamod:TimeOfNeed","hexamod:ParanormalForm"],"picked":"hexamod:GhostOfSpirePresent","floor":16.0},{"not_picked":["hexamod:BurningTouch","hexamod:GhostShield+1"],"picked":"hexamod:NightmareStrike+1","floor":19.0},{"not_picked":["hexamod:InspiringFlames","hexamod:HeatCrush"],"picked":"hexamod:ChargedBarrage+1","floor":19.0},{"not_picked":["hexamod:HauntingEcho","hexamod:PowerFromBeyond"],"picked":"hexamod:GhostLash","floor":20.0},{"not_picked":["hexamod:SwordOfDarkness","hexamod:DynamicBlow"],"picked":"hexamod:FastForward","floor":22.0},{"not_picked":["hexamod:Hexaguard+1","hexamod:ShieldOfDarkness"],"picked":"hexamod:NightmareGuise","floor":23.0},{"not_picked":["hexamod:HeatMetal+1","hexamod:UnleashSpirits"],"picked":"hexamod:FastForward","floor":23.0},{"not_picked":["hexamod:ExtraCrispy","hexamod:SecondSeal"],"picked":"hexamod:FirstSeal","floor":25.0},{"not_picked":["hexamod:BacktrackSmack+1","hexamod:SpectersWail"],"picked":"hexamod:InspiringFlames","floor":26.0},{"not_picked":["hexamod:GhostShield","hexamod:InspiringFlames"],"picked":"hexamod:PhantomFireball","floor":26.0},{"not_picked":["hexamod:ThermalTransfer","hexamod:HeatMetal+1"],"picked":"hexamod:Again+1","floor":28},{"not_picked":["hexamod:ExtraCrispy","hexamod:NecessarySacrifice"],"picked":"hexamod:Hexaguard","floor":30},{"not_picked":["hexamod:Rewind","hexamod:DynamicBlow"],"picked":"hexamod:Incineration","floor":31},{"not_picked":["hexamod:GhostOfSpireFuture","hexamod:PhantomCloak"],"picked":"hexamod:SoulSteal","floor":31},{"not_picked":["hexamod:HeatCrush+1","hexamod:SwordOfDarkness"],"picked":"hexamod:EmpoweredFlame+1","floor":32},{"not_picked":["hexamod:ShieldOfDarkness","hexamod:BacktrackSmack"],"picked":"hexamod:HeatMetal","floor":32}],"player_experience":218334,"relics_obtained":[{"floor":9.0,"key":"ReplayTheSpireMod:Lightbulb"},{"floor":13.0,"key":"Mercury Hourglass"},{"floor":14.0,"key":"Dream Catcher"},{"floor":22.0,"key":"downfall:GremlinWheel"},{"floor":24.0,"key":"aspiration:Lifesprig"},{"floor":27.0,"key":"Ice Cream"},{"floor":28,"key":"Oddly Smooth Stone"},{"floor":30,"key":"Blood Vial"}],"event_choices":[{"damage_healed":0,"gold_gain":0,"player_choice":"Relic","damage_taken":0,"max_hp_gain":0,"max_hp_loss":0,"event_name":"Wheel of Change","floor":30,"gold_loss":0}],"is_beta":false,"boss_relics":[{"not_picked":["Replay:Wanted Poster","Coffee Dripper"],"picked":"aspiration:SecretTechniqueScroll"}],"items_purged_floors":[],"is_endless":false,"potions_floor_spawned":[3,8,13,15,16,20,23,28],"killed_by":"DF_ARCHETYPE_CLAW","ascension_level":0}}