{"host":"d52brwsy6af8zvaq","time":1612028878,"event":{"mods":["AchievementEnabler","BaseMod","Bestiary","Highlight Path","Minty Spire (QoL Compilation)","Quick Restart","Relic Stats","ojb\u0027s Better Paths Mod"],"gold_per_floor":[368,293,303,321,37,62,62,72,122,122,141,141,174,194,194,268,268,288,288,299,299,299],"floor_reached":21,"language":"ENG","playtime":1012,"items_purged":["Strike_G"],"score":382,"play_id":"f1391382-e755-4e07-bcab-77d15824ffeb","local_time":"20210130104758","is_ascension_mode":true,"campfire_choices":[{"floor":7.0,"key":"REST"},{"data":"Eviscerate","floor":12.0,"key":"SMITH"},{"data":"Bane","floor":15.0,"key":"SMITH"}],"circlet_count":0,"master_deck":["AscendersBane","Strike_G","Strike_G","Strike_G","Defend_G","Defend_G","Defend_G","Defend_G","Defend_G","Survivor","Neutralize","Flying Knee","Blade Dance","Cloak And Dagger","Leg Sweep","Eviscerate+1","PiercingWail","Deadly Poison","Noxious Fumes+1","Dash","Bane+1","Blur","Adrenaline","Dagger Spray+1","Backflip"],"relics":["Ring of the Snake","Kunai","Ancient Tea Set","Orichalcum","HoveringKite","Ornamental Fan"],"acts_visited":["TheCity"],"potions_floor_usage":[18],"damage_taken":[{"damage":0.0,"enemies":"Small Slimes","floor":1.0,"turns":6.0},{"damage":1.0,"enemies":"2 Louse","floor":3.0,"turns":3.0},{"damage":0.0,"enemies":"Cultist","floor":4.0,"turns":3.0},{"damage":38.0,"enemies":"Lagavulin","floor":6.0,"turns":10.0},{"damage":6.0,"enemies":"Red Slaver","floor":8.0,"turns":6.0},{"damage":1.0,"enemies":"2 Fungi Beasts","floor":11.0,"turns":4.0},{"damage":7.0,"enemies":"Gremlin Nob","floor":13.0,"turns":4.0},{"damage":0.0,"enemies":"Blue Slaver","floor":14.0,"turns":3.0},{"damage":17.0,"enemies":"Hexaghost","floor":16.0,"turns":11.0},{"damage":12,"enemies":"3 Byrds","floor":18,"turns":6},{"damage":9,"enemies":"Spheric Guardian","floor":20,"turns":6},{"damage":28,"enemies":"Snecko","floor":21,"turns":5}],"seed_played":"-3289890995341021584","potions_obtained":[{"floor":3.0,"key":"GhostInAJar"},{"floor":4.0,"key":"BlessingOfTheForge"},{"floor":16.0,"key":"DuplicationPotion"},{"floor":20,"key":"CultistPotion"}],"is_trial":false,"path_per_floor":["M","?","M","M","$","E","R","M","T","?","M","R","E","M","R","B",null,"M","T","M","M"],"character_chosen":"THE_SILENT","items_purchased":["Leg Sweep","Eviscerate","PiercingWail"],"campfire_rested":1,"item_purchase_floors":[5,5,5],"current_hp_per_floor":[59,59,58,58,58,20,38,32,32,32,31,31,24,24,24,7,47,35,35,26,0,0],"gold":299,"neow_bonus":"TWO_FIFTY_GOLD","is_daily":false,"chose_seed":false,"campfire_upgraded":2,"win_rate":0.0,"timestamp":1612028878,"path_taken":["M","?","M","M","$","E","R","M","T","?","M","R","E","?","R","BOSS","M","?","M","M"],"items_purchased_type":["Card","Card","Card"],"build_version":"2020-12-22","purchased_purges":1,"victory":false,"max_hp_per_floor":[60,60,60,60,60,60,60,60,60,60,60,60,60,60,60,60,60,60,60,60,60,60],"relic_stats":{"counters":[12,67],"Ornamental Fan":[16],"HoveringKite":[4],"Kunai":[17],"Orichalcum":[18],"obtain_stats":[{"Ornamental Fan":19,"HoveringKite":17,"Kunai":6,"Orichalcum":13,"Ancient Tea Set":9,"Ring of the Snake":0},{"Ornamental Fan":10,"HoveringKite":9,"Kunai":4,"Orichalcum":7,"Ancient Tea Set":5,"Ring of the Snake":0},{"Ornamental Fan":56,"HoveringKite":50,"Kunai":22,"Orichalcum":36,"Ancient Tea Set":28,"Ring of the Snake":0}],"Ring of the Snake":[24]},"card_choices":[{"not_picked":["Dodge and Roll","Catalyst"],"picked":"Flying Knee","floor":1.0},{"not_picked":["Dagger Throw","Bane"],"picked":"Blade Dance","floor":3.0},{"not_picked":["Bane","Blade Dance"],"picked":"Cloak And Dagger","floor":4.0},{"not_picked":["Endless Agony","A Thousand Cuts"],"picked":"Deadly Poison","floor":6.0},{"not_picked":["Finisher","Slice"],"picked":"Noxious Fumes","floor":8.0},{"not_picked":["Dagger Spray","Masterful Stab"],"picked":"Dash","floor":11.0},{"not_picked":["Skewer","Sucker Punch"],"picked":"Bane","floor":13.0},{"not_picked":["PiercingWail","Dagger Spray"],"picked":"Blur","floor":14.0},{"not_picked":["Grand Finale","Die Die Die"],"picked":"Adrenaline","floor":16.0},{"not_picked":["Dash","Backstab+1"],"picked":"Dagger Spray+1","floor":18},{"not_picked":["Cloak And Dagger","Poisoned Stab"],"picked":"Backflip","floor":20}],"player_experience":2074241,"relics_obtained":[{"floor":6.0,"key":"Kunai"},{"floor":9.0,"key":"Ancient Tea Set"},{"floor":13.0,"key":"Orichalcum"},{"floor":19,"key":"Ornamental Fan"}],"event_choices":[{"cards_removed":["Strike_G"],"damage_healed":0.0,"max_hp_gain":0.0,"max_hp_loss":0.0,"gold_gain":0.0,"event_name":"The Cleric","player_choice":"Card Removal","floor":2.0,"gold_loss":75.0,"damage_taken":0.0},{"damage_healed":0.0,"max_hp_gain":0.0,"max_hp_loss":0.0,"gold_gain":0.0,"event_name":"Upgrade Shrine","player_choice":"Upgraded","floor":10.0,"gold_loss":0.0,"damage_taken":0.0,"cards_upgraded":["Noxious Fumes"]}],"is_beta":false,"boss_relics":[{"not_picked":["SacredBark","Empty Cage"],"picked":"HoveringKite"}],"items_purged_floors":[5],"is_endless":false,"potions_floor_spawned":[3,4,16,20],"killed_by":"Snecko","ascension_level":20}}