{"host":"f0gpob8hq9vgebej","time":1612011057,"event":{"mods":["AchievementEnabler","BaseMod","Minty Spire (QoL Compilation)","Quick Restart","SuperFastMode"],"gold_per_floor":[119,131,147,127,143,143,155,155,235,246,280,280,298,317,317,419,419,432,531,446,20,110,110,10,10,35,55,55,67,94,107,107,215,224,247,247,272,322,39,39,39,68,92,19,19,34,60,10,10,10,10],"floor_reached":50,"language":"KOR","playtime":1568,"items_purged":["Stack","All For One","Dualcast"],"score":744,"play_id":"5d43e188-2ba5-4ad9-acf8-82fb65c690fe","local_time":"20210130215057","is_ascension_mode":true,"campfire_choices":[{"data":"Zap","floor":6.0,"key":"SMITH"},{"floor":8.0,"key":"REST"},{"data":"Defragment","floor":15.0,"key":"SMITH"},{"data":"Buffer","floor":23.0,"key":"SMITH"},{"data":"Double Energy","floor":25.0,"key":"SMITH"},{"data":"Defragment","floor":28.0,"key":"SMITH"},{"floor":32.0,"key":"REST"},{"data":"Conserve Battery","floor":40,"key":"SMITH"},{"data":"Glacier","floor":45,"key":"SMITH"},{"data":"Capacitor","floor":49,"key":"SMITH"}],"circlet_count":0,"master_deck":["AscendersBane","Zap+1","Ball Lightning","Barrage+1","Buffer+1","White Noise","Cold Snap","Electrodynamics","Capacitor","Defragment+1","Biased Cognition","Core Surge","Static Discharge","Heatsinks","Thunder Strike+1","Force Field","Double Energy+1","Conserve Battery+1","Defragment+1","Biased Cognition","CurseOfTheBell","Turbo+1","Coolheaded+1","Steam Power","Capacitor+1","Lockon+1","Glacier+1","Finesse","Auto Shields"],"relics":["Cracked Core","WingedGreaves","HornCleat","Du-Vu Doll","Pandora\u0027s Box","MealTicket","FossilizedHelix","CeramicFish","Whetstone","Calling Bell","Anchor","Molten Egg 2","TungstenRod","Emotion Chip","Bag of Preparation"],"acts_visited":["Exordium","TheCity","TheBeyond"],"potions_floor_usage":[46],"damage_taken":[{"damage":5.0,"enemies":"Small Slimes","floor":1.0,"turns":3.0},{"damage":1.0,"enemies":"Cultist","floor":2.0,"turns":3.0},{"damage":0.0,"enemies":"2 Louse","floor":3.0,"turns":2.0},{"damage":4.0,"enemies":"Red Slaver","floor":5.0,"turns":3.0},{"damage":23.0,"enemies":"Exordium Wildlife","floor":7.0,"turns":5.0},{"damage":0.0,"enemies":"3 Louse","floor":10.0,"turns":3.0},{"damage":14.0,"enemies":"3 Sentries","floor":11.0,"turns":6.0},{"damage":5.0,"enemies":"Gremlin Gang","floor":13.0,"turns":3.0},{"damage":2.0,"enemies":"Large Slime","floor":14.0,"turns":5.0},{"damage":8.0,"enemies":"The Guardian","floor":16.0,"turns":8.0},{"damage":16.0,"enemies":"2 Thieves","floor":18.0,"turns":3.0},{"damage":0.0,"enemies":"Spheric Guardian","floor":27.0,"turns":3.0},{"damage":16.0,"enemies":"Snake Plant","floor":29.0,"turns":4.0},{"damage":10.0,"enemies":"Book of Stabbing","floor":30.0,"turns":5.0},{"damage":6.0,"enemies":"Cultist and Chosen","floor":31.0,"turns":4.0},{"damage":5.0,"enemies":"Champ","floor":33.0,"turns":8.0},{"damage":21.0,"enemies":"Orb Walker","floor":35.0,"turns":4.0},{"damage":10,"enemies":"3 Shapes","floor":37,"turns":2},{"damage":0,"enemies":"Mind Bloom Boss Battle","floor":38,"turns":6},{"damage":0,"enemies":"Spire Growth","floor":42,"turns":5},{"damage":10,"enemies":"Jaw Worm Horde","floor":46,"turns":4},{"damage":0,"enemies":"Maw","floor":47,"turns":5},{"damage":93,"enemies":"Awakened One","floor":50,"turns":9}],"seed_played":"3814285738583163481","potions_obtained":[{"floor":3.0,"key":"SpeedPotion"},{"floor":4.0,"key":"FearPotion"},{"floor":7.0,"key":"Regen Potion"},{"floor":11.0,"key":"DuplicationPotion"},{"floor":14.0,"key":"Weak Potion"},{"floor":16.0,"key":"Weak Potion"},{"floor":31.0,"key":"DistilledChaos"},{"floor":33.0,"key":"Energy Potion"},{"floor":37,"key":"SteroidPotion"},{"floor":38,"key":"Block Potion"}],"is_trial":false,"path_per_floor":["M","M","M","?","M","R","M","R","T","M","E","?","M","M","R","B",null,"M","?","?","$","?","R","$","R","T","M","R","M","E","M","R","B",null,"M","?","M","?","$","R","?","M","T","$","R","M","M","$","R","B"],"character_chosen":"DEFECT","items_purchased":["FossilizedHelix","Conserve Battery","Steam Power","Capacitor","Lockon+1","Finesse","Block Potion"],"campfire_rested":2,"item_purchase_floors":[21,21,39,39,39,44,48],"current_hp_per_floor":[45,44,44,44,40,40,17,39,39,39,40,40,35,33,33,25,63,47,47,47,62,44,44,59,59,59,59,59,43,33,27,49,44,67,46,46,36,36,51,51,51,51,51,66,66,56,56,71,71,0,0],"gold":10,"neow_bonus":"ONE_RARE_RELIC","is_daily":false,"chose_seed":false,"campfire_upgraded":8,"win_rate":0.0,"timestamp":1612011057,"path_taken":["M","M","M","?","M","R","M","R","T","?","E","?","M","M","R","BOSS","M","?","?","$","?","R","$","R","T","M","R","?","E","M","R","BOSS","M","?","M","?","$","R","?","M","T","$","R","M","?","$","R","BOSS"],"items_purchased_type":["Relic","Card","Card","Card","Card","Card","Potion"],"build_version":"2020-12-22","purchased_purges":3,"victory":false,"max_hp_per_floor":[75,75,75,75,75,75,75,75,75,75,75,75,75,75,75,75,75,75,75,75,75,75,75,75,75,75,75,75,75,75,75,75,75,75,75,75,75,75,75,75,71,71,71,71,71,71,71,71,71,71,71],"card_choices":[{"not_picked":["Turbo","Streamline"],"picked":"Ball Lightning","floor":1.0},{"not_picked":["Rebound","Compile Driver"],"picked":"Barrage","floor":2.0},{"not_picked":["Ball Lightning","Hologram"],"picked":"Buffer","floor":3.0},{"not_picked":["Compile Driver","Glacier"],"picked":"White Noise","floor":5.0},{"not_picked":["Doom and Gloom","Steam","Recycle"],"picked":"SKIP","floor":7.0},{"not_picked":["Gash","Turbo"],"picked":"Cold Snap","floor":10.0},{"not_picked":["Defragment","Go for the Eyes"],"picked":"Electrodynamics","floor":11.0},{"not_picked":["Darkness","Static Discharge"],"picked":"Defragment","floor":13.0},{"not_picked":["Cold Snap","Undo","Hologram"],"picked":"SKIP","floor":14.0},{"not_picked":["Echo Form","Fission"],"picked":"Biased Cognition","floor":16.0},{"not_picked":["Ball Lightning","Sunder"],"picked":"Double Energy","floor":18.0},{"not_picked":["Beam Cell","Turbo"],"picked":"Defragment","floor":27.0},{"not_picked":["Melter","Rip and Tear","Genetic Algorithm"],"picked":"SKIP","floor":29.0},{"not_picked":["Sweeping Beam","Rebound","Compile Driver"],"picked":"SKIP","floor":30.0},{"not_picked":["Sweeping Beam+1","Beam Cell+1","Tempest+1"],"picked":"SKIP","floor":31.0},{"not_picked":["Multi-Cast","Machine Learning"],"picked":"Biased Cognition","floor":33.0},{"not_picked":["Undo+1","Leap+1"],"picked":"Turbo+1","floor":35.0},{"not_picked":["Tempest+1","Go for the Eyes+1"],"picked":"Coolheaded+1","floor":37},{"not_picked":["Hologram","Double Energy"],"picked":"Glacier","floor":42},{"not_picked":["Barrage+1","Hello World+1","Machine Learning"],"picked":"SKIP","floor":46},{"not_picked":["Gash+1","Barrage+1"],"picked":"Auto Shields","floor":47}],"player_experience":291098,"relics_obtained":[{"floor":9.0,"key":"HornCleat"},{"floor":11.0,"key":"Du-Vu Doll"},{"floor":26.0,"key":"CeramicFish"},{"floor":30.0,"key":"Whetstone"},{"floor":34.0,"key":"Anchor"},{"floor":34.0,"key":"Molten Egg 2"},{"floor":34.0,"key":"TungstenRod"},{"floor":38,"key":"Emotion Chip"},{"floor":43,"key":"Bag of Preparation"}],"event_choices":[{"damage_healed":0.0,"max_hp_gain":0.0,"max_hp_loss":0.0,"gold_gain":0.0,"event_name":"The Woman in Blue","player_choice":"Bought 1 Potion","floor":4.0,"gold_loss":0.0,"damage_taken":0.0},{"damage_healed":0.0,"max_hp_gain":0.0,"max_hp_loss":0.0,"gold_gain":0.0,"cards_transformed":["Strike_B"],"event_name":"Transmorgrifier","player_choice":"Transformed","floor":12.0,"gold_loss":0.0,"damage_taken":0.0,"cards_obtained":["Capacitor"]},{"damage_healed":0.0,"max_hp_gain":0.0,"max_hp_loss":0.0,"gold_gain":99.0,"event_name":"Nest","player_choice":"Stole From Cult","floor":19.0,"gold_loss":0.0,"damage_taken":0.0},{"damage_healed":0.0,"max_hp_gain":0.0,"max_hp_loss":0.0,"gold_gain":0.0,"event_name":"Addict","player_choice":"Obtained Relic","floor":20.0,"gold_loss":85.0,"damage_taken":0.0,"relics_obtained":["MealTicket"]},{"damage_healed":0.0,"max_hp_gain":0.0,"max_hp_loss":0.0,"gold_gain":90.0,"event_name":"Knowing Skull","player_choice":"POTION GOLD ","floor":22.0,"potions_obtained":["AttackPotion"],"gold_loss":0.0,"damage_taken":18.0,"cards_obtained":[]},{"damage_healed":0.0,"max_hp_gain":0.0,"max_hp_loss":0.0,"gold_gain":0.0,"event_name":"Tomb of Lord Red Mask","player_choice":"Ignored","floor":36.0,"gold_loss":0.0,"damage_taken":0.0},{"damage_healed":0,"gold_gain":0,"player_choice":"Fight","damage_taken":0,"max_hp_gain":0,"max_hp_loss":0,"event_name":"MindBloom","floor":38,"gold_loss":0},{"damage_healed":0,"gold_gain":0,"player_choice":"Max HP","damage_taken":0,"max_hp_gain":0,"max_hp_loss":4,"event_name":"Winding Halls","floor":41,"gold_loss":0}],"is_beta":false,"boss_relics":[{"not_picked":["FrozenCore","Ectoplasm"],"picked":"Pandora\u0027s Box"},{"not_picked":["Velvet Choker","Black Star"],"picked":"Calling Bell"}],"items_purged_floors":[21,24,39],"is_endless":false,"potions_floor_spawned":[3,5,7,11,14,16,31,33,37,38,42],"killed_by":"Awakened One","ascension_level":11}}