{"host":"59fzh68erzs7h44i","time":1612030083,"event":{"mods":["AchievementEnabler","BaseMod","Downfall","Minty Spire (QoL Compilation)","StSLib","The Jungle"],"gold_per_floor":[119,194,212,212,212,240,240,259,283,306,339,170,196,208,208,312,312,328,142,142,142,142,177,177,197,197,231,231,245,245,245,245,245,245],"floor_reached":33,"language":"ENG","playtime":3115,"items_purged":["Defend_P","Strike_P"],"score":366,"play_id":"f2b76331-61b3-4916-98e5-c5d75a01cf9d","local_time":"20210130130803","is_ascension_mode":true,"campfire_choices":[{"floor":7,"key":"REST"},{"floor":15,"key":"REST"},{"floor":24,"key":"REST"},{"floor":28,"key":"REST"},{"data":"CutThroughFate","floor":30,"key":"SMITH"},{"data":"Ragnarok","floor":32,"key":"SMITH"}],"circlet_count":0,"master_deck":["Strike_P","Strike_P","Defend_P","Eruption","Vigilance","Vengeance","Adaptation","FollowUp","EmptyBody","Weave","ThirdEye","CutThroughFate+1","Crescendo","Dramatic Entrance","FlurryOfBlows","Ragnarok+1","CrushJoints+1","Flash of Steel","RitualDagger","WheelKick","JustLucky","CutThroughFate","Nirvana"],"relics":["PureWater","Bag of Marbles","Vajra","Odd Mushroom","MealTicket","Nunchaku","SacredBark","Strawberry","Mummified Hand","Bottled Lightning"],"acts_visited":["Exordium","TheCity"],"potions_floor_usage":[16,16,16,33],"damage_taken":[{"damage":6,"enemies":"Jaw Worm","floor":1,"turns":3},{"damage":0,"enemies":"2 Louse","floor":3,"turns":2},{"damage":22,"enemies":"Lagavulin","floor":6,"turns":5},{"damage":0,"enemies":"Cultist","floor":8,"turns":2},{"damage":0,"enemies":"The Mushroom Lair","floor":10,"turns":2},{"damage":16,"enemies":"Gremlin Nob","floor":11,"turns":3},{"damage":0,"enemies":"Lagavulin","floor":13,"turns":2},{"damage":0,"enemies":"3 Louse","floor":14,"turns":1},{"damage":53,"enemies":"The Guardian","floor":16,"turns":5},{"damage":0,"enemies":"Spheric Guardian","floor":18,"turns":2},{"damage":39,"enemies":"Slavers","floor":23,"turns":4},{"damage":5,"enemies":"Chosen","floor":25,"turns":3},{"damage":0,"enemies":"Gremlin Leader","floor":27,"turns":2},{"damage":8,"enemies":"Centurion and Healer","floor":29,"turns":2},{"damage":77,"enemies":"Collector","floor":33,"turns":3}],"seed_played":"-8553502444728409550","potions_obtained":[{"floor":6,"key":"SteroidPotion"},{"floor":8,"key":"AttackPotion"},{"floor":10,"key":"SkillPotion"},{"floor":23,"key":"Dexterity Potion"},{"floor":29,"key":"Strength Potion"}],"is_trial":false,"path_per_floor":["M","?","M","?","?","E","R","M","T","?","E","$","E","M","R","B",null,"M","$","?","?","?","E","R","M","T","E","R","M","R","?","R","B"],"character_chosen":"WATCHER","items_purchased":["Dramatic Entrance","Flash of Steel"],"campfire_rested":4,"item_purchase_floors":[12,19],"current_hp_per_floor":[45,34,34,34,39,17,40,40,40,40,24,39,39,39,62,9,77,77,77,71,71,71,39,64,59,59,59,84,76,76,76,76,0,0],"gold":245,"neow_bonus":"TRANSFORM_TWO_CARDS","is_daily":false,"chose_seed":false,"campfire_upgraded":2,"win_rate":0.0,"timestamp":1612030083,"path_taken":["M","?","M","?","?","E","R","M","T","?","E","?","E","M","R","BOSS","M","$","?","?","?","E","R","?","T","E","R","M","R","?","R","BOSS"],"items_purchased_type":["Card","Card"],"build_version":"2020-12-22","purchased_purges":2,"victory":false,"max_hp_per_floor":[72,72,72,72,77,77,77,77,77,77,77,77,77,77,77,77,77,77,77,77,77,77,84,84,84,84,84,84,84,84,84,84,84,84],"card_choices":[{"not_picked":["SandsOfTime","CutThroughFate"],"picked":"FollowUp","floor":1},{"not_picked":["DeceiveReality","SashWhip"],"picked":"EmptyBody","floor":3},{"not_picked":["Study","DeceiveReality"],"picked":"Weave","floor":6},{"not_picked":["WheelKick","SashWhip"],"picked":"ThirdEye","floor":8},{"not_picked":["BattleHymn","Wish"],"picked":"CutThroughFate","floor":10},{"not_picked":["BattleHymn","Evaluate"],"picked":"Crescendo","floor":11},{"not_picked":["ReachHeaven","BowlingBash"],"picked":"FlurryOfBlows","floor":13},{"not_picked":["Protect","Halt","PathToVictory"],"picked":"SKIP","floor":14},{"not_picked":["Establishment","Vault"],"picked":"Ragnarok","floor":16},{"not_picked":["EmptyBody","Collect"],"picked":"CrushJoints+1","floor":18},{"not_picked":["FlyingSleeves","LessonLearned"],"picked":"JustLucky","floor":23},{"not_picked":["InnerPeace+1","ClearTheMind","SignatureMove+1"],"picked":"SKIP","floor":25},{"not_picked":["FollowUp","ClearTheMind","SpiritShield"],"picked":"SKIP","floor":27},{"not_picked":["EmptyBody","Protect+1"],"picked":"CutThroughFate","floor":29}],"player_experience":200100,"relics_obtained":[{"floor":6,"key":"Bag of Marbles"},{"floor":9,"key":"Vajra"},{"floor":10,"key":"Odd Mushroom"},{"floor":11,"key":"MealTicket"},{"floor":13,"key":"Nunchaku"},{"floor":23,"key":"Strawberry"},{"floor":26,"key":"Mummified Hand"},{"floor":27,"key":"Bottled Lightning"}],"event_choices":[{"damage_healed":0,"gold_gain":75,"player_choice":"Gather Gold","damage_taken":11,"max_hp_gain":0,"max_hp_loss":0,"event_name":"World of Goop","floor":2,"gold_loss":0},{"damage_healed":0,"gold_gain":0,"player_choice":"Fled","damage_taken":0,"max_hp_gain":0,"max_hp_loss":0,"event_name":"Scrap Ooze","floor":4,"gold_loss":0},{"damage_healed":0,"gold_gain":0,"player_choice":"Donut","damage_taken":0,"max_hp_gain":5,"max_hp_loss":0,"event_name":"Big Fish","floor":5,"gold_loss":0},{"damage_healed":0,"gold_gain":0,"player_choice":"Fought Mushrooms","damage_taken":0,"max_hp_gain":0,"max_hp_loss":0,"event_name":"Mushrooms","floor":10,"gold_loss":0},{"damage_healed":0,"gold_gain":0,"player_choice":"Joined the Cult","damage_taken":6,"max_hp_gain":0,"max_hp_loss":0,"event_name":"Nest","floor":20,"gold_loss":0,"cards_obtained":["RitualDagger"]},{"damage_healed":0,"gold_gain":0,"cards_transformed":["Strike_P"],"player_choice":"Transformed","damage_taken":0,"max_hp_gain":0,"max_hp_loss":0,"event_name":"Transmorgrifier","floor":22,"gold_loss":0,"cards_obtained":["WheelKick"]},{"damage_healed":0,"gold_gain":0,"player_choice":"Read","damage_taken":0,"max_hp_gain":0,"max_hp_loss":0,"event_name":"The Library","floor":31,"gold_loss":0,"cards_obtained":["Nirvana"]}],"is_beta":false,"boss_relics":[{"not_picked":["Fusion Hammer","VioletLotus"],"picked":"SacredBark"}],"items_purged_floors":[12,19],"is_endless":false,"potions_floor_spawned":[6,8,10,11,23,29],"killed_by":"Collector","ascension_level":1}}