{"host":"ifcf0cy5l3qbxi8r","time":1612010047,"event":{"mods":["Act Like it!","Arknights The Spire","BaseMod","Gensokyo","Minty Spire (QoL Compilation)","StSLib"],"gold_per_floor":[109,109,209,209,221,221,236,269,294,134,148,168,168,200,200,303,303,321,321,332,432,447,447,447],"floor_reached":23,"language":"ZHS","playtime":1236,"items_purged":[],"score":219,"play_id":"e6fdbdfe-83b8-4758-a105-d113121c7a05","local_time":"20210130203407","is_ascension_mode":true,"campfire_choices":[{"data":"ats:Overload","floor":6.0,"key":"SMITH"},{"data":"ats:Healing Strengthening","floor":13.0,"key":"SMITH"},{"data":"ats:Neurotoxin","floor":15.0,"key":"SMITH"}],"circlet_count":0,"master_deck":["ats:Strike C","ats:Strike G","ats:Strike S","ats:Strike V","ats:Armor Crushing Shot","ats:Defend","ats:Defend","ats:Defend","ats:Defend","ats:Emotion Absorption+1","ats:Healing Strengthening+1","ats:Overload+1","ats:Hook Shot","ats:Consecutive Shot Auto","ats:Revitalization","ats:Blood Oath","ats:Neurotoxin+1","ats:Rat Pack","ats:Hammer On","ats:Powerful Strike","ats:Roar Of Ursus","ats:Demon Strength+1"],"relics":["ats:Sanity","NeowsBlessing","ats:Originium","Smiling Mask","Nilry\u0027s Codex","Bag of Preparation","Black Star","Torii","Du-Vu Doll","Frozen Eye"],"acts_visited":["Exordium","Gensokyo:Gensokyo"],"potions_floor_usage":[],"damage_taken":[{"damage":0.0,"enemies":"Gensokyo:Python","floor":1.0,"turns":1.0},{"damage":0.0,"enemies":"Gensokyo:2_Kodama","floor":5.0,"turns":1.0},{"damage":0.0,"enemies":"Gensokyo:3_Fairies","floor":7.0,"turns":1.0},{"damage":14.0,"enemies":"Gensokyo:Aya","floor":8.0,"turns":4.0},{"damage":0.0,"enemies":"Gensokyo:LivingMonolith","floor":11.0,"turns":3.0},{"damage":1.0,"enemies":"Gensokyo:2_Rabbits","floor":12.0,"turns":4.0},{"damage":34.0,"enemies":"Gensokyo:Mamizou","floor":14.0,"turns":9.0},{"damage":32.0,"enemies":"Gensokyo:Yukari","floor":16.0,"turns":8.0},{"damage":66.0,"enemies":"Gensokyo:3_Dogs","floor":18.0,"turns":5.0},{"damage":79,"enemies":"Gensokyo:Chomper","floor":20,"turns":10},{"damage":36,"enemies":"Gensokyo:Chomper","floor":21,"turns":10},{"damage":83,"enemies":"Gensokyo:Mirror_and_Dog","floor":22,"turns":9},{"damage":36,"enemies":"Gensokyo:Koishi","floor":23,"turns":2}],"seed_played":"-3773452331145862771","potions_obtained":[{"floor":1.0,"key":"SkillPotion"},{"floor":7.0,"key":"BlessingOfTheForge"},{"floor":8.0,"key":"Block Potion"},{"floor":14.0,"key":"SpeedPotion"},{"floor":20,"key":"SpeedPotion"},{"floor":22,"key":"SpeedPotion"}],"is_trial":false,"path_per_floor":["M","?","?","?","M","R","M","E","T","?","M","M","R","E","R","B",null,"M","?","M","?","M","E"],"character_chosen":"DOCTOR_CLASS","items_purchased":[],"campfire_rested":0,"item_purchase_floors":[],"current_hp_per_floor":[72,72,72,79,79,79,79,65,65,65,65,68,68,70,70,62,79,31,31,49,64,23,0,0],"gold":447,"neow_bonus":"THREE_ENEMY_KILL","is_daily":false,"chose_seed":false,"campfire_upgraded":3,"win_rate":0.0,"timestamp":1612010047,"path_taken":["M","?","?","?","M","R","M","E","T","?","M","M","R","E","R","BOSS","M","?","?","?","?","E"],"items_purchased_type":[],"build_version":"2020-12-22","purchased_purges":0,"victory":false,"max_hp_per_floor":[72,72,72,79,79,79,79,79,79,79,79,79,79,79,79,79,79,79,79,79,79,79,79,79],"card_choices":[{"not_picked":["ats:Cat Scratch","ats:Steam Pump"],"picked":"ats:Healing Strengthening","floor":1.0},{"not_picked":["ats:Flame Of Heaven","ats:Spore Proliferation"],"picked":"ats:Overload","floor":5.0},{"not_picked":["ats:Hammer On","ats:Blood Oath"],"picked":"ats:Hook Shot","floor":7.0},{"not_picked":["ats:Encircling Forest","ats:Leaping Hammer"],"picked":"ats:Consecutive Shot Auto","floor":8.0},{"not_picked":["ats:Shell Defense","ats:Cat Scratch"],"picked":"ats:Revitalization","floor":11.0},{"not_picked":["ats:Durian","ats:Literary Storm"],"picked":"ats:Blood Oath","floor":12.0},{"not_picked":["ats:Sword Rain","ats:Serious Mode"],"picked":"ats:Neurotoxin","floor":14.0},{"not_picked":["ats:Volcano","ats:Nebulous Foxfire"],"picked":"ats:Rat Pack","floor":16.0},{"not_picked":["ats:Collapsing Strike+1","ats:Blood Oath+1"],"picked":"ats:Hammer On","floor":18},{"not_picked":["ats:Demon Strength+1","ats:Flexible Camouflage"],"picked":"ats:Powerful Strike","floor":20},{"not_picked":["ats:Thorns","ats:Curse Doll"],"picked":"ats:Roar Of Ursus","floor":21},{"not_picked":["ats:Closed Bolt Burst Fire","ats:Absolute Focus"],"picked":"ats:Demon Strength+1","floor":22}],"player_experience":97580,"relics_obtained":[{"floor":8.0,"key":"ats:Originium"},{"floor":8.0,"key":"Smiling Mask"},{"floor":14.0,"key":"ats:Originium"},{"floor":14.0,"key":"Bag of Preparation"},{"floor":21,"key":"Torii"},{"floor":21,"key":"Du-Vu Doll"}],"event_choices":[],"is_beta":false,"boss_relics":[{"not_picked":["Sozu","Coffee Dripper"],"picked":"Black Star"}],"items_purged_floors":[],"is_endless":false,"potions_floor_spawned":[1,7,8,14,20,22],"killed_by":"Gensokyo:Koishi","ascension_level":2}}