{"host":"684z1xpuwaoqmmh1","time":1612018566,"event":{"mods":["BaseMod","Downfall","Hermit","Jorbs\u0027s Wanderer Trilogy","Marisa????????","Minty Spire (QoL Compilation)","Robot Space Explorer","Shade Mod","StSLib","The Bug Knight","The Cursed","The Dragon Tamer","The Hayseed","The Hierophant","The Marked","The Mystic","The Runesmith","The Senshi"],"gold_per_floor":[212,287,109,109,126,126,151,151,175,188,211,211,211,241,241,342,342,353,353,385,385,408,433,450,450,450],"floor_reached":25,"language":"ENG","playtime":822,"items_purged":["Runesmith:Strike_RS"],"score":371,"play_id":"0862f49f-9d77-4d2e-b16c-a94d7fd51706","local_time":"20210130165606","is_ascension_mode":true,"campfire_choices":[{"data":"Runesmith:CraftFirestone","floor":6,"key":"SMITH"},{"data":"Runesmith:LithiumIon","floor":8,"key":"SMITH"},{"data":"Runesmith:EnergizedChisel","floor":12,"key":"SMITH"},{"data":"Runesmith:ChaoticBlast","floor":15,"key":"SMITH"}],"circlet_count":0,"master_deck":["Runesmith:Strike_RS","Runesmith:Strike_RS","Runesmith:Strike_RS","Runesmith:Defend_RS","Runesmith:Defend_RS+1","Runesmith:Defend_RS","Runesmith:CraftFirestone+1","Runesmith:Fortify","Runesmith:Reinforce+1","Runesmith:RuneHurl","Runesmith:LithiumIon+1","Runesmith:ChaoticBlast+1","Runesmith:CraftMagma","Runesmith:ChiselStab","Runesmith:EnergizedChisel+1","Runesmith:Accelerate","Runesmith:CraftMedicinae","Runesmith:EarthShield","Runesmith:LightningRod","Runesmith:Permafrost","Runesmith:UnstableHammer"],"relics":["Runesmith:BrokenRuby","Shovel","Ancient Tea Set","Odd Mushroom","champ:DeflectingBracers","Tiny Chest","sneckomod:SneckoTalon","Runesmith:AutoHammer","Red Mask","War Paint","Strawberry"],"acts_visited":["Exordium","TheCity"],"potions_floor_usage":[14,20,25],"damage_taken":[{"damage":1,"enemies":"Cultist","floor":1,"turns":4},{"damage":0,"enemies":"Jaw Worm","floor":5,"turns":4},{"damage":12,"enemies":"3 Sentries","floor":7,"turns":5},{"damage":2,"enemies":"2 Louse","floor":10,"turns":3},{"damage":15,"enemies":"The Mushroom Lair","floor":11,"turns":3},{"damage":0,"enemies":"Gremlin Nob","floor":14,"turns":2},{"damage":4,"enemies":"Slime Boss","floor":16,"turns":6},{"damage":16,"enemies":"3 Byrds","floor":18,"turns":4},{"damage":18,"enemies":"Masked Bandits","floor":20,"turns":4},{"damage":0,"enemies":"Gremlin Leader","floor":23,"turns":6},{"damage":16,"enemies":"Spheric Guardian","floor":24,"turns":5},{"damage":16,"enemies":"Slavers","floor":25,"turns":2}],"seed_played":"-3248185804878935602","potions_obtained":[{"floor":1,"key":"SteroidPotion"},{"floor":10,"key":"Fire Potion"},{"floor":14,"key":"ColorlessPotion"},{"floor":18,"key":"LiquidBronze"}],"is_trial":false,"path_per_floor":["M","?","$","?","M","R","E","R","T","M","?","R","?","E","R","B",null,"M","?","?","?","T","E","M","E"],"character_chosen":"RUNESMITH_CLASS","items_purchased":["Runesmith:RuneHurl","Runesmith:LithiumIon"],"campfire_rested":0,"item_purchase_floors":[3,3],"current_hp_per_floor":[62,51,51,51,51,51,39,39,39,37,22,22,22,22,22,18,57,41,41,23,23,23,30,14,0,0],"gold":450,"neow_bonus":"HUNDRED_GOLD","is_daily":false,"chose_seed":false,"campfire_upgraded":4,"win_rate":0.0,"timestamp":1612018566,"path_taken":["M","?","$","?","M","R","E","R","T","?","?","R","?","E","R","BOSS","M","?","?","?","?","E","M","E"],"items_purchased_type":["Card","Card"],"build_version":"2020-12-22","purchased_purges":1,"victory":false,"max_hp_per_floor":[70,70,70,70,70,70,70,70,70,70,70,70,70,70,70,70,70,70,70,70,70,70,77,77,77,77],"card_choices":[{"not_picked":["Runesmith:Grindstone","Runesmith:CraftObretio"],"picked":"Runesmith:Reinforce","floor":1},{"not_picked":["Runesmith:EnergizedChisel","Runesmith:Grindstone"],"picked":"Runesmith:ChaoticBlast","floor":5},{"not_picked":["Runesmith:HeatExchange","Runesmith:CraftProtectio"],"picked":"Runesmith:CraftMagma","floor":7},{"not_picked":["Runesmith:DoubleUp","Runesmith:StaticCage"],"picked":"Runesmith:ChiselStab","floor":10},{"not_picked":["Runesmith:Overpower","Runesmith:CraftMagma"],"picked":"Runesmith:EnergizedChisel","floor":11},{"not_picked":["Runesmith:HammerThrow","Runesmith:Reinforce"],"picked":"Runesmith:Accelerate","floor":14},{"not_picked":["Runesmith:CraftPrismatica","Runesmith:MetallurgicalResearch"],"picked":"Runesmith:CraftMedicinae","floor":16},{"not_picked":["Runesmith:Grindstone","Runesmith:NanitesCloud"],"picked":"Runesmith:EarthShield","floor":18},{"not_picked":["Runesmith:CraftMagma","Runesmith:CraftProtectio+1"],"picked":"Runesmith:LightningRod","floor":20},{"not_picked":["Runesmith:ElementalConversion+1","Runesmith:HeatExchange"],"picked":"Runesmith:Permafrost","floor":23},{"not_picked":["Runesmith:HeatExchange+1","Runesmith:ChiselStab"],"picked":"Runesmith:UnstableHammer","floor":24}],"player_experience":3008178,"relics_obtained":[{"floor":7,"key":"Shovel"},{"floor":9,"key":"Ancient Tea Set"},{"floor":11,"key":"Odd Mushroom"},{"floor":14,"key":"Tiny Chest"},{"floor":20,"key":"Red Mask"},{"floor":22,"key":"War Paint"},{"floor":23,"key":"Strawberry"}],"event_choices":[{"damage_healed":0,"gold_gain":75,"player_choice":"Gather Gold","damage_taken":11,"max_hp_gain":0,"max_hp_loss":0,"event_name":"World of Goop","floor":2,"gold_loss":0},{"cards_removed":["Runesmith:Defend_RS"],"damage_healed":0,"gold_gain":0,"player_choice":"Offered Basic","damage_taken":0,"max_hp_gain":0,"max_hp_loss":0,"event_name":"Bonfire Elementals","floor":4,"gold_loss":0},{"damage_healed":0,"gold_gain":0,"player_choice":"Fought Mushrooms","damage_taken":0,"max_hp_gain":0,"max_hp_loss":0,"event_name":"Mushrooms","floor":11,"gold_loss":0},{"damage_healed":0,"gold_gain":0,"player_choice":"Searched \u00271\u0027 times","damage_taken":0,"relics_obtained":["champ:DeflectingBracers"],"max_hp_gain":0,"max_hp_loss":0,"event_name":"Dead Adventurer","floor":13,"gold_loss":0},{"damage_healed":0,"gold_gain":0,"player_choice":"Opened","damage_taken":0,"relics_obtained":["Runesmith:AutoHammer"],"max_hp_gain":0,"max_hp_loss":0,"event_name":"The Mausoleum","floor":19,"gold_loss":0,"cards_obtained":["Writhe"]},{"damage_healed":0,"gold_gain":0,"player_choice":"Fought Bandits","damage_taken":0,"max_hp_gain":0,"max_hp_loss":0,"event_name":"Masked Bandits","floor":20,"gold_loss":0},{"cards_removed":["Writhe"],"damage_healed":0,"gold_gain":0,"player_choice":"Removed Curses","damage_taken":0,"max_hp_gain":0,"max_hp_loss":0,"event_name":"Fountain of Cleansing","floor":21,"gold_loss":0}],"is_beta":false,"boss_relics":[{"not_picked":["SacredBark","Snecko Eye"],"picked":"sneckomod:SneckoTalon"}],"items_purged_floors":[3],"is_endless":false,"potions_floor_spawned":[1,10,14,18],"killed_by":"Slavers","ascension_level":7}}