{"host":"6xsbn6ynqlzwllfm","time":1612019749,"event":{"mods":["2.2 Compatiblity","BaseMod","Bestiary","Colored Map","Colored Powertips","Curses Come First","Highlight Path","Keyboard Shortcuts","Minty Spire (QoL Compilation)","Relic Stats","Slay the Relics Exporter","StSLib","SuperFastMode"],"gold_per_floor":[113,25,35,54,19,44,44,44,44],"floor_reached":8,"language":"ENG","playtime":184,"items_purged":[],"score":109,"play_id":"cdacb02a-d724-40e7-9285-1308e12143c4","local_time":"20210130101549","is_ascension_mode":true,"campfire_choices":[{"floor":7.0,"key":"REST"}],"circlet_count":0,"master_deck":["AscendersBane","Strike_B","Strike_B","Strike_B","Strike_B","Defend_B","Defend_B","Defend_B","Defend_B","Zap","Dualcast","Double Energy","Self Repair","Streamline","Reprogram"],"relics":["Busted Crown","Singing Bowl"],"acts_visited":["Exordium"],"potions_floor_usage":[],"damage_taken":[{"damage":15.0,"enemies":"Small Slimes","floor":1.0,"turns":4.0},{"damage":7.0,"enemies":"2 Louse","floor":3.0,"turns":4.0},{"damage":2.0,"enemies":"Cultist","floor":4.0,"turns":4.0},{"damage":69.0,"enemies":"Gremlin Nob","floor":6.0,"turns":5.0},{"damage":35,"enemies":"3 Sentries","floor":8,"turns":5}],"seed_played":"-2988146468610972121","potions_obtained":[{"floor":1.0,"key":"SmokeBomb"},{"floor":4.0,"key":"PowerPotion"}],"is_trial":false,"path_per_floor":["M","$","M","M","?","E","R","E"],"character_chosen":"DEFECT","items_purchased":["Self Repair"],"campfire_rested":1,"item_purchase_floors":[2],"current_hp_per_floor":[49,49,49,54,71,11,32,0,0],"gold":44,"neow_bonus":"BOSS_RELIC","is_daily":false,"chose_seed":false,"campfire_upgraded":0,"win_rate":0.0,"timestamp":1612019749,"path_taken":["M","$","M","M","?","E","R","E"],"items_purchased_type":["Card"],"build_version":"2020-12-22","purchased_purges":0,"victory":false,"max_hp_per_floor":[71,71,71,71,71,73,73,73,73],"relic_stats":{"Busted Crown":8,"Singing Bowl":2,"counters":[5,22],"obtain_stats":[{"Busted Crown":0,"Singing Bowl":6,"Cracked Core":0},{"Busted Crown":0,"Singing Bowl":4,"Cracked Core":0},{"Busted Crown":0,"Singing Bowl":17,"Cracked Core":0}]},"card_choices":[{"not_picked":[],"picked":"Double Energy","floor":1.0},{"not_picked":[],"picked":"Streamline","floor":3.0},{"not_picked":[],"picked":"Reprogram","floor":4.0},{"not_picked":["Go for the Eyes"],"picked":"Singing Bowl","floor":6.0}],"player_experience":1284569,"relics_obtained":[{"floor":6.0,"key":"Singing Bowl"}],"event_choices":[{"damage_healed":17.0,"max_hp_gain":0.0,"max_hp_loss":0.0,"gold_gain":0.0,"event_name":"The Cleric","player_choice":"Healed","floor":5.0,"gold_loss":35.0,"damage_taken":0.0}],"is_beta":false,"boss_relics":[],"items_purged_floors":[],"is_endless":false,"potions_floor_spawned":[1,4],"killed_by":"3 Sentries","ascension_level":19}}