{"host":"jm9833yuloeli2yd","time":1612021799,"event":{"mods":["BaseMod","Better Altar","Better Match","Better Note","Better Sensory Stone","Better Skull","Better Third Choice","Better Vampires","BetterRewards","Colored Map","Colored Powertips","DeckTracker","Minty Spire (QoL Compilation)","Permanent Neow","Quick Restart","Slay-I","StSLib","SuperFastMode"],"gold_per_floor":[116,134,209,209,232,232,47,47,73,117,138,157,157,191,191,289,289,302,327,307,331,19,19,62,62,62,81,81,120,45,63,63,63,63],"floor_reached":33,"language":"ENG","playtime":1120,"items_purged":["Strike_G"],"score":761,"play_id":"1a0ac9b6-8337-45cf-8967-a4257db69f2f","local_time":"20210130104959","is_ascension_mode":true,"campfire_choices":[{"data":"All Out Attack","floor":6.0,"key":"SMITH"},{"data":"Footwork","floor":8.0,"key":"SMITH"},{"data":"Finisher","floor":13.0,"key":"SMITH"},{"data":"Phantasmal Killer","floor":15.0,"key":"SMITH"},{"data":"Dagger Spray","floor":23,"key":"SMITH"},{"data":"Calculated Gamble","floor":25,"key":"SMITH"},{"data":"Malaise","floor":32,"key":"SMITH"}],"circlet_count":0,"master_deck":["AscendersBane","Defend_G","Defend_G","Defend_G","Defend_G","Defend_G","Survivor","Neutralize","Finisher+1","All Out Attack+1","Footwork+1","Phantasmal Killer+1","Dagger Spray+1","Dodge and Roll","Crippling Poison","Adrenaline","Backflip","Cloak And Dagger+1","Blur","Leg Sweep","Calculated Gamble+1","Malaise+1","Bite","Bite","Bite","Bite","Cloak And Dagger","Backflip"],"relics":["Ring of the Snake","Ancient Tea Set","Golden Idol","Orichalcum","Vajra","Art of War","Bag of Marbles","Cursed Key","Sling","Pear","The Specimen"],"acts_visited":["Exordium","TheCity"],"potions_floor_usage":[19],"damage_taken":[{"damage":7.0,"enemies":"Jaw Worm","floor":1.0,"turns":8.0},{"damage":0.0,"enemies":"2 Louse","floor":2.0,"turns":4.0},{"damage":16.0,"enemies":"3 Sentries","floor":10.0,"turns":9.0},{"damage":0.0,"enemies":"Cultist","floor":11.0,"turns":3.0},{"damage":0.0,"enemies":"Gremlin Gang","floor":12.0,"turns":2.0},{"damage":18.0,"enemies":"Lagavulin","floor":14.0,"turns":6.0},{"damage":0.0,"enemies":"Hexaghost","floor":16.0,"turns":9.0},{"damage":4.0,"enemies":"Shell Parasite","floor":18.0,"turns":3.0},{"damage":3,"enemies":"Chosen","floor":19,"turns":6},{"damage":0,"enemies":"3 Cultists","floor":21,"turns":3},{"damage":0,"enemies":"Book of Stabbing","floor":24,"turns":4},{"damage":20,"enemies":"Snecko","floor":27,"turns":5},{"damage":3,"enemies":"Gremlin Leader","floor":29,"turns":9},{"damage":2,"enemies":"Centurion and Healer","floor":31,"turns":9},{"damage":65,"enemies":"Champ","floor":33,"turns":23}],"seed_played":"-3020296381398479524","potions_obtained":[{"floor":12.0,"key":"Ancient Potion"},{"floor":16.0,"key":"Block Potion"},{"floor":19,"key":"FearPotion"},{"floor":20,"key":"GamblersBrew"}],"is_trial":false,"path_per_floor":["M","M","?","?","T","R","$","R","T","E","M","M","R","E","R","B",null,"M","M","?","M","$","R","E","R","T","M","?","E","?","M","R","B"],"character_chosen":"THE_SILENT","items_purchased":["Footwork","CultistPotion","Sling","Leg Sweep"],"campfire_rested":0,"item_purchase_floors":[7,7,22,22],"current_hp_per_floor":[52,52,41,41,41,41,41,41,41,25,25,25,25,7,7,7,47,43,40,40,40,40,40,50,50,50,30,30,39,39,51,51,0,0],"gold":63,"neow_bonus":"RANDOM_COMMON_RELIC","is_daily":false,"chose_seed":false,"campfire_upgraded":7,"win_rate":0.0,"timestamp":1612021799,"path_taken":["M","M","?","?","?","R","$","R","T","E","M","M","R","E","R","BOSS","M","M","?","M","$","R","E","R","T","?","?","E","?","M","R","BOSS"],"items_purchased_type":["Card","Potion","Relic","Card"],"build_version":"2020-12-22","purchased_purges":1,"victory":false,"max_hp_per_floor":[66,66,66,60,60,60,60,60,60,60,60,60,60,60,60,60,60,60,60,60,60,60,60,70,70,70,70,53,53,53,53,53,53,53],"card_choices":[{"not_picked":["Backflip","Deflect"],"picked":"Finisher","floor":1.0},{"not_picked":["Masterful Stab","Quick Slash"],"picked":"All Out Attack","floor":2.0},{"not_picked":["Flechettes","Outmaneuver"],"picked":"Phantasmal Killer","floor":10.0},{"not_picked":["Acrobatics","Poisoned Stab"],"picked":"Dagger Spray","floor":11.0},{"not_picked":["Cloak And Dagger","Dagger Throw"],"picked":"Dodge and Roll","floor":12.0},{"not_picked":["Acrobatics","A Thousand Cuts"],"picked":"Crippling Poison","floor":14.0},{"not_picked":["Grand Finale","Envenom"],"picked":"Adrenaline","floor":16.0},{"not_picked":["Well Laid Plans","Bouncing Flask"],"picked":"Backflip","floor":18.0},{"not_picked":["Poisoned Stab","PiercingWail+1"],"picked":"Cloak And Dagger+1","floor":19},{"not_picked":["Dagger Spray","Leg Sweep"],"picked":"Blur","floor":21},{"not_picked":["Underhanded Strike","Dodge and Roll"],"picked":"Calculated Gamble","floor":24},{"not_picked":["Masterful Stab","Dagger Throw"],"picked":"Malaise","floor":27},{"not_picked":["Concentrate+1","Riddle With Holes"],"picked":"Cloak And Dagger","floor":29},{"not_picked":["Cloak And Dagger","Dodge and Roll"],"picked":"Backflip","floor":31}],"player_experience":1350487,"relics_obtained":[{"floor":5.0,"key":"Orichalcum"},{"floor":9.0,"key":"Vajra"},{"floor":10.0,"key":"Art of War"},{"floor":14.0,"key":"Bag of Marbles"},{"floor":24,"key":"Pear"},{"floor":29,"key":"The Specimen"}],"event_choices":[{"damage_healed":0.0,"max_hp_gain":0.0,"max_hp_loss":0.0,"gold_gain":75.0,"event_name":"betterThird:BetterGoop","player_choice":"Gold","floor":3.0,"gold_loss":0.0,"damage_taken":11.0},{"damage_healed":0.0,"max_hp_gain":0.0,"max_hp_loss":6.0,"gold_gain":0.0,"event_name":"Golden Idol","player_choice":"Lose Max HP","floor":4.0,"gold_loss":0.0,"damage_taken":0.0,"relics_obtained":["Golden Idol"]},{"damage_healed":0,"gold_gain":0,"player_choice":"Bought 1 Potion","damage_taken":0,"max_hp_gain":0,"max_hp_loss":0,"event_name":"The Woman in Blue","floor":20,"gold_loss":0},{"damage_healed":0,"gold_gain":0,"player_choice":"Became a vampire","damage_taken":0,"max_hp_gain":0,"max_hp_loss":17,"event_name":"Vampires","floor":28,"gold_loss":0,"cards_obtained":["Bite","Bite","Bite","Bite"]},{"cards_removed":["Decay"],"damage_healed":0,"gold_gain":0,"player_choice":"Gave Gold","damage_taken":0,"max_hp_gain":0,"max_hp_loss":0,"event_name":"Beggar","floor":30,"gold_loss":75}],"is_beta":false,"boss_relics":[{"not_picked":["Astrolabe","Tiny House"],"picked":"Cursed Key"}],"items_purged_floors":[22],"is_endless":false,"potions_floor_spawned":[12,14,16,19,27,29],"killed_by":"Champ","ascension_level":20}}