{"host":"sc0o2qwpf9j16a4i","time":1612021624,"event":{"mods":["AchievementEnabler","BaseMod","BetterRewards","Block Reminder","Colored Map","Colored Powertips","Custom Start","Highlight Path","Minty Spire (QoL Compilation)","Relic Stats"],"gold_per_floor":[114,131,150,150,150,179,179,195,195,195,51,68,142,156,156,259,259,270,283,302,322,337,337,337],"floor_reached":23,"language":"ENG","playtime":558,"items_purged":[],"score":272,"play_id":"379c060b-d5a0-4376-83b8-7e2ae901b9aa","local_time":"20210130174704","daily_mods":["Specialized","Uncertain Future","Terminal"],"is_ascension_mode":false,"campfire_choices":[{"data":"Coolheaded","floor":7,"key":"SMITH"},{"data":"Core Surge","floor":10,"key":"SMITH"},{"floor":15,"key":"REST"}],"circlet_count":0,"master_deck":["Strike_B","Strike_B","Strike_B","Strike_B","Defend_B","Defend_B","Defend_B","Defend_B","Zap","Dualcast","Static Discharge","Static Discharge","Static Discharge","Static Discharge","Static Discharge","Ball Lightning","Storm+1","Coolheaded+1","Core Surge+1","Cold Snap","Hologram","Compile Driver","Biased Cognition","Double Energy","Barrage","Fusion","Genetic Algorithm+1","Coolheaded"],"relics":["Cracked Core","White Beast Statue","HornCleat","Kunai","OrangePellets","Sozu"],"acts_visited":["Exordium","TheCity"],"potions_floor_usage":[2,16,16,16,23],"damage_taken":[{"damage":5,"enemies":"Small Slimes","floor":1,"turns":3},{"damage":1,"enemies":"Cultist","floor":2,"turns":3},{"damage":1,"enemies":"2 Louse","floor":3,"turns":2},{"damage":15,"enemies":"Lagavulin","floor":6,"turns":5},{"damage":8,"enemies":"Red Slaver","floor":8,"turns":2},{"damage":11,"enemies":"Large Slime","floor":12,"turns":5},{"damage":5,"enemies":"Looter","floor":14,"turns":3},{"damage":0,"enemies":"The Guardian","floor":16,"turns":9},{"damage":13,"enemies":"2 Thieves","floor":18,"turns":4},{"damage":8,"enemies":"Shell Parasite","floor":19,"turns":3},{"damage":7,"enemies":"3 Cultists","floor":20,"turns":4},{"damage":16,"enemies":"Snake Plant","floor":21,"turns":2},{"damage":5,"enemies":"Centurion and Healer","floor":22,"turns":5},{"damage":14,"enemies":"Book of Stabbing","floor":23,"turns":3}],"seed_played":"-6284944184045566818","potions_obtained":[{"floor":2,"key":"Fruit Juice"},{"floor":3,"key":"SmokeBomb"},{"floor":6,"key":"BlessingOfTheForge"},{"floor":8,"key":"EssenceOfSteel"},{"floor":14,"key":"FocusPotion"},{"floor":16,"key":"Fire Potion"}],"is_trial":true,"path_per_floor":["M","M","M","?","T","E","R","M","T","R","$","M","?","M","R","B",null,"M","M","M","M","M","E"],"character_chosen":"DEFECT","items_purchased":["OrangePellets"],"campfire_rested":1,"item_purchase_floors":[11],"current_hp_per_floor":[69,73,72,72,72,57,57,49,49,49,49,38,38,33,52,52,62,49,41,34,18,13,0,0],"gold":337,"neow_bonus":"","is_daily":false,"chose_seed":false,"campfire_upgraded":2,"win_rate":0.0,"timestamp":1612021624,"path_taken":["M","M","M","?","?","E","R","M","T","R","$","M","?","M","R","BOSS","M","M","M","M","M","E"],"items_purchased_type":["Relic"],"build_version":"2020-12-22","purchased_purges":0,"victory":false,"max_hp_per_floor":[73,77,76,75,74,73,72,71,70,69,68,67,66,65,64,63,62,61,60,59,58,57,57,57],"relic_stats":{"Sozu":5,"OrangePellets":[3],"counters":[14,53],"Kunai":[4],"obtain_stats":[{"Sozu":17,"OrangePellets":11,"HornCleat":6,"Kunai":9,"Cracked Core":0,"White Beast Statue":5},{"Sozu":8,"OrangePellets":5,"HornCleat":4,"Kunai":5,"Cracked Core":0,"White Beast Statue":3},{"Sozu":32,"OrangePellets":15,"HornCleat":13,"Kunai":15,"Cracked Core":0,"White Beast Statue":8}]},"card_choices":[{"not_picked":["Gash","Hologram"],"picked":"Ball Lightning","floor":1},{"not_picked":["Coolheaded","Ball Lightning"],"picked":"Storm","floor":2},{"not_picked":["Recycle","Leap"],"picked":"Coolheaded","floor":3},{"not_picked":["Ball Lightning","Beam Cell"],"picked":"Core Surge","floor":6},{"not_picked":["Double Energy","FTL"],"picked":"Cold Snap","floor":8},{"not_picked":["Turbo","Gash"],"picked":"Hologram","floor":12},{"not_picked":["Rip and Tear","Streamline"],"picked":"Compile Driver","floor":14},{"not_picked":["Rainbow","Amplify"],"picked":"Biased Cognition","floor":16},{"not_picked":["Compile Driver","Conserve Battery"],"picked":"Double Energy","floor":18},{"not_picked":["Consume","Go for the Eyes"],"picked":"Barrage","floor":19},{"not_picked":["BootSequence","Melter"],"picked":"Fusion","floor":20},{"not_picked":["Turbo","Doom and Gloom"],"picked":"Genetic Algorithm+1","floor":21},{"not_picked":["Beam Cell","Genetic Algorithm"],"picked":"Coolheaded","floor":22}],"player_experience":1095281,"relics_obtained":[{"floor":5,"key":"White Beast Statue"},{"floor":6,"key":"HornCleat"},{"floor":9,"key":"Kunai"}],"event_choices":[{"damage_healed":0,"gold_gain":0,"player_choice":"Grow","damage_taken":0,"max_hp_gain":0,"max_hp_loss":0,"event_name":"Living Wall","floor":4,"gold_loss":0,"cards_upgraded":["Storm"]},{"damage_healed":0,"gold_gain":74,"player_choice":"Gained Gold","damage_taken":0,"max_hp_gain":0,"max_hp_loss":0,"event_name":"Golden Wing","floor":13,"gold_loss":0}],"is_beta":false,"boss_relics":[{"not_picked":["Ectoplasm","Fusion Hammer"],"picked":"Sozu"}],"items_purged_floors":[],"is_endless":false,"potions_floor_spawned":[2,3,6,8,12,14,16,18,19,20,21,22],"killed_by":"Book of Stabbing","ascension_level":0}}