{"host":"m4qpn8a4h7jhbw2f","time":1612049466,"event":{"mods":["BaseMod","Colored Map","Colored Powertips","Minty Spire (QoL Compilation)","Rare Cards Sparkle","Relic Stats"],"gold_per_floor":[116,131,143,153,171,205,53,72,96,96,106,106,119,135,135,233,233,244,99,99,85,101,101,101],"floor_reached":23,"language":"ENG","playtime":1417,"items_purged":["Strike_R"],"score":219,"play_id":"b1714aa0-5ef9-4ae9-a3ef-e8a19a7f9ba1","local_time":"20210130183106","is_ascension_mode":true,"campfire_choices":[{"data":"Juggernaut","floor":12,"key":"SMITH"},{"data":"Body Slam","floor":15,"key":"SMITH"}],"circlet_count":0,"master_deck":["Strike_R","Strike_R","Strike_R","Strike_R","Defend_R","Defend_R","Defend_R","Defend_R","Bash","Body Slam+1","Flex","Iron Wave","Metallicize","Uppercut+1","Flex","Juggernaut+1","Iron Wave","Cleave","Perfected Strike","Barricade","Warcry","Metallicize","Headbutt+1"],"relics":["Burning Blood","Torii","Juzu Bracelet","Nunchaku","Runic Cube","ClockworkSouvenir"],"acts_visited":["Exordium","TheCity"],"potions_floor_usage":[6,6,14,16,22],"damage_taken":[{"damage":0,"enemies":"2 Louse","floor":1,"turns":4},{"damage":3,"enemies":"Cultist","floor":2,"turns":5},{"damage":14,"enemies":"Jaw Worm","floor":3,"turns":5},{"damage":2,"enemies":"Red Slaver","floor":4,"turns":5},{"damage":12,"enemies":"Large Slime","floor":5,"turns":9},{"damage":2,"enemies":"Gremlin Nob","floor":6,"turns":5},{"damage":12,"enemies":"Blue Slaver","floor":8,"turns":4},{"damage":2,"enemies":"Looter","floor":11,"turns":4},{"damage":20,"enemies":"Exordium Wildlife","floor":13,"turns":4},{"damage":0,"enemies":"Blue Slaver","floor":14,"turns":1},{"damage":18,"enemies":"The Guardian","floor":16,"turns":8},{"damage":25,"enemies":"Spheric Guardian","floor":18,"turns":4},{"damage":9,"enemies":"2 Thieves","floor":21,"turns":4},{"damage":38,"enemies":"Snake Plant","floor":22,"turns":5},{"damage":28,"enemies":"Slavers","floor":23,"turns":1}],"seed_played":"8804571577714755731","potions_obtained":[{"floor":2,"key":"FearPotion"},{"floor":3,"key":"PowerPotion"},{"floor":4,"key":"ElixirPotion"},{"floor":5,"key":"EssenceOfSteel"},{"floor":13,"key":"Energy Potion"},{"floor":18,"key":"SteroidPotion"}],"is_trial":false,"path_per_floor":["M","M","M","M","M","E","$","M","T","?","M","R","M","M","R","B",null,"M","$","$","M","M","E"],"character_chosen":"IRONCLAD","items_purchased":["Juggernaut","ClockworkSouvenir"],"campfire_rested":0,"item_purchase_floors":[7,19],"current_hp_per_floor":[72,72,64,68,62,66,66,60,60,60,64,64,50,56,56,44,72,53,53,53,50,18,0,0],"gold":101,"neow_bonus":"ONE_RARE_RELIC","is_daily":false,"chose_seed":false,"campfire_upgraded":2,"win_rate":0.0,"timestamp":1612049466,"path_taken":["M","M","M","M","M","E","$","M","T","?","M","R","M","M","R","BOSS","M","?","$","M","M","E"],"items_purchased_type":["Card","Relic"],"build_version":"2020-12-22","purchased_purges":1,"victory":false,"max_hp_per_floor":[72,72,72,72,72,72,72,72,72,72,72,72,72,72,72,72,72,72,72,72,72,72,72,72],"relic_stats":{"Nunchaku":[5],"Torii":49,"counters":[15,68],"Juzu Bracelet":0,"obtain_stats":[{"Nunchaku":9,"Torii":0,"Juzu Bracelet":6,"Burning Blood":0,"Runic Cube":17,"ClockworkSouvenir":19},{"Nunchaku":7,"Torii":0,"Juzu Bracelet":6,"Burning Blood":0,"Runic Cube":11,"ClockworkSouvenir":12},{"Nunchaku":37,"Torii":0,"Juzu Bracelet":33,"Burning Blood":0,"Runic Cube":54,"ClockworkSouvenir":58}],"Burning Blood":75,"Runic Cube":[13]},"card_choices":[{"not_picked":["Anger","Burning Pact"],"picked":"Body Slam","floor":1},{"not_picked":["True Grit","Havoc"],"picked":"Flex","floor":2},{"not_picked":["Flex","Pommel Strike"],"picked":"Iron Wave","floor":3},{"not_picked":["True Grit","Whirlwind"],"picked":"Metallicize","floor":4},{"not_picked":["Headbutt","Sword Boomerang"],"picked":"Uppercut","floor":5},{"not_picked":["Blood for Blood","Uppercut"],"picked":"Flex","floor":6},{"not_picked":["Corruption","True Grit"],"picked":"Iron Wave","floor":8},{"not_picked":["Burning Pact","Reckless Charge","Bloodletting"],"picked":"SKIP","floor":11},{"not_picked":["Clothesline","Headbutt"],"picked":"Cleave","floor":13},{"not_picked":["True Grit","Pummel"],"picked":"Perfected Strike","floor":14},{"not_picked":["Bludgeon","Impervious"],"picked":"Barricade","floor":16},{"not_picked":["Searing Blow","Havoc"],"picked":"Warcry","floor":18},{"not_picked":["Iron Wave","Power Through"],"picked":"Metallicize","floor":21},{"not_picked":["Warcry","Rupture"],"picked":"Headbutt+1","floor":22}],"player_experience":182766,"relics_obtained":[{"floor":6,"key":"Juzu Bracelet"},{"floor":9,"key":"Nunchaku"}],"event_choices":[{"damage_healed":0,"gold_gain":0,"player_choice":"Upgraded","damage_taken":0,"max_hp_gain":0,"max_hp_loss":0,"event_name":"Upgrade Shrine","floor":10,"gold_loss":0,"cards_upgraded":["Uppercut"]}],"is_beta":false,"boss_relics":[{"not_picked":["Fusion Hammer","SlaversCollar"],"picked":"Runic Cube"}],"items_purged_floors":[7],"is_endless":false,"potions_floor_spawned":[2,3,4,5,13,18],"killed_by":"Slavers","ascension_level":2}}