{"host":"6152go0anyt7mc9e","time":1612041534,"event":{"mods":["BaseMod","Colored Map","Minty Spire (QoL Compilation)","StSLib"],"gold_per_floor":[114,114,114,129,229,229,259,274,324,324,354,369,146,176,176,276,276,291,291,306,321,321,351,1,1,26,26,56,71,121,46,46,146,146,161,111,0,15,30,60,75,75,75,75,105,120,135,135,135,135],"floor_reached":51,"language":"ZHT","playtime":1535,"items_purged":["Defend_R","Defend_R","Defend_R"],"score":963,"play_id":"0816f95f-ed6d-4b33-aa20-28ec54d67cca","local_time":"20210131051854","daily_mods":["Specialized","Colorless Cards","Terminal"],"is_ascension_mode":false,"campfire_choices":[{"data":"Flame Barrier","floor":6.0,"key":"SMITH"},{"data":"Flame Barrier","floor":10.0,"key":"SMITH"},{"data":"Bash","floor":15.0,"key":"SMITH"},{"data":"Whirlwind","floor":25.0,"key":"SMITH"},{"data":"Perfected Strike","floor":27.0,"key":"SMITH"},{"data":"Perfected Strike","floor":32.0,"key":"SMITH"},{"data":"Inflame","floor":42.0,"key":"SMITH"}],"circlet_count":0,"master_deck":["Strike_R+1","Strike_R+1","Strike_R+1","Strike_R+1","Strike_R+1","Defend_R+1","Bash+1","Flame Barrier+1","Flame Barrier+1","Flame Barrier+1","Flame Barrier+1","Perfected Strike+1","Perfected Strike+1","Perfected Strike+1","Master of Strategy+1","Inflame+1","Whirlwind+1","Necronomicurse","Whirlwind+1","Master of Strategy+1"],"relics":["Burning Blood","Potion Belt","Smiling Mask","Juzu Bracelet","HornCleat","DollysMirror","PreservedInsect","Coffee Dripper","Necronomicon","Charon\u0027s Ashes","Membership Card","Red Skull","Bronze Scales","Bag of Preparation","Pear","Strawberry","Lantern","Busted Crown","Red Mask","War Paint","Vajra","Mark of the Bloom","Frozen Egg 2"],"acts_visited":["Exordium","TheCity","TheBeyond"],"potions_floor_usage":[50,50,50,50,50,50,50,50,50],"damage_taken":[{"damage":0.0,"enemies":"Cultist","floor":1.0,"turns":4.0},{"damage":3.0,"enemies":"Jaw Worm","floor":4.0,"turns":6.0},{"damage":0.0,"enemies":"3 Sentries","floor":7.0,"turns":14.0},{"damage":0.0,"enemies":"Small Slimes","floor":8.0,"turns":3.0},{"damage":0.0,"enemies":"Lagavulin","floor":11.0,"turns":10.0},{"damage":0.0,"enemies":"Exordium Wildlife","floor":12.0,"turns":6.0},{"damage":0.0,"enemies":"Gremlin Nob","floor":14.0,"turns":3.0},{"damage":52.0,"enemies":"Hexaghost","floor":16.0,"turns":9.0},{"damage":0.0,"enemies":"3 Byrds","floor":18.0,"turns":3.0},{"damage":0.0,"enemies":"Shell Parasite","floor":20.0,"turns":5.0},{"damage":10.0,"enemies":"Cultist and Chosen","floor":21.0,"turns":6.0},{"damage":2.0,"enemies":"Book of Stabbing","floor":23.0,"turns":3.0},{"damage":13.0,"enemies":"Gremlin Leader","floor":28.0,"turns":2.0},{"damage":0.0,"enemies":"Sentry and Sphere","floor":29.0,"turns":2.0},{"damage":0.0,"enemies":"Champ","floor":33.0,"turns":5.0},{"damage":6.0,"enemies":"3 Shapes","floor":35.0,"turns":1.0},{"damage":0.0,"enemies":"3 Darklings","floor":38.0,"turns":1.0},{"damage":0.0,"enemies":"Maw","floor":39.0,"turns":5.0},{"damage":0.0,"enemies":"Reptomancer","floor":40.0,"turns":2.0},{"damage":0.0,"enemies":"Writhing Mass","floor":41.0,"turns":3.0},{"damage":0.0,"enemies":"Nemesis","floor":45.0,"turns":1.0},{"damage":0.0,"enemies":"4 Shapes","floor":46.0,"turns":2.0},{"damage":0.0,"enemies":"Maw","floor":47.0,"turns":4.0},{"damage":20,"enemies":"Awakened One","floor":50,"turns":7}],"seed_played":"-828330817948855686","potions_obtained":[{"floor":4.0,"key":"AttackPotion"},{"floor":11.0,"key":"CultistPotion"},{"floor":12.0,"key":"EntropicBrew"},{"floor":14.0,"key":"Dexterity Potion"},{"floor":18.0,"key":"SteroidPotion"},{"floor":20.0,"key":"Ancient Potion"},{"floor":21.0,"key":"DuplicationPotion"},{"floor":28.0,"key":"SteroidPotion"},{"floor":35.0,"key":"Explosive Potion"},{"floor":40.0,"key":"Fire Potion"},{"floor":41.0,"key":"LiquidMemories"},{"floor":45.0,"key":"ElixirPotion"}],"is_trial":false,"path_per_floor":["M","?","?","M","?","R","E","M","T","R","E","M","$","E","R","B",null,"M","?","M","M","?","E","$","R","T","R","E","M","T","$","R","B",null,"M","$","?","M","M","E","M","R","T","?","E","M","M","?","R","B",null],"character_chosen":"IRONCLAD","items_purchased":["Perfected Strike","DollysMirror","Membership Card","Red Skull","Bronze Scales","Lantern"],"campfire_rested":0,"item_purchase_floors":[13,13,24,24,24,31],"current_hp_per_floor":[78,82,81,80,79,78,77,76,75,74,73,72,71,70,69,23,67,66,65,64,60,44,48,48,48,48,48,51,57,64,64,64,68,67,66,65,64,63,62,61,60,59,58,57,56,55,54,53,52,32],"gold":135,"neow_bonus":"","is_daily":true,"chose_seed":false,"campfire_upgraded":7,"win_rate":0.0,"timestamp":1612041534,"path_taken":["M","?","?","?","?","R","E","?","T","R","E","M","?","E","R","BOSS","M","?","M","M","?","E","?","R","T","R","E","M","?","$","R","BOSS","M","$","?","M","M","E","M","R","T","?","E","M","M","?","R","BOSS"],"items_purchased_type":["Card","Relic","Relic","Relic","Relic","Relic"],"build_version":"2020-12-22","purchased_purges":3,"victory":true,"max_hp_per_floor":[78,82,81,80,79,78,77,76,75,74,73,72,71,70,69,68,67,66,65,64,63,62,61,60,59,58,57,66,65,71,70,69,68,67,66,65,64,63,62,61,60,59,58,57,56,55,54,53,52,51],"card_choices":[{"not_picked":["Pommel Strike","Uppercut","Flex"],"picked":"SKIP","floor":1.0},{"not_picked":["Clothesline","Pummel","Searing Blow"],"picked":"SKIP","floor":4.0},{"not_picked":["Flame Barrier","Thinking Ahead","Headbutt"],"picked":"SKIP","floor":7.0},{"not_picked":["Dramatic Entrance","Bloodletting","Wild Strike"],"picked":"SKIP","floor":8.0},{"not_picked":["Madness","Body Slam","Clothesline"],"picked":"SKIP","floor":11.0},{"not_picked":["Sword Boomerang","Evolve"],"picked":"Perfected Strike","floor":12.0},{"not_picked":["Hemokinesis","True Grit","Shrug It Off"],"picked":"SKIP","floor":14.0},{"not_picked":["The Bomb","Corruption"],"picked":"Master of Strategy","floor":16.0},{"not_picked":["Inflame","Warcry","Clothesline"],"picked":"SKIP","floor":18.0},{"not_picked":["Warcry","Clothesline"],"picked":"Inflame","floor":18.0},{"not_picked":["Clash","Searing Blow+1","Clothesline"],"picked":"SKIP","floor":20.0},{"not_picked":["Heavy Blade","Armaments"],"picked":"Whirlwind","floor":21.0},{"not_picked":["Juggernaut","Uppercut+1"],"picked":"Whirlwind+1","floor":23.0},{"not_picked":["Shrug It Off","Feel No Pain","Jack Of All Trades"],"picked":"SKIP","floor":28.0},{"not_picked":["Armaments","Warcry","Twin Strike"],"picked":"SKIP","floor":29.0},{"not_picked":["Apotheosis","Brutality"],"picked":"Master of Strategy","floor":33.0},{"not_picked":["Impatience+1"],"picked":"SKIP","floor":35.0},{"not_picked":["Thunderclap"],"picked":"SKIP","floor":38.0},{"not_picked":["Dark Shackles"],"picked":"SKIP","floor":39.0},{"not_picked":["Discovery"],"picked":"SKIP","floor":40.0},{"not_picked":["Discovery"],"picked":"SKIP","floor":41.0},{"not_picked":["Discovery"],"picked":"SKIP","floor":41.0},{"not_picked":["Bludgeon"],"picked":"SKIP","floor":45.0},{"not_picked":["Sentinel+1"],"picked":"SKIP","floor":46.0},{"not_picked":["PanicButton"],"picked":"SKIP","floor":47.0}],"player_experience":1536470,"relics_obtained":[{"floor":7.0,"key":"Smiling Mask"},{"floor":9.0,"key":"Juzu Bracelet"},{"floor":11.0,"key":"HornCleat"},{"floor":14.0,"key":"PreservedInsect"},{"floor":22.0,"key":"Necronomicon"},{"floor":23.0,"key":"Charon\u0027s Ashes"},{"floor":26.0,"key":"Bag of Preparation"},{"floor":28.0,"key":"Pear"},{"floor":30.0,"key":"Strawberry"},{"floor":40.0,"key":"War Paint"},{"floor":43.0,"key":"Vajra"},{"floor":45.0,"key":"Frozen Egg 2"}],"event_choices":[{"damage_healed":0.0,"max_hp_gain":5.0,"max_hp_loss":0.0,"gold_gain":0.0,"event_name":"Big Fish","player_choice":"Donut","floor":2.0,"gold_loss":0.0,"damage_taken":0.0},{"cards_removed":["Flame Barrier"],"damage_healed":0.0,"max_hp_gain":0.0,"max_hp_loss":0.0,"gold_gain":0.0,"event_name":"WeMeetAgain","player_choice":"Gave Card","floor":3.0,"gold_loss":0.0,"damage_taken":0.0,"relics_obtained":["Potion Belt"]},{"damage_healed":0.0,"max_hp_gain":0.0,"max_hp_loss":0.0,"gold_gain":100.0,"event_name":"Golden Shrine","player_choice":"Pray","floor":5.0,"gold_loss":0.0,"damage_taken":0.0},{"damage_healed":0.0,"max_hp_gain":0.0,"max_hp_loss":0.0,"gold_gain":0.0,"event_name":"Vampires","player_choice":"Ignored","floor":19.0,"gold_loss":0.0,"damage_taken":0.0},{"damage_healed":0.0,"max_hp_gain":0.0,"max_hp_loss":0.0,"gold_gain":0.0,"event_name":"Cursed Tome","player_choice":"Obtained Book","floor":22.0,"gold_loss":0.0,"damage_taken":16.0},{"damage_healed":0.0,"max_hp_gain":0.0,"max_hp_loss":0.0,"gold_gain":0.0,"event_name":"Tomb of Lord Red Mask","player_choice":"Paid","floor":37.0,"gold_loss":111.0,"damage_taken":0.0,"relics_obtained":["Red Mask"]},{"damage_healed":0.0,"max_hp_gain":0.0,"max_hp_loss":0.0,"gold_gain":0.0,"event_name":"MindBloom","player_choice":"Upgrade","floor":44.0,"gold_loss":0.0,"damage_taken":0.0,"cards_upgraded":["Strike_R","Strike_R","Strike_R","Strike_R","Strike_R","Defend_R","Flame Barrier","Perfected Strike","Master of Strategy"],"relics_obtained":["Mark of the Bloom"]},{"damage_healed":0,"gold_gain":0,"player_choice":"Memory 1","damage_taken":0,"max_hp_gain":0,"max_hp_loss":0,"event_name":"SensoryStone","floor":48,"gold_loss":0}],"is_beta":false,"boss_relics":[{"not_picked":["Calling Bell","Runic Dome"],"picked":"Coffee Dripper"},{"not_picked":["Tiny House","SacredBark"],"picked":"Busted Crown"}],"items_purged_floors":[13,24,36],"is_endless":false,"potions_floor_spawned":[4,11,12,14,18,20,21,28,29,35,40,41,45],"ascension_level":0}}