{"host":"zrtolk9726p85qr7","time":1612028553,"event":{"mods":["BaseMod","BetterRewards","Colored Powertips","Minty Spire (QoL Compilation)","Permanent Neow","Quick Restart","Spire Arcade","StSLib","The Animator","The Necromancer","The Wild Card"],"gold_per_floor":[213,225,225,225,225,251,251,251,278,307,307,326,384,403,403,499,549,563,574,589,132,47,47,75,75,99,99,112,112,72,101,101,201,201,211,211,221,232,232,232,232,232,232,246,296,325,325,338,338,338,338,338,94,126,126,126],"floor_reached":55,"language":"ENG","playtime":3491,"items_purged":[],"score":766,"play_id":"4dcf4499-aa6c-4cd3-966b-baaa269387ef","local_time":"20210130184233","is_ascension_mode":false,"campfire_choices":[{"floor":8.0,"key":"RECALL"},{"data":"Requiem","floor":11.0,"key":"SMITH"},{"floor":15.0,"key":"REST"},{"floor":23.0,"key":"REST"},{"floor":29.0,"key":"DIG"},{"floor":32.0,"key":"REST"},{"floor":40.0,"key":"REST"},{"floor":42.0,"key":"REST"},{"floor":47.0,"key":"REST"},{"floor":49.0,"key":"DIG"},{"floor":52.0,"key":"DIG"}],"circlet_count":0,"master_deck":["Strike_W","Strike_W","Strike_W","Defend_W","Defend_W","Negative_Energy_Arrows","Bone_Wall+1","Uncharnel","Blood_Is_Power+1","Requiem+1","Summon_Lich","Finger_Of_Death+1","Siphon_Strength","Summon_Death_Knight","Corrupt+1","Good Instincts","Blood_Curse","Hellfire","Siphon_Strength","Magnetism","Siphon_Strength"],"relics":["Vampire_Amulet","Mummified Hand","Matryoshka","Juzu Bracelet","Anchor","War Paint","Bag of Marbles","Tiny House","Omamori","Shovel","Mercury Hourglass","Mango","PreservedInsect","Pen Nib","Vajra","Toy Ornithopter","Empty Cage","Darkstone Periapt","Pocketwatch","Eternal Feather","Orichalcum","Bottled Tornado","Ornamental Fan"],"acts_visited":["Exordium","TheCity","TheBeyond","TheEnding"],"potions_floor_usage":[55],"damage_taken":[{"damage":0.0,"enemies":"Small Slimes","floor":1.0,"turns":3.0},{"damage":1.0,"enemies":"2 Louse","floor":2.0,"turns":3.0},{"damage":17.0,"enemies":"3 Sentries","floor":6.0,"turns":5.0},{"damage":25.0,"enemies":"Gremlin Nob","floor":10.0,"turns":4.0},{"damage":4.0,"enemies":"Cultist","floor":12.0,"turns":3.0},{"damage":29.0,"enemies":"Gremlin Nob","floor":13.0,"turns":4.0},{"damage":2.0,"enemies":"2 Fungi Beasts","floor":14.0,"turns":3.0},{"damage":13.0,"enemies":"Hexaghost","floor":16.0,"turns":9.0},{"damage":24.0,"enemies":"2 Thieves","floor":18.0,"turns":4.0},{"damage":27.0,"enemies":"Spheric Guardian","floor":19.0,"turns":4.0},{"damage":31.0,"enemies":"3 Cultists","floor":20.0,"turns":5.0},{"damage":29.0,"enemies":"Gremlin Leader","floor":24.0,"turns":5.0},{"damage":21.0,"enemies":"Centurion and Healer","floor":28.0,"turns":4.0},{"damage":2.0,"enemies":"Book of Stabbing","floor":31.0,"turns":2.0},{"damage":55.0,"enemies":"Collector","floor":33.0,"turns":8.0},{"damage":35.0,"enemies":"3 Darklings","floor":35.0,"turns":7.0},{"damage":14.0,"enemies":"3 Shapes","floor":37.0,"turns":5.0},{"damage":46.0,"enemies":"Spire Growth","floor":38.0,"turns":4.0},{"damage":8.0,"enemies":"Transient","floor":44.0,"turns":5.0},{"damage":4.0,"enemies":"Mind Bloom Boss Battle","floor":45.0,"turns":7.0},{"damage":21.0,"enemies":"Giant Head","floor":46.0,"turns":7.0},{"damage":17.0,"enemies":"Sphere and 2 Shapes","floor":48.0,"turns":4.0},{"damage":74.0,"enemies":"Time Eater","floor":50.0,"turns":12.0},{"damage":64.0,"enemies":"Shield and Spear","floor":54.0,"turns":6.0},{"damage":88,"enemies":"The Heart","floor":55,"turns":9}],"seed_played":"9017638999856498049","potions_obtained":[{"floor":1.0,"key":"Swift Potion"},{"floor":2.0,"key":"ColorlessPotion"},{"floor":6.0,"key":"FearPotion"},{"floor":16.0,"key":"Weak Potion"},{"floor":17.0,"key":"FearPotion"},{"floor":19.0,"key":"Fire Potion"},{"floor":24.0,"key":"Explosive Potion"},{"floor":30.0,"key":"Regen Potion"},{"floor":30.0,"key":"SteroidPotion"},{"floor":30.0,"key":"ColorlessPotion"},{"floor":31.0,"key":"LiquidBronze"},{"floor":33.0,"key":"Fruit Juice"},{"floor":35.0,"key":"FairyPotion"},{"floor":37.0,"key":"FearPotion"},{"floor":45.0,"key":"Fire Potion"},{"floor":46.0,"key":"Energy Potion"}],"is_trial":false,"path_per_floor":["M","M","?","?","?","E","?","R","T","E","R","M","?","M","R","B",null,"M","M","M","$","?","R","E","?","T","?","M","R","?","E","R","B",null,"M","?","M","M","?","R","?","R","T","M","?","E","R","M","R","B",null,"R","$","E","B"],"character_chosen":"NECROMANCER","items_purchased":["Omamori","Shovel","DuplicationPotion","Magnetism"],"campfire_rested":6,"item_purchase_floors":[21,21,53,53],"current_hp_per_floor":[75,75,75,80,80,69,69,69,69,46,46,44,17,19,43,32,85,65,40,15,15,15,40,35,35,35,99,80,80,80,80,99,64,99,66,66,58,19,19,48,48,77,77,71,75,66,104,93,102,30,104,104,104,44,0,0],"gold":126,"neow_bonus":"HUNDRED_GOLD","is_daily":false,"chose_seed":false,"campfire_upgraded":1,"win_rate":0.0,"timestamp":1612028553,"path_taken":["M","M","?","?","?","E","?","R","T","E","R","M","?","M","R","BOSS","M","M","M","$","?","R","E","?","T","?","M","R","?","E","R","BOSS","M","?","M","M","?","R","?","R","T","M","?","E","R","M","R","BOSS","R","$","E","BOSS"],"items_purchased_type":["Relic","Relic","Potion","Card"],"build_version":"2020-12-22","purchased_purges":0,"victory":false,"max_hp_per_floor":[75,75,75,80,80,80,80,80,80,80,80,80,80,80,80,80,85,85,85,85,85,85,85,99,99,99,99,99,99,99,99,99,99,99,99,99,99,99,99,99,99,99,99,99,99,104,104,104,104,104,104,104,104,104,104,104],"card_choices":[{"not_picked":["Negative_Energy_Burst","Negative_Energy_Mist","Strike_from_Beyond"],"picked":"SKIP","floor":1.0},{"not_picked":["Scare","Toxic_Smoke_Screen"],"picked":"Uncharnel","floor":2.0},{"not_picked":["Life_Tap","Toxic_Smoke_Screen","Flesh_Made_Foul"],"picked":"SKIP","floor":6.0},{"not_picked":["Negative_Energy_Sphere","Bones_to_Steel"],"picked":"Requiem","floor":10.0},{"not_picked":["Deaths_Shadow","Consume_Illness"],"picked":"Death_March_Dance","floor":12.0},{"not_picked":["Toxic_Smoke_Screen","Bone_Spikes"],"picked":"Summon_Lich","floor":13.0},{"not_picked":["Necromantic_Selection","Pandemic","Strike_from_Beyond"],"picked":"SKIP","floor":14.0},{"not_picked":["Chill_Blood","Blood_Is_Power+1"],"picked":"Finger_Of_Death+1","floor":18.0},{"not_picked":["Blood_Curse+1","Scare+1","Thousand_Bone_Knives"],"picked":"SKIP","floor":19.0},{"not_picked":["Corrupt","Violent_Necrosis"],"picked":"Death_Knell+1","floor":20.0},{"not_picked":["Bone_Spikes","Blood_Curse","Death_Knell"],"picked":"SKIP","floor":24.0},{"not_picked":["Blood_Whip","Plague_Bolt+1"],"picked":"Siphon_Strength","floor":28.0},{"not_picked":["Blood_Curse","Scare+1"],"picked":"Summon_Death_Knight","floor":31.0},{"not_picked":["Flesh_Made_Foul+1","Death_Coil","Violent_Necrosis+1"],"picked":"SKIP","floor":35.0},{"not_picked":["Chill_Blood+1","Strike_from_Beyond+1"],"picked":"Corrupt+1","floor":37.0},{"not_picked":["Death_Knell+1","Bone_Armor+1","Exploit"],"picked":"SKIP","floor":38.0},{"not_picked":["Jack Of All Trades","Thinking Ahead"],"picked":"Good Instincts","floor":39.0},{"not_picked":["Shackles_Of_Pain","Bone_Spikes","Death_Coil+1"],"picked":"SKIP","floor":44.0},{"not_picked":["Necromantic_Selection","Deaths_Shadow+1"],"picked":"Blood_Curse","floor":45.0},{"not_picked":["Spectral_Walk","Spectral_Armor"],"picked":"Hellfire","floor":46.0},{"not_picked":["Shackles_Of_Pain+1","Death_March_Dance+1"],"picked":"Siphon_Strength","floor":48.0},{"not_picked":["Death_March_Dance+1","Death_Coil"],"picked":"Siphon_Strength","floor":54.0}],"player_experience":131361,"relics_obtained":[{"floor":6.0,"key":"Matryoshka"},{"floor":9.0,"key":"Juzu Bracelet"},{"floor":9.0,"key":"Anchor"},{"floor":10.0,"key":"War Paint"},{"floor":13.0,"key":"Bag of Marbles"},{"floor":24.0,"key":"Mango"},{"floor":26.0,"key":"Pen Nib"},{"floor":29.0,"key":"Vajra"},{"floor":31.0,"key":"Toy Ornithopter"},{"floor":43.0,"key":"Darkstone Periapt"},{"floor":45.0,"key":"Pocketwatch"},{"floor":46.0,"key":"Eternal Feather"},{"floor":49.0,"key":"Orichalcum"},{"floor":52.0,"key":"Bottled Tornado"},{"floor":54.0,"key":"Ornamental Fan"}],"event_choices":[{"damage_healed":0.0,"max_hp_gain":0.0,"max_hp_loss":0.0,"gold_gain":0.0,"event_name":"The Cleric","player_choice":"Leave","floor":3.0,"gold_loss":0.0,"damage_taken":0.0},{"damage_healed":0.0,"max_hp_gain":5.0,"max_hp_loss":0.0,"gold_gain":0.0,"event_name":"Big Fish","player_choice":"Donut","floor":4.0,"gold_loss":0.0,"damage_taken":0.0},{"damage_healed":0.0,"max_hp_gain":0.0,"max_hp_loss":0.0,"gold_gain":0.0,"cards_transformed":["Defend_W"],"event_name":"Transmorgrifier","player_choice":"Transformed","floor":7.0,"gold_loss":0.0,"damage_taken":0.0,"cards_obtained":["Blood_Is_Power"]},{"damage_healed":0.0,"max_hp_gain":0.0,"max_hp_loss":0.0,"gold_gain":0.0,"event_name":"Dead Adventurer","player_choice":"Searched \u00272\u0027 times","floor":13.0,"gold_loss":0.0,"damage_taken":0.0},{"damage_healed":0.0,"max_hp_gain":0.0,"max_hp_loss":0.0,"gold_gain":0.0,"event_name":"Addict","player_choice":"Obtained Relic","floor":22.0,"gold_loss":85.0,"damage_taken":0.0,"relics_obtained":["Mercury Hourglass"]},{"damage_healed":0.0,"max_hp_gain":0.0,"max_hp_loss":0.0,"gold_gain":0.0,"event_name":"The Mausoleum","player_choice":"Opened","floor":25.0,"gold_loss":0.0,"damage_taken":0.0,"relics_obtained":["PreservedInsect"],"cards_obtained":["Writhe"]},{"cards_removed":["Death_Knell"],"damage_healed":64.0,"max_hp_gain":0.0,"max_hp_loss":0.0,"gold_gain":0.0,"event_name":"Bonfire Elementals","player_choice":"Offered Uncommon","floor":27.0,"gold_loss":0.0,"damage_taken":0.0},{"damage_healed":0.0,"max_hp_gain":0.0,"max_hp_loss":0.0,"gold_gain":0.0,"event_name":"The Woman in Blue","player_choice":"Bought 3 Potions","floor":30.0,"gold_loss":0.0,"damage_taken":0.0},{"cards_removed":["Death_March_Dance"],"damage_healed":0.0,"max_hp_gain":0.0,"max_hp_loss":0.0,"gold_gain":0.0,"event_name":"Falling","player_choice":"Removed Attack","floor":36.0,"gold_loss":0.0,"damage_taken":0.0},{"damage_healed":0.0,"max_hp_gain":0.0,"max_hp_loss":0.0,"gold_gain":0.0,"event_name":"SensoryStone","player_choice":"Memory 1","floor":39.0,"gold_loss":0.0,"damage_taken":0.0},{"damage_healed":0.0,"max_hp_gain":0.0,"max_hp_loss":0.0,"gold_gain":0.0,"event_name":"Mysterious Sphere","player_choice":"Ignored","floor":41.0,"gold_loss":0.0,"damage_taken":0.0},{"damage_healed":0.0,"max_hp_gain":0.0,"max_hp_loss":0.0,"gold_gain":0.0,"event_name":"MindBloom","player_choice":"Fight","floor":45.0,"gold_loss":0.0,"damage_taken":0.0}],"is_beta":false,"boss_relics":[{"not_picked":["Ectoplasm","Snecko Eye"],"picked":"Tiny House"},{"not_picked":["Coffee Dripper","Astrolabe"],"picked":"Empty Cage"}],"items_purged_floors":[],"is_endless":false,"potions_floor_spawned":[1,2,6,16,19,24,31,33,35,37,45,46,48,54],"killed_by":"The Heart","ascension_level":0}}