{"host":"kkntor5wdjky96yl","time":1612017444,"event":{"mods":["AchievementEnabler","BaseMod","Colored Map","KOR Keyword Fix","Minty Spire (QoL Compilation)","Shop Mod","StSLib","SuperFastMode","Swap Starting Deck Mod"],"gold_per_floor":[113,113,113,137,162,162,203,224,224,259,283,317,206,226,226,345,345,368,409,409,115,131,170,18,43,70,95,95,171,189,222,222,351,351,369,432,432,432,432,78,103,141,141,141,164,202,225,244,244,244],"floor_reached":51,"language":"KOR","playtime":2129,"items_purged":["Injury"],"score":1143,"play_id":"76ab667f-808a-46db-8953-1f10373a3f0e","local_time":"20210130233724","is_ascension_mode":true,"campfire_choices":[{"data":"Barricade","floor":6,"key":"SMITH"},{"data":"Body Slam","floor":15,"key":"SMITH"},{"data":"Entrench","floor":28,"key":"SMITH"},{"data":"Entrench","floor":32,"key":"SMITH"},{"data":"Entrench","floor":44,"key":"SMITH"},{"data":"Juggernaut","floor":49,"key":"SMITH"}],"circlet_count":0,"master_deck":["Iron Wave","Iron Wave+1","Iron Wave","Entrench+1","Entrench+1","Entrench+1","Barricade+1","Flame Barrier","Body Slam+1","Flame Barrier","Exhume","CurseOfTheBell","Shockwave+1","Body Slam+1","Bloodletting","Juggernaut+1","Shrug It Off+1","Armaments+1","Parasite","Warcry+1"],"relics":["Burning Blood","Golden Idol","Oddly Smooth Stone","Champion Belt","Blue Candle","CaptainsWheel","Tiny Chest","Ornamental Fan","Thread and Needle","Red Mask","Prayer Wheel","HornCleat","Medical Kit","MealTicket","Sundial","Happy Flower","Sozu","Girya","Frozen Egg 2","MerchantsRug","Gremlin Horn","Dream Catcher","Toxic Egg 2","Strawberry"],"acts_visited":["Exordium","TheCity","TheBeyond"],"potions_floor_usage":[11,18,27,31,50],"damage_taken":[{"damage":6,"enemies":"2 Louse","floor":1,"turns":5},{"damage":0,"enemies":"Small Slimes","floor":4,"turns":6},{"damage":0,"enemies":"Lagavulin","floor":7,"turns":25},{"damage":0,"enemies":"Jaw Worm","floor":8,"turns":8},{"damage":4,"enemies":"Gremlin Nob","floor":10,"turns":7},{"damage":0,"enemies":"Blue Slaver","floor":11,"turns":5},{"damage":14,"enemies":"3 Sentries","floor":12,"turns":13},{"damage":5,"enemies":"Looter","floor":14,"turns":4},{"damage":0,"enemies":"Slime Boss","floor":16,"turns":10},{"damage":6,"enemies":"3 Byrds","floor":18,"turns":3},{"damage":58,"enemies":"Masked Bandits","floor":19,"turns":9},{"damage":4,"enemies":"Chosen","floor":22,"turns":6},{"damage":8,"enemies":"Gremlin Leader","floor":23,"turns":7},{"damage":4,"enemies":"Shelled Parasite and Fungi","floor":25,"turns":10},{"damage":0,"enemies":"Chosen and Byrds","floor":27,"turns":4},{"damage":6,"enemies":"Snake Plant","floor":30,"turns":3},{"damage":10,"enemies":"Slavers","floor":31,"turns":5},{"damage":7,"enemies":"Automaton","floor":33,"turns":9},{"damage":1,"enemies":"3 Darklings","floor":35,"turns":4},{"damage":1,"enemies":"Mind Bloom Boss Battle","floor":36,"turns":4},{"damage":3,"enemies":"3 Shapes","floor":41,"turns":3},{"damage":15,"enemies":"Reptomancer","floor":42,"turns":4},{"damage":1,"enemies":"3 Darklings","floor":45,"turns":4},{"damage":1,"enemies":"Giant Head","floor":46,"turns":5},{"damage":3,"enemies":"4 Shapes","floor":47,"turns":5},{"damage":23,"enemies":"Writhing Mass","floor":48,"turns":8},{"damage":6,"enemies":"Donu and Deca","floor":50,"turns":5}],"seed_played":"-3354798537122802138","potions_obtained":[{"floor":1,"key":"Block Potion"},{"floor":10,"key":"DuplicationPotion"},{"floor":12,"key":"Explosive Potion"},{"floor":14,"key":"LiquidBronze"},{"floor":16,"key":"SteroidPotion"},{"floor":23,"key":"BloodPotion"},{"floor":27,"key":"Explosive Potion"},{"floor":31,"key":"BloodPotion"},{"floor":33,"key":"LiquidBronze"}],"is_trial":false,"path_per_floor":["M","?","?","M","T","R","E","M","T","E","M","E","$","M","R","B",null,"M","?","?","$","M","E","$","M","T","M","R","T","M","E","R","B",null,"M","?","?","T","?","$","M","E","T","R","M","E","M","M","R","B",null],"character_chosen":"IRONCLAD","items_purchased":["Flame Barrier","Prayer Wheel","Medical Kit","MerchantsRug","Gremlin Horn"],"campfire_rested":0,"item_purchase_floors":[13,21,24,40,40],"current_hp_per_floor":[40,33,33,39,39,39,45,51,51,53,59,51,51,52,52,58,80,80,28,28,28,30,28,28,30,30,52,52,52,52,48,48,47,80,80,80,80,80,80,80,80,71,71,71,76,87,87,70,70,70],"gold":244,"neow_bonus":"","is_daily":false,"chose_seed":false,"campfire_upgraded":6,"win_rate":0.0,"timestamp":1612017444,"path_taken":["M","?","?","M","?","R","E","M","T","E","M","E","$","M","R","BOSS","M","?","?","$","?","E","$","M","T","M","R","?","?","E","R","BOSS","M","?","?","?","?","$","M","E","T","R","M","E","M","?","R","BOSS"],"items_purchased_type":["Card","Relic","Relic","Relic","Relic"],"build_version":"2020-12-22","purchased_purges":1,"victory":true,"max_hp_per_floor":[80,80,80,80,80,80,80,80,80,80,80,80,80,80,80,80,80,80,80,80,80,80,80,80,80,80,80,80,80,80,80,80,80,80,80,80,80,80,80,80,80,80,80,80,80,87,87,87,87,87],"card_choices":[{"not_picked":["Whirlwind","Havoc","Flex"],"picked":"SKIP","floor":1},{"not_picked":["Intimidate","Iron Wave"],"picked":"Flame Barrier","floor":4},{"not_picked":["Feel No Pain","Dark Embrace","Rupture"],"picked":"SKIP","floor":7},{"not_picked":["Feel No Pain","Dark Embrace","Rupture"],"picked":"SKIP","floor":7},{"not_picked":["Evolve","Intimidate","Cleave"],"picked":"SKIP","floor":8},{"not_picked":["Warcry","Perfected Strike","Uppercut"],"picked":"SKIP","floor":10},{"not_picked":["Heavy Blade","Spot Weakness"],"picked":"Body Slam","floor":11},{"not_picked":["Twin Strike","Power Through","Wild Strike"],"picked":"SKIP","floor":12},{"not_picked":["Pummel","Cleave","Heavy Blade"],"picked":"SKIP","floor":14},{"not_picked":["Immolate","Berserk"],"picked":"Exhume","floor":16},{"not_picked":["Reckless Charge+1","Thunderclap","Warcry+1"],"picked":"SKIP","floor":18},{"not_picked":["Clothesline","Heavy Blade"],"picked":"Shockwave+1","floor":22},{"not_picked":["Sword Boomerang","Perfected Strike","Corruption"],"picked":"SKIP","floor":22},{"not_picked":["Clash","Intimidate","Heavy Blade"],"picked":"SKIP","floor":23},{"not_picked":["Uppercut","Sword Boomerang","Hemokinesis+1"],"picked":"SKIP","floor":25},{"not_picked":["Pommel Strike","Second Wind+1","Sword Boomerang"],"picked":"SKIP","floor":25},{"not_picked":["Pommel Strike+1","Pummel"],"picked":"Body Slam+1","floor":27},{"not_picked":["Pommel Strike+1","Disarm","Wild Strike"],"picked":"SKIP","floor":27},{"not_picked":["Dropkick+1","Headbutt","Rupture"],"picked":"SKIP","floor":30},{"not_picked":["Twin Strike+1","Warcry","Uppercut"],"picked":"SKIP","floor":30},{"not_picked":["Flame Barrier","Limit Break"],"picked":"Bloodletting","floor":31},{"not_picked":["Fiend Fire","Berserk"],"picked":"Juggernaut","floor":33},{"not_picked":["Feel No Pain+1","Clothesline"],"picked":"Shrug It Off+1","floor":35},{"not_picked":["Body Slam","Power Through","Iron Wave+1"],"picked":"SKIP","floor":35},{"not_picked":["Havoc","Sword Boomerang","Entrench"],"picked":"SKIP","floor":41},{"not_picked":["Whirlwind+1","Twin Strike","Wild Strike+1"],"picked":"SKIP","floor":41},{"not_picked":["Rampage","Headbutt+1","Demon Form+1"],"picked":"SKIP","floor":42},{"not_picked":["Uppercut","Pommel Strike+1"],"picked":"Armaments+1","floor":45},{"not_picked":["Dark Embrace+1","Headbutt+1","Thunderclap+1"],"picked":"SKIP","floor":45},{"not_picked":["Bloodletting+1","True Grit+1","Shockwave+1"],"picked":"SKIP","floor":46},{"not_picked":["Bloodletting+1","Burning Pact+1","Warcry+1"],"picked":"SKIP","floor":47},{"not_picked":["Sentinel+1","Pommel Strike","Flex+1"],"picked":"SKIP","floor":47},{"not_picked":["Armaments+1","Iron Wave"],"picked":"Warcry+1","floor":48},{"not_picked":["Clothesline","Warcry+1","Perfected Strike+1"],"picked":"SKIP","floor":48}],"player_experience":117280,"relics_obtained":[{"floor":5,"key":"Oddly Smooth Stone"},{"floor":7,"key":"Champion Belt"},{"floor":9,"key":"Blue Candle"},{"floor":10,"key":"Whetstone"},{"floor":12,"key":"CaptainsWheel"},{"floor":17,"key":"Tiny Chest"},{"floor":17,"key":"Ornamental Fan"},{"floor":17,"key":"Thread and Needle"},{"floor":19,"key":"Red Mask"},{"floor":23,"key":"HornCleat"},{"floor":26,"key":"MealTicket"},{"floor":29,"key":"Sundial"},{"floor":31,"key":"Happy Flower"},{"floor":36,"key":"Girya"},{"floor":38,"key":"Frozen Egg 2"},{"floor":42,"key":"Dream Catcher"},{"floor":43,"key":"Toxic Egg 2"},{"floor":46,"key":"Strawberry"}],"event_choices":[{"cards_removed":["Entrench"],"damage_healed":0,"gold_gain":0,"player_choice":"Card Removal","damage_taken":7,"max_hp_gain":0,"max_hp_loss":0,"event_name":"Golden Wing","floor":2,"gold_loss":0},{"damage_healed":0,"gold_gain":0,"player_choice":"Take Wound","damage_taken":0,"relics_obtained":["Golden Idol"],"max_hp_gain":0,"max_hp_loss":0,"event_name":"Golden Idol","floor":3,"gold_loss":0,"cards_obtained":["Injury"]},{"damage_healed":0,"gold_gain":0,"player_choice":"Fought Bandits","damage_taken":0,"max_hp_gain":0,"max_hp_loss":0,"event_name":"Masked Bandits","floor":19,"gold_loss":0},{"cards_removed":["Iron Wave"],"damage_healed":0,"gold_gain":0,"player_choice":"Purged","damage_taken":0,"max_hp_gain":0,"max_hp_loss":0,"event_name":"Purifier","floor":20,"gold_loss":0},{"damage_healed":0,"gold_gain":0,"player_choice":"Fight","damage_taken":0,"max_hp_gain":0,"max_hp_loss":0,"event_name":"MindBloom","floor":36,"gold_loss":0},{"cards_removed":["Iron Wave"],"damage_healed":0,"gold_gain":0,"player_choice":"Removed Attack","damage_taken":0,"max_hp_gain":0,"max_hp_loss":0,"event_name":"Falling","floor":37,"gold_loss":0},{"damage_healed":0,"gold_gain":0,"player_choice":"Memory 1","damage_taken":0,"max_hp_gain":0,"max_hp_loss":0,"event_name":"SensoryStone","floor":39,"gold_loss":0}],"is_beta":false,"boss_relics":[{"not_picked":["SacredBark","Empty Cage"],"picked":"Calling Bell"},{"not_picked":["Runic Cube","Cursed Key"],"picked":"Sozu"}],"items_purged_floors":[13],"is_endless":false,"potions_floor_spawned":[1,10,12,14,16,23,27,31,33,41,46,48],"ascension_level":4}}