{"host":"mo324zvkdr1xwprd","time":1612020847,"event":{"mods":["BaseMod","Better Note","BetterRewards","Hermit","Highlight Path","Hubris","Minty Spire (QoL Compilation)","Quick Restart","Rare Cards Sparkle","Shop Mod","StSLib","The Cursed","The Hierophant"],"gold_per_floor":[116,116,134,146,146,174,174,206,206,206,226,245,259,275,275,371,371,391,481,179,25,41,68,68,103,152,152,152,178,192,221,221,325,325,341,235,235,62,81,108,108,108,134,151,185,185,185,218,218,218,218],"floor_reached":50,"language":"ENG","playtime":4360,"items_purged":[],"score":1118,"play_id":"b9c571e2-e091-457c-920f-20d9e9c34aaa","local_time":"20210130153407","is_ascension_mode":true,"campfire_choices":[{"data":"TheCursedMod:CollectTribute","floor":7.0,"key":"SMITH"},{"floor":10.0,"key":"REST"},{"data":"TheCursedMod:CollectTribute","floor":15.0,"key":"SMITH"},{"floor":24,"key":"REST"},{"floor":28,"key":"REST"},{"floor":32,"key":"RECALL"},{"data":"TheCursedMod:DarkBarrier","floor":41,"key":"SMITH"},{"data":"TheCursedMod:CursedSpellbook","floor":47,"key":"SMITH"},{"data":"Dramatic Entrance","floor":49,"key":"SMITH"}],"circlet_count":0,"master_deck":["TheCursedMod:Strike_TheCursed","TheCursedMod:Strike_TheCursed","TheCursedMod:Strike_TheCursed","TheCursedMod:Strike_TheCursed","TheCursedMod:Defend_TheCursed","TheCursedMod:Defend_TheCursed","TheCursedMod:Defend_TheCursed","TheCursedMod:Defend_TheCursed","TheCursedMod:CursedWand","TheCursedMod:CleanUpWorkshop","TheCursedMod:Dregs","Deep Breath","TheCursedMod:CollectTribute+1","TheCursedMod:AbyssShockwave","TheCursedMod:RapidMovement","TheCursedMod:CursedArmor","TheCursedMod:SpitefulPlan","TheCursedMod:CursedBlade","TheCursedMod:CursedSpellbook+1","TheCursedMod:CollectTribute+1","TheCursedMod:CircleOfBlood","TheCursedMod:SpitefulStrike","TheCursedMod:LuckyCharm","TheCursedMod:DemonSword","TheCursedMod:SurpriseAttack","TheCursedMod:ShockAndAwe","TheCursedMod:CursedBlade","Forethought","Good Instincts","TheCursedMod:Stigma","TheCursedMod:CircleOfCorruption+1","TheCursedMod:Grudge","TheCursedMod:ReleasedStrength","TheCursedMod:CursedStaff","TheCursedMod:TroublousMinions+1","TheCursedMod:EmpowerCircles+1","TheCursedMod:NeowsMight","TheCursedMod:CursedAmulet","TheCursedMod:SurpriseAttack","Dramatic Entrance+1","TheCursedMod:WearCloak","TheCursedMod:CircleOfCorruption","TheCursedMod:VitalStrike+1","TheCursedMod:DarkBarrier+1","TheCursedMod:Torture+1","TheCursedMod:WearCloak+1","TheCursedMod:StingEye+1"],"relics":["TheCursedMod:BlackMagic101","PreservedInsect","Potion Belt","MealTicket","Art of War","hubris:Backtick","Ice Cream","TheCursedMod:BloodyHarpoon","Bronze Scales","Gambling Chip","Meat on the Bone","Toy Ornithopter","MutagenicStrength","TheCursedMod:SoulVessel","Happy Flower","TheCursedMod:FourLeafCloverCharm","Orichalcum","Blood Vial","hubris:Icosahedron","Bag of Preparation","Lantern","FossilizedHelix"],"acts_visited":["Exordium","TheCity","TheBeyond"],"potions_floor_usage":[18,23,23,33,33,50,50],"damage_taken":[{"damage":0.0,"enemies":"Small Slimes","floor":1.0,"turns":3.0},{"damage":0.0,"enemies":"Cultist","floor":3.0,"turns":3.0},{"damage":0.0,"enemies":"2 Louse","floor":4.0,"turns":2.0},{"damage":5.0,"enemies":"Lagavulin","floor":6.0,"turns":4.0},{"damage":22.0,"enemies":"Gremlin Nob","floor":8.0,"turns":4.0},{"damage":3.0,"enemies":"Looter","floor":11.0,"turns":3.0},{"damage":0.0,"enemies":"Exordium Thugs","floor":12.0,"turns":4.0},{"damage":6.0,"enemies":"Exordium Wildlife","floor":13.0,"turns":3.0},{"damage":0.0,"enemies":"Blue Slaver","floor":14.0,"turns":3.0},{"damage":19,"enemies":"Slime Boss","floor":16,"turns":11},{"damage":21,"enemies":"Shell Parasite","floor":18,"turns":4},{"damage":0,"enemies":"Chosen","floor":22,"turns":4},{"damage":24,"enemies":"Slavers","floor":23,"turns":3},{"damage":23,"enemies":"Book of Stabbing","floor":25,"turns":4},{"damage":0,"enemies":"Gremlin Leader","floor":29,"turns":3},{"damage":0,"enemies":"Snake Plant","floor":30,"turns":4},{"damage":8,"enemies":"Book of Stabbing","floor":31,"turns":4},{"damage":35,"enemies":"Collector","floor":33,"turns":6},{"damage":7,"enemies":"3 Darklings","floor":35,"turns":2},{"damage":0,"enemies":"3 Shapes","floor":39,"turns":3},{"damage":18,"enemies":"Giant Head","floor":40,"turns":7},{"damage":0,"enemies":"Sphere and 2 Shapes","floor":44,"turns":2},{"damage":0,"enemies":"Reptomancer","floor":45,"turns":4},{"damage":14,"enemies":"Nemesis","floor":48,"turns":3},{"damage":77,"enemies":"Time Eater","floor":50,"turns":7}],"seed_played":"8513169927711210568","potions_obtained":[{"floor":3.0,"key":"DuplicationPotion"},{"floor":4.0,"key":"AttackPotion"},{"floor":8.0,"key":"Regen Potion"},{"floor":12.0,"key":"Ancient Potion"},{"floor":14.0,"key":"Dexterity Potion"},{"floor":18,"key":"BlessingOfTheForge"},{"floor":22,"key":"ColorlessPotion"},{"floor":25,"key":"PowerPotion"},{"floor":35,"key":"GamblersBrew"},{"floor":40,"key":"LiquidBronze"},{"floor":48,"key":"FearPotion"}],"is_trial":false,"path_per_floor":["M","?","M","M","?","E","R","E","T","R","M","M","M","M","R","B",null,"M","?","$","$","M","E","R","E","T","?","R","E","M","E","R","B",null,"M","$","?","$","M","E","R","?","T","M","E","?","R","E","R","B"],"character_chosen":"THE_CURSED","items_purchased":["TheCursedMod:CollectTribute","TheCursedMod:AbyssShockwave","TheCursedMod:RapidMovement","TheCursedMod:BloodyHarpoon","TheCursedMod:Stigma","Bronze Scales","TheCursedMod:SurpriseAttack","Dramatic Entrance","TheCursedMod:WearCloak","TheCursedMod:CircleOfCorruption","TheCursedMod:LuckyCharm"],"campfire_rested":3,"item_purchase_floors":[0,0,0,20,20,21,36,36,38,38,38],"current_hp_per_floor":[60,60,60,60,60,55,55,33,33,55,65,73,67,73,73,56,70,53,28,43,58,62,38,60,37,37,37,59,63,68,66,66,57,71,65,75,75,75,75,67,67,67,67,71,75,75,75,63,63,0,0],"gold":218,"neow_bonus":"","is_daily":false,"chose_seed":false,"campfire_upgraded":5,"win_rate":0.0,"timestamp":1612020847,"path_taken":["M","?","M","?","?","E","R","E","T","R","M","M","M","M","R","BOSS","M","?","?","$","M","E","R","E","T","?","R","E","M","E","R","BOSS","M","$","?","$","?","E","R","?","T","M","E","?","R","E","R","BOSS"],"items_purchased_type":["Card","Card","Card","Relic","Card","Relic","Card","Card","Card","Card","Card"],"build_version":"2020-12-22","purchased_purges":0,"victory":false,"max_hp_per_floor":[75,75,75,75,75,75,75,75,75,75,75,75,75,75,75,75,75,75,75,75,75,75,75,75,75,75,75,75,75,75,75,75,75,75,75,75,75,75,75,75,75,75,75,75,75,75,75,75,75,75,75],"card_choices":[{"not_picked":["TheCursedMod:StingEye","TheCursedMod:AbyssShockwave"],"picked":"TheCursedMod:CursedArmor","floor":1.0},{"not_picked":["TheCursedMod:Mangle","TheCursedMod:SaltUponWound"],"picked":"TheCursedMod:SpitefulPlan","floor":3.0},{"not_picked":["TheCursedMod:HellsGateOpen","TheCursedMod:RavingStaff"],"picked":"TheCursedMod:CursedBlade","floor":4.0},{"not_picked":["TheCursedMod:CursedBlade","TheCursedMod:AshesToAshes"],"picked":"TheCursedMod:CollectTribute","floor":6.0},{"not_picked":["TheCursedMod:CursedShiv","TheCursedMod:EmpowerCircles"],"picked":"TheCursedMod:CircleOfBlood","floor":8.0},{"not_picked":["TheCursedMod:Wield","TheCursedMod:SoulCrush"],"picked":"TheCursedMod:SpitefulStrike","floor":11.0},{"not_picked":["TheCursedMod:VitalStrike","TheCursedMod:FleshFromBone"],"picked":"TheCursedMod:LuckyCharm","floor":12.0},{"not_picked":["TheCursedMod:HellfireBreathing","TheCursedMod:Evocation"],"picked":"TheCursedMod:DemonSword","floor":13.0},{"not_picked":["TheCursedMod:Stigma","TheCursedMod:Evocation"],"picked":"TheCursedMod:SurpriseAttack","floor":14.0},{"not_picked":["TheCursedMod:CircleOfAbyss","TheCursedMod:UltimatePain"],"picked":"TheCursedMod:ShockAndAwe","floor":16},{"not_picked":["TheCursedMod:AshesToAshes","TheCursedMod:CircleOfFocus"],"picked":"TheCursedMod:CursedBlade","floor":18},{"not_picked":["TheCursedMod:VitalStrike","TheCursedMod:LuckyCharm"],"picked":"TheCursedMod:CircleOfCorruption+1","floor":22},{"not_picked":["TheCursedMod:ParallelWorld","TheCursedMod:Torture"],"picked":"TheCursedMod:Grudge","floor":23},{"not_picked":["TheCursedMod:CursedAmulet","TheCursedMod:SmokeScreen"],"picked":"TheCursedMod:ReleasedStrength","floor":25},{"not_picked":["TheCursedMod:CircleOfFlame","TheCursedMod:CircleOfFocus"],"picked":"TheCursedMod:CursedStaff","floor":29},{"not_picked":["TheCursedMod:TacticalStrike+1","TheCursedMod:SpreadPlague+1"],"picked":"TheCursedMod:TroublousMinions+1","floor":30},{"not_picked":["TheCursedMod:Wield","TheCursedMod:CircleOfFlame"],"picked":"TheCursedMod:EmpowerCircles+1","floor":31},{"not_picked":["TheCursedMod:CircleOfAbyss","TheCursedMod:UltimatePain"],"picked":"TheCursedMod:NeowsMight","floor":33},{"not_picked":["TheCursedMod:SmokeScreen","TheCursedMod:SoulCrush"],"picked":"TheCursedMod:CursedAmulet","floor":35},{"not_picked":["TheCursedMod:PrepareRite+1","TheCursedMod:FleshFromBone+1"],"picked":"TheCursedMod:VitalStrike+1","floor":39},{"not_picked":["TheCursedMod:SoulCrush","TheCursedMod:SurpriseAttack"],"picked":"TheCursedMod:DarkBarrier","floor":40},{"not_picked":["TheCursedMod:CircleOfFlame","TheCursedMod:Obscuration+1"],"picked":"TheCursedMod:Torture+1","floor":44},{"not_picked":["TheCursedMod:Wield+1","TheCursedMod:VitalStrike"],"picked":"TheCursedMod:WearCloak+1","floor":45},{"not_picked":["TheCursedMod:DarkBarrier","TheCursedMod:Wield+1"],"picked":"TheCursedMod:StingEye+1","floor":48}],"player_experience":427110,"relics_obtained":[{"floor":6.0,"key":"MealTicket"},{"floor":8.0,"key":"Art of War"},{"floor":23,"key":"Gambling Chip"},{"floor":25,"key":"Meat on the Bone"},{"floor":26,"key":"Toy Ornithopter"},{"floor":29,"key":"TheCursedMod:SoulVessel"},{"floor":31,"key":"Happy Flower"},{"floor":40,"key":"Blood Vial"},{"floor":43,"key":"Bag of Preparation"},{"floor":45,"key":"Lantern"},{"floor":48,"key":"FossilizedHelix"}],"event_choices":[{"damage_healed":0.0,"max_hp_gain":0.0,"max_hp_loss":0.0,"gold_gain":0.0,"event_name":"Fountain of Cleansing","player_choice":"Ignored","floor":2.0,"gold_loss":0.0,"damage_taken":0.0},{"damage_healed":0,"gold_gain":90,"player_choice":"GOLD CARD CARD ","damage_taken":25,"max_hp_gain":0,"max_hp_loss":0,"event_name":"Knowing Skull","floor":19,"potions_obtained":[],"gold_loss":0,"cards_obtained":["Forethought","Good Instincts"]},{"damage_healed":0,"gold_gain":0,"player_choice":"Inject Mutagens","damage_taken":0,"relics_obtained":["MutagenicStrength"],"max_hp_gain":0,"max_hp_loss":0,"event_name":"Drug Dealer","floor":27,"gold_loss":0},{"damage_healed":0,"gold_gain":0,"player_choice":"Gave Potion","damage_taken":0,"relics_obtained":["Orichalcum"],"max_hp_gain":0,"max_hp_loss":0,"event_name":"WeMeetAgain","floor":37,"gold_loss":0},{"cards_removed":["TheCursedMod:LuckyCharm"],"damage_healed":0,"gold_gain":0,"player_choice":"Removed Power","damage_taken":0,"max_hp_gain":0,"max_hp_loss":0,"event_name":"Falling","floor":46,"gold_loss":0}],"is_beta":false,"boss_relics":[{"not_picked":["Tiny House","Ectoplasm"],"picked":"hubris:Backtick"},{"not_picked":["Fusion Hammer","Runic Dome"],"picked":"TheCursedMod:FourLeafCloverCharm"}],"items_purged_floors":[],"is_endless":false,"potions_floor_spawned":[3,4,8,12,14,18,22,25,35,40,48],"killed_by":"Time Eater","ascension_level":6}}