{"host":"gmrw3hv4wligmwgo","time":1612025194,"event":{"mods":["2.2 Compatiblity","BaseMod","Colored Map","Highlight Path","Minty Spire (QoL Compilation)","Relic Stats","StSLib","Synergy Search","Td1madao Mod","The Animator"],"gold_per_floor":[212,136,150,150,20,20,47,47,47,47,125,141,141,156,156,254,254,274,223,237,262,276,276,11,11,11,11,11,34,58,58,58,58,58],"floor_reached":33,"language":"ENG","playtime":4422,"items_purged":["Strike_R"],"score":490,"play_id":"73b984c6-6266-4849-813b-27e58350b506","local_time":"20210130174634","is_ascension_mode":true,"campfire_choices":[{"floor":6.0,"key":"REST"},{"floor":8.0,"key":"REST"},{"data":"Armaments","floor":15.0,"key":"SMITH"},{"data":"Rampage","floor":23.0,"key":"SMITH"},{"floor":25.0,"key":"REST"},{"floor":32.0,"key":"REST"}],"circlet_count":0,"master_deck":["AscendersBane","Strike_R","Strike_R","Defend_R","Defend_R","Defend_R","Defend_R","Bash","Evolve","Armaments+1","Disarm","Clothesline","Rampage+1","Headbutt","Fire Breathing","Double Tap","Shrug It Off","Demon Form","Shrug It Off"],"relics":["Burning Blood","Torii","InkBottle","Meat on the Bone","Pear","Golden Idol","Oddly Smooth Stone","Mark of Pain","Potion Belt","Mercury Hourglass"],"acts_visited":["Exordium","TheCity"],"potions_floor_usage":[33],"damage_taken":[{"damage":16.0,"enemies":"Jaw Worm","floor":1.0,"turns":4.0},{"damage":12.0,"enemies":"Cultist","floor":3.0,"turns":4.0},{"damage":55.0,"enemies":"Lagavulin","floor":7.0,"turns":10.0},{"damage":44.0,"enemies":"Gremlin Nob","floor":11.0,"turns":5.0},{"damage":0.0,"enemies":"Small Slimes","floor":12.0,"turns":4.0},{"damage":2.0,"enemies":"2 Fungi Beasts","floor":14.0,"turns":4.0},{"damage":37.0,"enemies":"Slime Boss","floor":16.0,"turns":8.0},{"damage":12.0,"enemies":"Chosen","floor":18.0,"turns":4.0},{"damage":23.0,"enemies":"Spheric Guardian","floor":20.0,"turns":6.0},{"damage":13.0,"enemies":"Snake Plant","floor":21.0,"turns":6.0},{"damage":27.0,"enemies":"Snecko","floor":22.0,"turns":6.0},{"damage":38.0,"enemies":"Centurion and Healer","floor":29.0,"turns":7.0},{"damage":24.0,"enemies":"Sentry and Sphere","floor":30.0,"turns":5.0},{"damage":79,"enemies":"Collector","floor":33,"turns":5}],"seed_played":"-7894844187737291096","potions_obtained":[{"floor":3.0,"key":"SpeedPotion"},{"floor":11.0,"key":"Dexterity Potion"},{"floor":14.0,"key":"AttackPotion"},{"floor":16.0,"key":"Dexterity Potion"},{"floor":20.0,"key":"Strength Potion"},{"floor":30.0,"key":"DuplicationPotion"}],"is_trial":false,"path_per_floor":["M","?","M","?","$","R","E","R","T","?","?","M","$","M","R","B",null,"M","$","M","M","M","R","$","R","T","?","?","M","M","?","R","B"],"character_chosen":"IRONCLAD","items_purchased":["Disarm","Clothesline","Shrug It Off","Shrug It Off","Potion Belt"],"campfire_rested":4,"item_purchase_floors":[5,5,19,24,24],"current_hp_per_floor":[58,58,52,41,41,63,14,36,46,46,20,38,38,54,54,35,67,61,61,56,49,40,40,40,63,63,63,63,43,37,37,60,0,0],"gold":58,"neow_bonus":"HUNDRED_GOLD","is_daily":false,"chose_seed":false,"campfire_upgraded":2,"win_rate":0.0,"timestamp":1612025194,"path_taken":["M","?","?","?","$","R","E","R","T","?","?","M","?","M","R","BOSS","M","$","?","?","M","R","$","R","T","?","?","M","M","?","R","BOSS"],"items_purchased_type":["Card","Card","Card","Card","Relic"],"build_version":"2020-12-22","purchased_purges":1,"victory":false,"max_hp_per_floor":[75,75,75,75,75,75,75,75,85,77,77,77,77,77,77,77,77,77,77,77,77,77,77,77,77,77,77,77,77,77,77,77,77,77],"relic_stats":{"Torii":22,"counters":[14,77],"Golden Idol":75,"obtain_stats":[{"Potion Belt":24,"Pear":9,"Torii":2,"Golden Idol":10,"Oddly Smooth Stone":11,"Mark of Pain":17,"Burning Blood":0,"InkBottle":4,"Meat on the Bone":7,"Mercury Hourglass":26},{"Potion Belt":11,"Pear":3,"Torii":1,"Golden Idol":3,"Oddly Smooth Stone":4,"Mark of Pain":7,"Burning Blood":0,"InkBottle":2,"Meat on the Bone":3,"Mercury Hourglass":11},{"Potion Belt":61,"Pear":18,"Torii":4,"Golden Idol":18,"Oddly Smooth Stone":23,"Mark of Pain":39,"Burning Blood":0,"InkBottle":8,"Meat on the Bone":18,"Mercury Hourglass":61}],"Burning Blood":78,"InkBottle":[20],"Meat on the Bone":96,"Mercury Hourglass":[69]},"card_choices":[{"not_picked":["Iron Wave","Flex"],"picked":"Evolve","floor":1.0},{"not_picked":["Battle Trance","Warcry"],"picked":"Armaments","floor":3.0},{"not_picked":["Warcry","Clothesline"],"picked":"Rampage","floor":7.0},{"not_picked":["Body Slam","Carnage"],"picked":"Headbutt","floor":12.0},{"not_picked":["Body Slam","Second Wind"],"picked":"Fire Breathing","floor":14.0},{"not_picked":["Bludgeon","Impervious"],"picked":"Double Tap","floor":16.0},{"not_picked":["Warcry","Flex","Twin Strike"],"picked":"SKIP","floor":18.0},{"not_picked":["Dark Embrace","Whirlwind","Heavy Blade"],"picked":"SKIP","floor":20.0},{"not_picked":["Infernal Blade","Havoc","Whirlwind+1"],"picked":"SKIP","floor":21.0},{"not_picked":["Infernal Blade","Havoc","Whirlwind+1"],"picked":"SKIP","floor":21.0},{"not_picked":["Thunderclap","Inflame"],"picked":"Demon Form","floor":22.0},{"not_picked":["Feel No Pain","Clash","Clothesline"],"picked":"SKIP","floor":29.0},{"not_picked":["Thunderclap","Twin Strike","Flex+1"],"picked":"SKIP","floor":30.0}],"player_experience":679798,"relics_obtained":[{"floor":7.0,"key":"Meat on the Bone"},{"floor":9.0,"key":"Pear"},{"floor":11.0,"key":"Oddly Smooth Stone"},{"floor":26.0,"key":"Mercury Hourglass"}],"event_choices":[{"damage_healed":0.0,"max_hp_gain":0.0,"max_hp_loss":0.0,"gold_gain":0.0,"event_name":"WeMeetAgain","player_choice":"Paid Gold","floor":2.0,"gold_loss":76.0,"damage_taken":0.0,"relics_obtained":["Torii"]},{"damage_healed":0.0,"max_hp_gain":0.0,"max_hp_loss":0.0,"gold_gain":0.0,"event_name":"Scrap Ooze","player_choice":"Success","floor":4.0,"gold_loss":0.0,"damage_taken":11.0,"relics_obtained":["InkBottle"]},{"damage_healed":0.0,"max_hp_gain":0.0,"max_hp_loss":8.0,"gold_gain":0.0,"event_name":"Golden Idol","player_choice":"Lose Max HP","floor":10.0,"gold_loss":0.0,"damage_taken":0.0,"relics_obtained":["Golden Idol"]},{"damage_healed":0.0,"max_hp_gain":0.0,"max_hp_loss":0.0,"gold_gain":0.0,"event_name":"Dead Adventurer","player_choice":"Searched \u00271\u0027 times","floor":11.0,"gold_loss":0.0,"damage_taken":0.0},{"cards_removed":["Strike_R"],"damage_healed":0.0,"max_hp_gain":0.0,"max_hp_loss":0.0,"gold_gain":0.0,"event_name":"Back to Basics","player_choice":"Elegance","floor":27.0,"gold_loss":0.0,"damage_taken":0.0},{"damage_healed":0.0,"max_hp_gain":0.0,"max_hp_loss":0.0,"gold_gain":0.0,"event_name":"Ghosts","player_choice":"Ignored","floor":28.0,"gold_loss":0.0,"damage_taken":0.0},{"cards_removed":["Strike_R"],"damage_healed":0.0,"max_hp_gain":0.0,"max_hp_loss":0.0,"gold_gain":0.0,"event_name":"Bonfire Elementals","player_choice":"Offered Basic","floor":31.0,"gold_loss":0.0,"damage_taken":0.0}],"is_beta":false,"boss_relics":[{"not_picked":["Ectoplasm","Black Blood"],"picked":"Mark of Pain"}],"items_purged_floors":[24],"is_endless":false,"potions_floor_spawned":[3,11,14,16,20,30],"killed_by":"Collector","ascension_level":20}}