{"host":"gcl0wx4kxpuh49bt","time":1612006491,"event":{"mods":["AchievementEnabler","BaseMod","DeckTracker","Minty Spire (QoL Compilation)","StSLib"],"gold_per_floor":[112,129,144,144,144,144,162,162,187,187,205,224,71,94,94,220,220,239,253,271,291,311,311,334,334,405,330,351,476,489,513,513,634,634,658,678,434,459,484,484,502,8,61,394,394,394,419,719,719,719],"floor_reached":51,"language":"KOR","playtime":2097,"items_purged":["Strike_G","Choke","Parasite"],"score":915,"play_id":"6bc607a1-3d9a-43ef-b98f-2777e4323ecb","local_time":"20210130203451","is_ascension_mode":true,"campfire_choices":[{"data":"Noxious Fumes","floor":6.0,"key":"SMITH"},{"data":"Blade Dance","floor":10.0,"key":"SMITH"},{"data":"Poisoned Stab","floor":15.0,"key":"SMITH"},{"floor":23.0,"key":"REST"},{"data":"Cloak And Dagger","floor":25.0,"key":"SMITH"},{"floor":32.0,"key":"REST"},{"data":"Terror","floor":40,"key":"SMITH"},{"data":"Cloak And Dagger","floor":49,"key":"SMITH"}],"circlet_count":0,"master_deck":["Survivor+1","Neutralize","Noxious Fumes+1","Backflip+1","PiercingWail","Blade Dance+1","Poisoned Stab+1","Blade Dance+1","Bane","Grand Finale","Cloak And Dagger+1","Backstab","Blade Dance","Poisoned Stab+1","Backflip+1","Unload","Cloak And Dagger+1","Concentrate","Dagger Spray","Dagger Throw","Masterful Stab","Riddle With Holes","Terror+1","Adrenaline","Calculated Gamble+1","Acrobatics+1","Madness","Madness","Doubt"],"relics":["Philosopher\u0027s Stone","FaceOfCleric","Whetstone","DollysMirror","WristBlade","Shuriken","The Specimen","Letter Opener","Pandora\u0027s Box","Sling","Calipers","War Paint","Juzu Bracelet","Old Coin"],"acts_visited":["Exordium","TheCity","TheBeyond"],"potions_floor_usage":[33,39,50],"damage_taken":[{"damage":3.0,"enemies":"Jaw Worm","floor":1.0,"turns":4.0},{"damage":1.0,"enemies":"2 Louse","floor":2.0,"turns":3.0},{"damage":2.0,"enemies":"Cultist","floor":3.0,"turns":5.0},{"damage":0.0,"enemies":"Blue Slaver","floor":7.0,"turns":5.0},{"damage":8.0,"enemies":"Large Slime","floor":11.0,"turns":5.0},{"damage":1.0,"enemies":"Looter","floor":12.0,"turns":4.0},{"damage":1.0,"enemies":"Gremlin Gang","floor":14.0,"turns":4.0},{"damage":22.0,"enemies":"Hexaghost","floor":16.0,"turns":7.0},{"damage":7.0,"enemies":"Chosen","floor":18.0,"turns":4.0},{"damage":0.0,"enemies":"Spheric Guardian","floor":19.0,"turns":2.0},{"damage":9.0,"enemies":"Cultist and Chosen","floor":20.0,"turns":5.0},{"damage":13.0,"enemies":"Centurion and Healer","floor":21.0,"turns":4.0},{"damage":36.0,"enemies":"Shelled Parasite and Fungi","floor":22.0,"turns":4.0},{"damage":17.0,"enemies":"Snecko","floor":24.0,"turns":4.0},{"damage":0.0,"enemies":"Chosen and Byrds","floor":28.0,"turns":3.0},{"damage":4.0,"enemies":"Colosseum Slavers","floor":29.0,"turns":3.0},{"damage":0.0,"enemies":"Colosseum Nobs","floor":29.0,"turns":2.0},{"damage":0.0,"enemies":"3 Cultists","floor":30.0,"turns":3.0},{"damage":5.0,"enemies":"Snecko","floor":31.0,"turns":3.0},{"damage":13,"enemies":"Automaton","floor":33,"turns":6},{"damage":11,"enemies":"Orb Walker","floor":35,"turns":2},{"damage":0,"enemies":"3 Shapes","floor":36,"turns":1},{"damage":9,"enemies":"Maw","floor":38,"turns":4},{"damage":7,"enemies":"Writhing Mass","floor":39,"turns":3},{"damage":16,"enemies":"Jaw Worm Horde","floor":41,"turns":3},{"damage":0,"enemies":"Reptomancer","floor":47,"turns":3},{"damage":82,"enemies":"Awakened One","floor":50,"turns":7}],"seed_played":"3297908332979444991","potions_obtained":[{"floor":2.0,"key":"FairyPotion"},{"floor":7.0,"key":"Strength Potion"},{"floor":12.0,"key":"FearPotion"},{"floor":19.0,"key":"AttackPotion"},{"floor":20.0,"key":"Fire Potion"},{"floor":24.0,"key":"Energy Potion"},{"floor":29.0,"key":"LiquidBronze"},{"floor":30.0,"key":"Strength Potion"},{"floor":35,"key":"SteroidPotion"},{"floor":38,"key":"Explosive Potion"},{"floor":47,"key":"Regen Potion"}],"is_trial":false,"path_per_floor":["M","M","M","?","?","R","M","?","T","R","M","M","$","M","R","B",null,"M","M","M","M","M","R","M","R","T","$","M","?","M","M","R","B",null,"M","M","$","M","M","R","M","$","T","?","?","?","E","T","R","B",null],"character_chosen":"THE_SILENT","items_purchased":["DollysMirror","Sling","Calipers","Regen Potion"],"campfire_rested":2,"item_purchase_floors":[13,37,42,42],"current_hp_per_floor":[67,66,64,47,47,47,47,47,47,47,40,40,40,40,40,19,60,54,55,47,35,24,47,31,31,31,31,32,30,31,27,52,40,75,65,66,66,58,52,52,37,37,37,37,26,88,89,89,89,17],"gold":719,"neow_bonus":"BOSS_RELIC","is_daily":false,"chose_seed":false,"campfire_upgraded":6,"win_rate":0.0,"timestamp":1612006491,"path_taken":["M","M","M","?","?","R","M","?","T","R","M","M","$","M","R","BOSS","M","?","M","M","M","R","M","R","T","$","M","?","M","M","R","BOSS","M","M","$","M","M","R","M","$","T","?","?","?","E","?","R","BOSS"],"items_purchased_type":["Relic","Relic","Relic","Potion"],"build_version":"2020-12-22","purchased_purges":3,"victory":true,"max_hp_per_floor":[70,70,70,70,70,70,70,70,70,70,71,72,72,73,73,74,74,75,76,77,78,79,79,80,80,80,80,81,83,84,85,85,86,86,87,88,88,89,90,90,91,88,88,88,88,88,89,89,89,90],"card_choices":[{"not_picked":["Outmaneuver","Blade Dance"],"picked":"Noxious Fumes","floor":1.0},{"not_picked":["Prepared","Accuracy"],"picked":"Backflip","floor":2.0},{"not_picked":["Footwork","Accuracy"],"picked":"PiercingWail","floor":3.0},{"not_picked":["Prepared","Dagger Spray"],"picked":"Blade Dance","floor":7.0},{"not_picked":["Calculated Gamble","Doppelganger","Leg Sweep"],"picked":"SKIP","floor":11.0},{"not_picked":["Quick Slash","Terror"],"picked":"Poisoned Stab","floor":12.0},{"not_picked":["Quick Slash","Blade Dance"],"picked":"Bane","floor":14.0},{"not_picked":["Malaise","Doppelganger"],"picked":"Grand Finale","floor":16.0},{"not_picked":["Deflect","Predator+1","Dagger Throw+1"],"picked":"SKIP","floor":18.0},{"not_picked":["Crippling Poison+1","Deadly Poison"],"picked":"Cloak And Dagger","floor":19.0},{"not_picked":["Backflip","Heel Hook"],"picked":"Backstab","floor":20.0},{"not_picked":["Dagger Spray","Dodge and Roll"],"picked":"Blade Dance","floor":21.0},{"not_picked":["Deadly Poison","Blade Dance"],"picked":"Poisoned Stab+1","floor":22.0},{"not_picked":["Malaise","Bane","Quick Slash+1"],"picked":"SKIP","floor":24.0},{"not_picked":["Concentrate","Grand Finale"],"picked":"Backflip+1","floor":28.0},{"not_picked":["Leg Sweep","Bane","Backflip"],"picked":"SKIP","floor":30.0},{"not_picked":["Quick Slash","Dodge and Roll+1","Prepared"],"picked":"SKIP","floor":31.0},{"not_picked":["Wraith Form v2","Glass Knife"],"picked":"Unload","floor":33},{"not_picked":["Dagger Spray","Setup","Deflect"],"picked":"SKIP","floor":35},{"not_picked":["Backstab","Prepared+1"],"picked":"Calculated Gamble+1","floor":36},{"not_picked":["Poisoned Stab","Flying Knee+1"],"picked":"Acrobatics+1","floor":38},{"not_picked":["Outmaneuver+1","Slice+1","Blade Dance"],"picked":"SKIP","floor":39},{"not_picked":["Phantasmal Killer","Deadly Poison","Calculated Gamble"],"picked":"SKIP","floor":41},{"not_picked":["Catalyst","Calculated Gamble+1","Concentrate+1"],"picked":"SKIP","floor":47}],"player_experience":165556,"relics_obtained":[{"floor":9.0,"key":"Whetstone"},{"floor":26.0,"key":"Shuriken"},{"floor":29.0,"key":"The Specimen"},{"floor":29.0,"key":"Letter Opener"},{"floor":43,"key":"War Paint"},{"floor":47,"key":"Juzu Bracelet"},{"floor":48,"key":"Old Coin"}],"event_choices":[{"damage_healed":0.0,"max_hp_gain":0.0,"max_hp_loss":0.0,"gold_gain":0.0,"event_name":"Golden Idol","player_choice":"Take Damage","floor":4.0,"gold_loss":0.0,"damage_taken":17.0,"relics_obtained":["Golden Idol"]},{"damage_healed":0.0,"max_hp_gain":0.0,"max_hp_loss":0.0,"gold_gain":0.0,"event_name":"Liars Game","player_choice":"Ignored","floor":5.0,"gold_loss":0.0,"damage_taken":0.0},{"damage_healed":0.0,"max_hp_gain":0.0,"max_hp_loss":0.0,"gold_gain":0.0,"event_name":"FaceTrader","player_choice":"Trade","floor":8.0,"gold_loss":0.0,"damage_taken":0.0,"relics_obtained":["FaceOfCleric"]},{"damage_healed":0.0,"max_hp_gain":0.0,"max_hp_loss":0.0,"gold_gain":0.0,"event_name":"Colosseum","player_choice":"Fight","floor":29.0,"gold_loss":0.0,"damage_taken":0.0},{"damage_healed":0.0,"max_hp_gain":0.0,"max_hp_loss":0.0,"gold_gain":0.0,"event_name":"Colosseum","player_choice":"Fought Nobs","floor":29.0,"gold_loss":0.0,"damage_taken":0.0},{"damage_healed":0,"gold_gain":333,"player_choice":"Gave Idol","damage_taken":0,"max_hp_gain":0,"max_hp_loss":0,"event_name":"The Moai Head","floor":44,"relics_lost":["Golden Idol"],"gold_loss":0},{"damage_healed":0,"gold_gain":0,"player_choice":"Embrace Madness","damage_taken":11,"max_hp_gain":0,"max_hp_loss":0,"event_name":"Winding Halls","floor":45,"gold_loss":0,"cards_obtained":["Madness","Madness"]},{"damage_healed":62,"gold_gain":0,"player_choice":"Heal","damage_taken":0,"max_hp_gain":0,"max_hp_loss":0,"event_name":"MindBloom","floor":46,"gold_loss":0,"cards_obtained":["Doubt"]}],"is_beta":false,"boss_relics":[{"not_picked":["Ectoplasm","Black Star"],"picked":"WristBlade"},{"not_picked":["Sozu","Tiny House"],"picked":"Pandora\u0027s Box"}],"items_purged_floors":[27,37,42],"is_endless":false,"potions_floor_spawned":[2,7,12,19,20,24,29,30,35,38,47],"ascension_level":5}}