{"host":"0mk07bycsqo1qk03","time":1612018274,"event":{"mods":["BaseMod","Downfall","Hermit","Hubris","Minty Spire (QoL Compilation)","Replay The Spire","StSLib","The Cursed"],"gold_per_floor":[12,26,38,52,52,52,84,84,108,146,158,170,199,238,250,333,345,377,220,220,220,237,266,283,308,308,70,70,70,70,86,86,161,161,178,194,213,213,45,73,73,73,103,117,171,200,252,252,283,303,303,303,303],"floor_reached":54,"language":"ENG","playtime":2055,"items_purged":["Strike_R"],"score":2276,"play_id":"e45cbd43-742e-4795-8df8-efdeddf1b530","local_time":"20210130155114","is_ascension_mode":true,"campfire_choices":[{"data":"Bludgeon","floor":6.0,"key":"SMITH"},{"data":"Bash","floor":12.0,"key":"SMITH"},{"data":"ReplayTheSpireMod:Muscle Training","floor":15.0,"key":"SMITH"},{"data":"hubris:DuctTapeCard","floor":29,"key":"SMITH"},{"floor":32,"key":"DIG"},{"data":"Strike_R","floor":51,"key":"PURGE"}],"circlet_count":0,"master_deck":["AscendersBane","Strike_R","Defend_R","Defend_R","Defend_R","Bash+1","Bludgeon+1","Cleave","Armaments+1","Ghostly Armor","Sword Boomerang","ReplayTheSpireMod:LeadingStrike","Wild Strike","Clothesline","Reaper","Pummel+1","Reinforced Body","ReplayTheSpireMod:Limb From Limb","Twin Strike","hubris:DuctTapeCard+2","Barricade","RitualDagger","Pummel","Juggernaut","Flame Barrier+1","Thunderclap+1","Disarm+1","Exhume","True Grit+1"],"relics":["Burning Blood","Ring of Misfortune","Ring of Panic","Lantern","MawBank","Art of War","Replay:Bottled Eggs","hubris:IronBody","Black Star","Brimstone","hubris:DuctTape","Replay:Baseball","hubris:ChampionShield","hexamod:BolsterEngine","Paper Frog","Juzu Bracelet","Replay:Bottled Snecko","Runic Cube","Omamori","Potion Belt","hubris:64BitClover","Pet Ghost","Replay:WaspNest","Bag of Preparation","Mummified Hand","Red Skull","hubris:Zylophone","hubris:Icosahedron","hubris:MedicalManual","Bronze Scales"],"acts_visited":["Exordium","TheCity","TheBeyond"],"potions_floor_usage":[25,37,46,52,52,52],"damage_taken":[{"damage":0.0,"enemies":"Cultist","floor":1.0,"turns":2.0},{"damage":12.0,"enemies":"Jaw Worm","floor":2.0,"turns":2.0},{"damage":14.0,"enemies":"2 Louse","floor":3.0,"turns":3.0},{"damage":3.0,"enemies":"Blue Slaver","floor":4.0,"turns":5.0},{"damage":25.0,"enemies":"Replay:BlueRogue","floor":7.0,"turns":5.0},{"damage":0.0,"enemies":"3 Sentries","floor":10.0,"turns":5.0},{"damage":3.0,"enemies":"3 Louse","floor":13.0,"turns":3.0},{"damage":16.0,"enemies":"Lagavulin","floor":14.0,"turns":5.0},{"damage":14.0,"enemies":"The Guardian","floor":16.0,"turns":8.0},{"damage":0.0,"enemies":"Chosen","floor":18.0,"turns":3.0},{"damage":19.0,"enemies":"2 Thieves","floor":22.0,"turns":3.0},{"damage":27.0,"enemies":"Book of Stabbing","floor":23.0,"turns":4.0},{"damage":4.0,"enemies":"Snake Plant","floor":24.0,"turns":2.0},{"damage":20,"enemies":"Gremlin Leader","floor":25,"turns":5},{"damage":0,"enemies":"Sentry and Sphere","floor":31,"turns":3},{"damage":5,"enemies":"Pondfish","floor":33,"turns":8},{"damage":5,"enemies":"Orb Walker","floor":35,"turns":2},{"damage":1,"enemies":"3 Darklings","floor":36,"turns":4},{"damage":1,"enemies":"Jaw Worm Horde","floor":37,"turns":3},{"damage":19,"enemies":"Giant Head","floor":40,"turns":5},{"damage":8,"enemies":"R_Hoarder","floor":43,"turns":4},{"damage":1,"enemies":"Writhing Mass","floor":44,"turns":3},{"damage":47,"enemies":"Reptomancer","floor":46,"turns":4},{"damage":26,"enemies":"2 Orb Walkers","floor":47,"turns":3},{"damage":3,"enemies":"R_Hoarder","floor":49,"turns":3},{"damage":10,"enemies":"Sphere and 2 Shapes","floor":50,"turns":3},{"damage":48,"enemies":"Replay:Hell Engine","floor":52,"turns":8},{"damage":0,"enemies":"hubris:GrandSnecko","floor":53,"turns":8}],"seed_played":"7746636834310890335","potions_obtained":[{"floor":1.0,"key":"Dexterity Potion"},{"floor":2.0,"key":"Elixir"},{"floor":13.0,"key":"Block Potion"},{"floor":24.0,"key":"Swift Potion"},{"floor":25,"key":"Explosive Potion"},{"floor":40,"key":"FearPotion"},{"floor":43,"key":"Languid Potion"},{"floor":44,"key":"sneckomod:MuddlingPotion"},{"floor":49,"key":"Ancient Potion"}],"is_trial":false,"path_per_floor":["M","M","M","M","?","R","E","?","T","E","T","R","M","E","R","B",null,"M","$","?","?","M","E","M","E","T","$","?","R","?","M","R","B",null,"M","M","M","?","$","E","PTL","PTL","E","M","T","E","?","?","E","M","R","B","B",null],"character_chosen":"IRONCLAD","items_purchased":["Brimstone","Juzu Bracelet","Omamori"],"campfire_rested":0,"item_purchase_floors":[19,27,39],"current_hp_per_floor":[74,68,60,63,63,63,44,44,44,50,50,50,53,43,43,35,65,75,75,75,64,62,50,52,62,62,62,62,62,56,62,62,63,72,73,75,75,75,75,62,62,62,75,75,75,67,55,55,58,59,59,47,75],"gold":303,"neow_bonus":"TRANSFORM_TWO_CARDS","is_daily":false,"chose_seed":false,"campfire_upgraded":4,"win_rate":0.0,"timestamp":1612018274,"path_taken":["M","?","M","M","?","R","E","?","T","E","?","R","M","E","R","BOSS","M","$","?","?","M","E","M","E","T","$","?","R","?","M","R","BOSS","M","M","M","?","$","E","PTL","PTL","E","M","T","E","?","?","E","M","R","BOSS","BOSS"],"items_purchased_type":["Relic","Relic","Relic"],"build_version":"2020-12-22","purchased_purges":1,"victory":true,"max_hp_per_floor":[75,75,75,75,75,75,75,75,75,75,75,75,75,75,75,75,75,75,75,75,75,75,75,75,75,75,75,75,75,75,75,75,75,75,75,75,75,75,75,75,75,75,75,75,75,75,75,75,75,75,75,75,75],"card_choices":[{"not_picked":["Pommel Strike","Defy Death"],"picked":"Cleave","floor":1.0},{"not_picked":["Heavy Blade","Rupture"],"picked":"Armaments","floor":2.0},{"not_picked":["Twin Strike","Spot Weakness"],"picked":"Ghostly Armor","floor":3.0},{"not_picked":["ReplayReversal","Body Slam"],"picked":"Sword Boomerang","floor":4.0},{"not_picked":["Headbutt","Twin Strike"],"picked":"ReplayTheSpireMod:LeadingStrike","floor":7.0},{"not_picked":["Cleave","Fire Breathing"],"picked":"Wild Strike","floor":10.0},{"not_picked":["Entrench","ReplayTheSpireMod:Corrosion Curse"],"picked":"Clothesline","floor":13.0},{"not_picked":["Power Through","Life Link"],"picked":"ReplayTheSpireMod:Muscle Training","floor":14.0},{"not_picked":["Offering","hubris:StunningStrike"],"picked":"Reaper","floor":16.0},{"not_picked":["Body Slam","Flame Barrier"],"picked":"Pummel+1","floor":18.0},{"not_picked":["Combust","Armaments"],"picked":"ReplayTheSpireMod:Limb From Limb","floor":22.0},{"not_picked":["Blood for Blood","Evolve"],"picked":"Twin Strike","floor":23.0},{"not_picked":["Rampage+1","Second Wind","ReplayTheSpireMod:Strike From Hell"],"picked":"SKIP","floor":24.0},{"not_picked":["Body Slam","Rampage","Run Through"],"picked":"SKIP","floor":25},{"not_picked":["Barricade","Anger"],"picked":"Pummel","floor":31},{"not_picked":["Hemogenesis","Berserk"],"picked":"Juggernaut","floor":33},{"not_picked":["hubris:ReadiedAction+1","Clothesline","Dual Wield"],"picked":"SKIP","floor":35},{"not_picked":["Thunderclap","Clothesline+1"],"picked":"Flame Barrier+1","floor":36},{"not_picked":["Power Through","ReplayTheSpireMod:LeadingStrike+1","Fire Breathing"],"picked":"SKIP","floor":37},{"not_picked":["Iron Wave","ReplayTheSpireMod:Strike From Hell"],"picked":"Thunderclap+1","floor":40},{"not_picked":["Rage","Dark Embrace","ReplayTheSpireMod:Strike From Hell"],"picked":"SKIP","floor":43},{"not_picked":["ReplayTheSpireMod:LeadingStrike","Abandon"],"picked":"Disarm+1","floor":44},{"not_picked":["Twin Strike","Clash+1","Iron Wave"],"picked":"SKIP","floor":46},{"not_picked":["Feel No Pain","Thunderclap"],"picked":"Exhume","floor":47},{"not_picked":["Searing Blow+1","Armaments","Evolve+1"],"picked":"SKIP","floor":49},{"not_picked":["Second Wind","Pommel Strike"],"picked":"True Grit+1","floor":50}],"player_experience":987621,"relics_obtained":[{"floor":5.0,"key":"Ring of Misfortune"},{"floor":5.0,"key":"Ring of Panic"},{"floor":7.0,"key":"Lantern"},{"floor":9.0,"key":"MawBank"},{"floor":10.0,"key":"Art of War"},{"floor":11.0,"key":"Replay:Bottled Eggs"},{"floor":14.0,"key":"hubris:IronBody"},{"floor":23.0,"key":"hubris:DuctTape"},{"floor":23.0,"key":"Replay:Baseball"},{"floor":25,"key":"hubris:ChampionShield"},{"floor":25,"key":"hexamod:BolsterEngine"},{"floor":26,"key":"Paper Frog"},{"floor":32,"key":"Replay:Bottled Snecko"},{"floor":40,"key":"Potion Belt"},{"floor":40,"key":"hubris:64BitClover"},{"floor":43,"key":"Pet Ghost"},{"floor":43,"key":"Replay:WaspNest"},{"floor":45,"key":"Bag of Preparation"},{"floor":46,"key":"Mummified Hand"},{"floor":46,"key":"Red Skull"},{"floor":47,"key":"hubris:Zylophone"},{"floor":49,"key":"hubris:MedicalManual"},{"floor":49,"key":"Bronze Scales"}],"event_choices":[{"cards_removed":["Amnesia"],"damage_healed":0.0,"max_hp_gain":0.0,"max_hp_loss":0.0,"gold_gain":0.0,"event_name":"Living Wall","player_choice":"Forget","floor":8.0,"gold_loss":0.0,"damage_taken":0.0},{"damage_healed":0.0,"max_hp_gain":0.0,"max_hp_loss":0.0,"gold_gain":0.0,"event_name":"The Library","player_choice":"Read","floor":20.0,"gold_loss":0.0,"damage_taken":0.0,"cards_obtained":["Reinforced Body"]},{"damage_healed":0.0,"max_hp_gain":0.0,"max_hp_loss":0.0,"gold_gain":0.0,"event_name":"Wheel of Change","player_choice":"Damaged","floor":21.0,"gold_loss":0.0,"damage_taken":11.0},{"damage_healed":0,"gold_gain":0,"player_choice":"Joined the Cult","damage_taken":6,"max_hp_gain":0,"max_hp_loss":0,"event_name":"Nest","floor":30,"gold_loss":0,"cards_obtained":["RitualDagger"]},{"cards_removed":["Strike_R"],"damage_healed":0,"gold_gain":0,"player_choice":"Offered Basic","damage_taken":0,"max_hp_gain":0,"max_hp_loss":0,"event_name":"Bonfire Elementals","floor":38,"gold_loss":0},{"damage_healed":0,"gold_gain":0,"player_choice":"Fight","damage_taken":0,"max_hp_gain":0,"max_hp_loss":0,"event_name":"Mysterious Sphere","floor":47,"gold_loss":0}],"is_beta":false,"boss_relics":[{"not_picked":["Pandora\u0027s Box","Fusion Hammer"],"picked":"Black Star"},{"not_picked":["hubris:GrandSneckoEye","hubris:ScarierMask"],"picked":"Runic Cube"}],"items_purged_floors":[27],"is_endless":false,"potions_floor_spawned":[1,2,13,18,24,25,40,43,44,49],"ascension_level":20}}