{"host":"kh6fvhxn285ncg0o","time":1612017097,"event":{"mods":["Act Like it!","BaseMod","Colored Map","Friendly Minions","Keyboard Shortcuts","Minty Spire (QoL Compilation)","Quick Restart","Relic Stats","StSLib","SuperFastMode","UnlockEverythingMod"],"gold_per_floor":[113,124,49,324,1,27,39,58,84,84,4,22,52,66,66,66,66],"floor_reached":16,"language":"KOR","playtime":1011,"items_purged":["Strike_R"],"score":224,"play_id":"08455dd8-b90e-4181-ab41-0a586dc6e9c4","local_time":"20210130233137","is_ascension_mode":true,"campfire_choices":[{"data":"Blood for Blood","floor":10,"key":"SMITH"},{"data":"Body Slam","floor":15,"key":"SMITH"}],"circlet_count":0,"master_deck":["AscendersBane","Strike_R","Strike_R","Defend_R","Defend_R","Defend_R","Defend_R","Bash","Blood for Blood+1","Evolve","Shrug It Off","Disarm","Regret","Feed","Fire Breathing","Battle Trance","Body Slam+1","Berserk","True Grit"],"relics":["Burning Blood","Lee\u0027s Waffle","Anchor","Oddly Smooth Stone","Juzu Bracelet"],"acts_visited":["Exordium"],"potions_floor_usage":[13],"damage_taken":[{"damage":2,"enemies":"Cultist","floor":1,"turns":4},{"damage":14,"enemies":"Jaw Worm","floor":2,"turns":6},{"damage":49,"enemies":"3 Sentries","floor":6,"turns":10},{"damage":4,"enemies":"2 Louse","floor":7,"turns":4},{"damage":14,"enemies":"Gremlin Gang","floor":8,"turns":5},{"damage":7,"enemies":"Exordium Wildlife","floor":12,"turns":6},{"damage":23,"enemies":"Lagavulin","floor":13,"turns":8},{"damage":3,"enemies":"2 Fungi Beasts","floor":14,"turns":4},{"damage":30,"enemies":"The Guardian","floor":16,"turns":2}],"seed_played":"-641197587335566602","potions_obtained":[{"floor":6,"key":"SpeedPotion"},{"floor":12,"key":"LiquidBronze"},{"floor":14,"key":"GamblersBrew"}],"is_trial":false,"path_per_floor":["M","M","$","?","$","E","M","M","T","R","$","M","E","M","R","B"],"character_chosen":"IRONCLAD","items_purchased":["Feed","Lee\u0027s Waffle","Battle Trance"],"campfire_rested":0,"item_purchase_floors":[5,5,11],"current_hp_per_floor":[54,46,46,46,82,42,47,39,39,39,39,41,24,30,30,0,0],"gold":66,"neow_bonus":"TRANSFORM_TWO_CARDS","is_daily":false,"chose_seed":false,"campfire_upgraded":2,"win_rate":0.0,"timestamp":1612017097,"path_taken":["M","M","$","?","?","E","M","M","T","R","?","M","E","M","R","BOSS"],"items_purchased_type":["Card","Relic","Card"],"build_version":"2020-12-22","purchased_purges":1,"victory":false,"max_hp_per_floor":[75,75,75,75,82,85,88,88,88,88,88,91,91,94,94,94,94],"relic_stats":{"Lee\u0027s Waffle":36,"counters":[9,49],"Juzu Bracelet":0,"obtain_stats":[{"Lee\u0027s Waffle":5,"Anchor":6,"Oddly Smooth Stone":9,"Juzu Bracelet":13,"Burning Blood":0},{"Lee\u0027s Waffle":2,"Anchor":3,"Oddly Smooth Stone":5,"Juzu Bracelet":7,"Burning Blood":0},{"Lee\u0027s Waffle":10,"Anchor":20,"Oddly Smooth Stone":29,"Juzu Bracelet":43,"Burning Blood":0}],"Burning Blood":48},"card_choices":[{"not_picked":["Armaments","Twin Strike"],"picked":"Shrug It Off","floor":1},{"not_picked":["Wild Strike","Clothesline"],"picked":"Disarm","floor":2},{"not_picked":["Havoc","Clothesline"],"picked":"Fire Breathing","floor":7},{"not_picked":["Armaments","Shockwave"],"picked":"Body Slam","floor":12},{"not_picked":["Shrug It Off","Twin Strike"],"picked":"Berserk","floor":13},{"not_picked":["Wild Strike","Perfected Strike"],"picked":"True Grit","floor":14}],"player_experience":1297806,"relics_obtained":[{"floor":6,"key":"Anchor"},{"floor":9,"key":"Oddly Smooth Stone"},{"floor":13,"key":"Juzu Bracelet"}],"event_choices":[{"damage_healed":0,"gold_gain":275,"player_choice":"Desecrate","damage_taken":0,"max_hp_gain":0,"max_hp_loss":0,"event_name":"Golden Shrine","floor":4,"gold_loss":0,"cards_obtained":["Regret"]}],"is_beta":false,"boss_relics":[],"items_purged_floors":[3],"is_endless":false,"potions_floor_spawned":[6,12,14],"killed_by":"The Guardian","ascension_level":20}}