{"host":"mku5fdaoqz3qihec","time":1612036456,"event":{"mods":["2.2 Compatiblity","AchievementEnabler","Arknights","BaseMod","Colored Map","Colored Powertips","Minty Spire (QoL Compilation)","Rare Cards Sparkle","StSLib","SuperFastMode","The Animator"],"gold_per_floor":[112,37,73,73,84,84,110,110,134,146,211,246,258,300,312,332,332],"floor_reached":16,"language":"ENG","playtime":546,"items_purged":["animator:Strike"],"score":158,"play_id":"62896783-e881-4d7a-a38d-251c1327410a","local_time":"20210131045416","is_ascension_mode":false,"campfire_choices":[{"data":"animator:Kuroyukihime","floor":6.0,"key":"SMITH"},{"data":"animator:Millim","floor":8.0,"key":"SMITH"},{"data":"animator:Millim+1","floor":10.0,"key":"SMITH"},{"data":"animator:DolaStephanie","floor":15,"key":"SMITH"}],"circlet_count":0,"master_deck":["animator:Defend_AccelWorld","animator:Strike","animator:Defend","animator:Defend","animator:Kuroyukihime+1","animator:LimeBell","animator:Chris","animator:Millim+2","animator:Tyuule","animator:Souei","animator:Aisha","animator:DolaStephanie+1"],"relics":["animator:LivingPicture","animator:TheMissingPiece","animator:PurgingStone","NeowsBlessing","Centennial Puzzle","MawBank","Pear"],"acts_visited":["Exordium"],"potions_floor_usage":[],"damage_taken":[{"damage":0.0,"enemies":"Jaw Worm","floor":1.0,"turns":1.0},{"damage":0.0,"enemies":"Cultist","floor":5.0,"turns":1.0},{"damage":0.0,"enemies":"Lagavulin","floor":7.0,"turns":2.0},{"damage":19.0,"enemies":"Gremlin Nob","floor":11.0,"turns":5.0},{"damage":0,"enemies":"Small Slimes","floor":12,"turns":3},{"damage":19,"enemies":"Exordium Thugs","floor":14,"turns":5},{"damage":52,"enemies":"Slime Boss","floor":16,"turns":9}],"seed_played":"-3519922765894280621","potions_obtained":[{"floor":1.0,"key":"Fruit Juice"},{"floor":5.0,"key":"Block Potion"}],"is_trial":false,"path_per_floor":["M","$","?","?","M","R","E","R","T","R","E","M","?","M","R","B"],"character_chosen":"THE_ANIMATOR","items_purchased":[],"campfire_rested":0,"item_purchase_floors":[],"current_hp_per_floor":[66,71,71,71,71,71,71,71,71,71,62,62,62,43,43,0,0],"gold":332,"neow_bonus":"THREE_ENEMY_KILL","is_daily":false,"chose_seed":false,"campfire_upgraded":4,"win_rate":0.0,"timestamp":1612036456,"path_taken":["M","$","?","?","M","R","E","R","T","R","E","M","?","?","R","BOSS"],"items_purchased_type":[],"build_version":"2020-12-22","purchased_purges":1,"victory":false,"max_hp_per_floor":[66,71,71,71,71,71,71,71,71,71,81,81,81,81,81,81,81],"card_choices":[{"not_picked":["animator:Geryuganshoop","animator:Shichika"],"picked":"animator:Chris","floor":1.0},{"not_picked":["animator:Bozes","animator:Evileye","animator:Mikaela"],"picked":"SKIP","floor":5.0},{"not_picked":["animator:Scar","animator:DolaRiku"],"picked":"animator:Millim","floor":7.0},{"not_picked":["animator:Kuribayashi","animator:TukaLunaMarceau"],"picked":"animator:Tyuule","floor":11},{"not_picked":["animator:Nanami","animator:Ara"],"picked":"animator:Souei","floor":12},{"not_picked":["animator:Konayuki","animator:Albedo"],"picked":"animator:DolaStephanie","floor":14}],"player_experience":290519,"relics_obtained":[{"floor":7.0,"key":"Centennial Puzzle"},{"floor":9.0,"key":"MawBank"},{"floor":11,"key":"Pear"}],"event_choices":[{"cards_removed":["animator:Defend"],"damage_healed":0.0,"max_hp_gain":0.0,"max_hp_loss":0.0,"gold_gain":0.0,"event_name":"Living Wall","player_choice":"Forget","floor":4.0,"gold_loss":0.0,"damage_taken":0.0},{"damage_healed":0,"gold_gain":0,"cards_transformed":["animator:Strike"],"player_choice":"Transformed","damage_taken":0,"max_hp_gain":0,"max_hp_loss":0,"event_name":"Transmorgrifier","floor":13,"gold_loss":0,"cards_obtained":["animator:Aisha"]}],"is_beta":false,"boss_relics":[],"items_purged_floors":[2],"is_endless":false,"potions_floor_spawned":[1,5],"killed_by":"Slime Boss","ascension_level":0}}