{"host":"Koishi","time":1612040999,"event":{"mods":["2.2 Compatiblity","AchievementEnabler","Act Like it!","BaseMod","Better Match","Better Note","Better Sensory Stone","Better Third Choice","Colored Powertips","Gensokyo","Hermit","Koishi","Lobotomy","LobotomyExtend","MarisaÅiñ∂âJÅ@ñÇóùçπÅj","Minty Spire (QoL Compilation)","Monster B Gone","Quick Restart","Rare Cards Sparkle","ReimuÅiîé??öÎÅj","Relic Filter Mod","Relic Stats","Spicy Shops","StSLib","The Construct","Åy?ï®?îvÅzREMEMod"],"gold_per_floor":[117,117,42,42,42,42,42,146,146,192,211,65,88,112,112,268,268,292,304,304,151,76,129,129,190,214,242,242,296,328,34,34,168,168,214,214,124,175,221,268,287,287,287,287,330,330,356,73,73,121],"floor_reached":51,"language":"ENG","playtime":4715,"items_purged":["Defend_G","Strike_G"],"score":948,"play_id":"765baafa-0907-4865-bb59-4356486935a3","local_time":"20210130160959","is_ascension_mode":true,"campfire_choices":[{"data":"Neutralize","floor":6,"key":"SMITH"},{"data":"Gensokyo:UnhurriedMind","floor":15,"key":"SMITH"},{"data":"REME_CopyPotion","floor":24,"key":"SMITH"},{"data":"Gensokyo:ManorOfTheDishes","floor":32,"key":"SMITH"},{"data":"Burst","floor":42,"key":"SMITH"},{"floor":49,"key":"RECALL"}],"circlet_count":0,"master_deck":["Strike_G+1","Strike_G","Defend_G","Defend_G","Defend_G","Defend_G","Survivor","Neutralize+1","Gensokyo:UnhurriedMind+1","Slice","Good Instincts+1","Backflip","Acrobatics","Quick Slash","LongBird","Adrenaline","Prepared","GreedKing","Prepared","Calculated Gamble","Adrenaline","OSAHOGD","Underhanded Strike","UniverseFragment","Expertise","Venomology+1","Well Laid Plans+1","REME_CopyPotion+1","QueenOfHatred","Deflect","Gensokyo:ManorOfTheDishes+1","Blade Dance+1","CENSORED","Tactician","Burst+1","BlueStar","Infinite Blades","Gensokyo:RisingWorld+1","Acrobatics+1","Calculated Gamble+1","Eviscerate+1"],"relics":["Ring of the Serpent","REME_ComplimentaryCards","CogitoBucket","LetterFromLob","REME_ArchaeologicalTools","Gensokyo:CelestialsFlawlessClothing","Juzu Bracelet","Centennial Puzzle","OrangePellets","HellTrain","Heaven_r","Ginger","Mango","Ancient Tea Set","SkinProphecy","Pocketwatch","Potion Belt","Black Star","AtMidnight","AspirationHeart","Lantern","Lizard Tail","Pantograph","Gensokyo:DualWield","CeramicFish","Anchor","Frozen Eye"],"acts_visited":["Gensokyo:Gensokyo","Gensokyo:Gensokyoer","Gensokyo:Gensokyoest"],"potions_floor_usage":[14,23,27,29,30,33,33,38,40,40,40,41,45,50,51,51,51,51,51,51,51,51],"damage_taken":[{"damage":0,"enemies":"Gensokyo:3_Fairies","floor":1,"turns":5},{"damage":17,"enemies":"Gensokyo:Mamizou","floor":8,"turns":10},{"damage":16,"enemies":"Gensokyo:Cirno","floor":10,"turns":6},{"damage":0,"enemies":"Gensokyo:Python","floor":11,"turns":2},{"damage":0,"enemies":"Gensokyo:Gryphon","floor":13,"turns":3},{"damage":0,"enemies":"Gensokyo:VengefulSpirit","floor":14,"turns":5},{"damage":15,"enemies":"Gensokyo:Kokoro","floor":16,"turns":10},{"damage":0,"enemies":"Gensokyo:CosmicMonolith","floor":18,"turns":3},{"damage":12,"enemies":"Gensokyo:CosmicMonolith","floor":19,"turns":3},{"damage":59,"enemies":"Gensokyo:Koishi","floor":23,"turns":5},{"damage":63,"enemies":"Gensokyo:Reisen","floor":25,"turns":9},{"damage":54,"enemies":"Gensokyo:3_Dogs","floor":27,"turns":5},{"damage":22,"enemies":"Gensokyo:Tenshi","floor":29,"turns":6},{"damage":0,"enemies":"Gensokyo:Swordslinger","floor":30,"turns":4},{"damage":13,"enemies":"Gensokyo:Kaguya","floor":33,"turns":7},{"damage":10,"enemies":"Gensokyo:AncientGuardian","floor":35,"turns":5},{"damage":0,"enemies":"Gensokyo:AncientGuardian","floor":38,"turns":4},{"damage":24,"enemies":"Gensokyo:3_Bats","floor":39,"turns":10},{"damage":9,"enemies":"Gensokyo:Doremy","floor":40,"turns":4},{"damage":0,"enemies":"Gensokyo:SeedOfUnknown","floor":41,"turns":3},{"damage":51,"enemies":"Gensokyo:Marisa","floor":45,"turns":3},{"damage":0,"enemies":"Gensokyo:AtlasGolem","floor":47,"turns":3},{"damage":7,"enemies":"Gensokyo:Scarlet_Devils","floor":50,"turns":7},{"damage":129,"enemies":"Malkuth","floor":51,"turns":9},{"damage":2,"enemies":"Hod","floor":51,"turns":7},{"damage":21,"enemies":"Geburah","floor":51,"turns":13},{"damage":2,"enemies":"Binah","floor":51,"turns":11},{"damage":155,"enemies":"Angela","floor":51,"turns":14}],"seed_played":"-1219942207867274529","potions_obtained":[{"floor":1,"key":"DistilledChaos"},{"floor":10,"key":"FairyPotion"},{"floor":11,"key":"Fire Potion"},{"floor":16,"key":"CultistPotion"},{"floor":23,"key":"SkillPotion"},{"floor":35,"key":"GamblersBrew"},{"floor":40,"key":"REME_GoldPotion"},{"floor":45,"key":"CunningPotion"}],"is_trial":false,"path_per_floor":["M","T","?","?","?","R","?","E","T","E","M","COS","M","M","R","B",null,"M","?","?","$","?","E","R","E","T","M","?","E","M","$","R","B",null,"M","?","?","?","M","E","M","R","T","?","E","?","M","COS","R","B",null],"character_chosen":"THE_SILENT","items_purchased":["Expertise","Tactician","Potion Belt"],"campfire_rested":0,"item_purchase_floors":[21,31,31],"current_hp_per_floor":[70,70,70,70,53,53,53,36,36,20,20,20,20,20,20,5,70,70,58,58,58,58,21,21,49,49,15,15,78,80,80,80,80,82,84,84,84,84,82,78,80,80,80,80,44,44,64,64,64,86],"gold":331,"neow_bonus":"","is_daily":false,"chose_seed":false,"campfire_upgraded":5,"win_rate":0.0,"timestamp":1612040999,"path_taken":["M","?","?","?","?","R","?","E","T","E","M","COS","M","M","R","BOSS","M","?","?","$","?","E","R","E","T","M","?","E","M","$","R","BOSS","M","?","?","?","M","E","M","R","T","?","E","?","M","COS","R","BOSS"],"items_purchased_type":["Card","Card","Relic"],"build_version":"2020-12-18","purchased_purges":2,"victory":true,"max_hp_per_floor":[70,70,70,70,70,70,70,70,70,70,70,70,70,70,70,70,70,70,70,70,70,70,70,70,84,84,84,76,78,80,80,80,82,82,84,84,84,84,98,100,102,102,102,102,104,104,106,106,106,108],"relic_stats":{"OrangePellets":[3],"Centennial Puzzle":[51],"Lizard Tail":0,"counters":[31,179],"Pantograph":74,"CeramicFish":18,"Juzu Bracelet":1,"Black Star":2,"Ginger":[72],"obtain_stats":[{"Lantern":40,"CeramicFish":45,"Mango":25,"Juzu Bracelet":8,"Ginger":23,"SkinProphecy":27,"Ancient Tea Set":26,"Gensokyo:DualWield":44,"Frozen Eye":23,"CogitoBucket":0,"Centennial Puzzle":10,"Lizard Tail":40,"Pantograph":43,"REME_ArchaeologicalTools":2,"Ring of the Snake":0,"Potion Belt":31,"AspirationHeart":39,"Gensokyo:CelestialsFlawlessClothing":5,"Heaven_r":19,"OrangePellets":12,"Anchor":45,"AtMidnight":39,"LetterFromLob":1,"Black Star":34,"HellTrain":14,"Ring of the Serpent":17,"REME_ComplimentaryCards":0,"Pocketwatch":29},{"Lantern":22,"CeramicFish":24,"Mango":12,"Juzu Bracelet":2,"Ginger":11,"SkinProphecy":14,"Ancient Tea Set":12,"Gensokyo:DualWield":23,"Frozen Eye":10,"CogitoBucket":0,"Centennial Puzzle":3,"Lizard Tail":22,"Pantograph":23,"REME_ArchaeologicalTools":1,"Ring of the Snake":0,"Potion Belt":16,"AspirationHeart":21,"Gensokyo:CelestialsFlawlessClothing":1,"Heaven_r":10,"OrangePellets":4,"Anchor":24,"AtMidnight":21,"LetterFromLob":1,"Black Star":17,"HellTrain":7,"Ring of the Serpent":8,"REME_ComplimentaryCards":0,"Pocketwatch":15},{"Lantern":109,"CeramicFish":115,"Mango":62,"Juzu Bracelet":15,"Ginger":53,"SkinProphecy":68,"Ancient Tea Set":62,"Gensokyo:DualWield":112,"Frozen Eye":48,"CogitoBucket":0,"Centennial Puzzle":21,"Lizard Tail":109,"Pantograph":112,"REME_ArchaeologicalTools":5,"Ring of the Snake":0,"Potion Belt":78,"AspirationHeart":105,"Gensokyo:CelestialsFlawlessClothing":5,"Heaven_r":48,"OrangePellets":23,"Anchor":115,"AtMidnight":105,"LetterFromLob":5,"Black Star":85,"HellTrain":32,"Ring of the Serpent":42,"REME_ComplimentaryCards":0,"Pocketwatch":74}],"Pocketwatch":[10]},"card_choices":[{"not_picked":["Deadly Poison","Reflex"],"picked":"Slice","floor":1},{"not_picked":["Scarecrow","VoidDream","PunishingBird"],"picked":"Singing Bowl","floor":1},{"not_picked":["Jack Of All Trades+1","Impatience+1"],"picked":"Good Instincts+1","floor":3},{"not_picked":["Dodge and Roll","Dagger Throw"],"picked":"Backflip","floor":7},{"not_picked":["REME_ShadowStrike","Flying Knee"],"picked":"Acrobatics","floor":7},{"not_picked":["Riddle With Holes","Noxious Fumes"],"picked":"Quick Slash","floor":8},{"not_picked":["Wellcheers","MHz"],"picked":"LongBird","floor":8},{"not_picked":["Slice","REME_GreenPollution"],"picked":"Adrenaline","floor":10},{"not_picked":["BigBadWolf","OldLady","DespairKnight"],"picked":"Singing Bowl","floor":10},{"not_picked":["Flying Knee","Blade Dance"],"picked":"Prepared","floor":11},{"not_picked":["CrumblingArmor","UniverseFragment"],"picked":"GreedKing","floor":11},{"not_picked":["Bouncing Flask","Underhanded Strike"],"picked":"Prepared","floor":13},{"not_picked":["LittlePrince","Freischutz","FairyFestival"],"picked":"Singing Bowl","floor":13},{"not_picked":["LittlePrince","Wellcheers","FieryBird"],"picked":"Singing Bowl","floor":14},{"not_picked":["PiercingWail","Dodge and Roll"],"picked":"Calculated Gamble","floor":14},{"not_picked":["Glass Knife","Unload"],"picked":"Adrenaline","floor":16},{"not_picked":["Wellcheers","HeroicMonk","Murderer"],"picked":"Singing Bowl","floor":16},{"not_picked":["GalaxyChild","Laetitia"],"picked":"OSAHOGD","floor":16},{"not_picked":["Backstab+1","PiercingWail"],"picked":"Underhanded Strike","floor":18},{"not_picked":["BeautyBeast","BigBird","CrumblingArmor"],"picked":"Singing Bowl","floor":18},{"not_picked":["BeautyBeast","DreamingCurrent"],"picked":"UniverseFragment","floor":18},{"not_picked":["Doppelganger+1","Envenom+1"],"picked":"Venomology+1","floor":22},{"not_picked":["Dash+1","Backstab+1"],"picked":"Well Laid Plans+1","floor":22},{"not_picked":["Noxious Fumes+1","REME_ShadowStrike"],"picked":"REME_CopyPotion","floor":23},{"not_picked":["DespairKnight","SilentOrchestra","Bloodbath"],"picked":"Singing Bowl","floor":23},{"not_picked":["OldLady","PunishingBird","BeautyBeast"],"picked":"Singing Bowl","floor":25},{"not_picked":["PunishingBird","Laetitia"],"picked":"QueenOfHatred","floor":25},{"not_picked":["Bouncing Flask+1","All Out Attack","Expertise"],"picked":"SKIP","floor":25},{"not_picked":["Bloodbath","Murderer","Porccubus"],"picked":"Singing Bowl","floor":27},{"not_picked":["Acrobatics","Bane"],"picked":"Deflect","floor":27},{"not_picked":["Gensokyo:EightFeetTall","Gensokyo:MissMary"],"picked":"Gensokyo:ManorOfTheDishes","floor":28},{"not_picked":["Skewer","REME_GrazeFinale"],"picked":"Blade Dance+1","floor":29},{"not_picked":["GalaxyChild","WhitesApple","MHz"],"picked":"Singing Bowl","floor":29},{"not_picked":["ShyLook","SnowQueen"],"picked":"CENSORED","floor":30},{"not_picked":["Poisoned Stab","PiercingWail","Dodge and Roll"],"picked":"SKIP","floor":30},{"not_picked":["Envenom","Venomology"],"picked":"Burst","floor":33},{"not_picked":["HappyTeddy","Bloodbath"],"picked":"BlueStar","floor":33},{"not_picked":["Sucker Punch","Expertise"],"picked":"Infinite Blades","floor":35},{"not_picked":["CrumblingArmor","ShyLook","NakedNest"],"picked":"Singing Bowl","floor":35},{"not_picked":["Gensokyo:UnhurriedMind+1","Gensokyo:MorningStar+1"],"picked":"Gensokyo:RisingWorld+1","floor":38},{"not_picked":["Deadly Poison","Bouncing Flask+1"],"picked":"Acrobatics+1","floor":39},{"not_picked":["LittleHelper","NothingThere","BlackArmy"],"picked":"Singing Bowl","floor":39},{"not_picked":["Noxious Fumes","Outmaneuver"],"picked":"Calculated Gamble+1","floor":40},{"not_picked":["ShyLook","DespairKnight","Bloodbath"],"picked":"Singing Bowl","floor":40},{"not_picked":["Dagger Throw+1","Quick Slash+1"],"picked":"Eviscerate+1","floor":41},{"not_picked":["SingingMachine","VoidDream","HappyTeddy"],"picked":"Singing Bowl","floor":41},{"not_picked":["Freischutz","NakedNest","MeltingLove"],"picked":"Singing Bowl","floor":45},{"not_picked":["Catalyst","Sucker Punch+1","Envenom"],"picked":"SKIP","floor":45},{"not_picked":["WhitesApple","Woodsman","Variant"],"picked":"Singing Bowl","floor":47},{"not_picked":["Acrobatics+1","Heel Hook","Slice"],"picked":"SKIP","floor":47}],"player_experience":220787,"relics_obtained":[{"floor":1,"key":"LetterFromLob"},{"floor":2,"key":"REME_ArchaeologicalTools"},{"floor":8,"key":"Juzu Bracelet"},{"floor":10,"key":"Centennial Puzzle"},{"floor":23,"key":"Ginger"},{"floor":25,"key":"Mango"},{"floor":26,"key":"Ancient Tea Set"},{"floor":29,"key":"Pocketwatch"},{"floor":39,"key":"AtMidnight"},{"floor":40,"key":"Lantern"},{"floor":40,"key":"Lizard Tail"},{"floor":43,"key":"Pantograph"},{"floor":45,"key":"CeramicFish"},{"floor":45,"key":"Anchor"}],"event_choices":[{"damage_healed":0,"gold_gain":0,"player_choice":"2","damage_taken":0,"max_hp_gain":0,"max_hp_loss":0,"event_name":"betterMatch:BetterMatch","floor":3,"gold_loss":0,"cards_obtained":["betterMatch:ColorlessUncommonCard"]},{"damage_healed":0,"gold_gain":0,"player_choice":"2","damage_taken":0,"max_hp_gain":0,"max_hp_loss":0,"event_name":"betterMatch:BetterMatch","floor":22,"gold_loss":0,"cards_obtained":["betterMatch:RareCard","betterMatch:UncommonCard"]}],"is_beta":true,"boss_relics":[{"not_picked":["Busted Crown","SacredBark"],"picked":"Ring of the Serpent"},{"not_picked":["Tiny House","REME_LowDesire"],"picked":"Black Star"}],"items_purged_floors":[21,31],"is_endless":false,"potions_floor_spawned":[1,10,11,13,16,18,23,29,35,40,45,47],"ascension_level":1}}