{"host":"zx10cf1fsoa3eqiy","time":1612034414,"event":{"mods":["BaseMod","Colored Powertips","Downfall","Highlight Path","Minty Spire (QoL Compilation)","Quick Restart","Replay The Spire","Shop Mod","StSLib","Td1madao Mod","The Servant 0.9.4","Yuri Mod"],"gold_per_floor":[99,99,274,274,274,274,351,380,380,45,145,157,189,221,263,283,283,283],"floor_reached":16,"language":"ZHS","playtime":2812,"items_purged":["Doubt"],"score":106,"play_id":"2ab01366-c5b8-404d-94cf-58b6739903ef","local_time":"20210131032014","is_ascension_mode":false,"campfire_choices":[{"data":"bronze:Replicate","floor":1.0,"key":"SMITH"},{"floor":9.0,"key":"REST"}],"circlet_count":0,"master_deck":["bronze:Strike","bronze:Strike","bronze:Strike","bronze:Strike","bronze:Defend+1","bronze:Defend+1","bronze:Defend+1","bronze:Defend+1","bronze:Replicate+1","bronze:Goto","bronze:WhirlingStrike","bronze:SpaghettiCode","bronze:FineTuning","bronze:Iterate","bronze:RecursiveStrike","bronze:FineTuning","bronze:FineTuning"],"relics":["bronze:BronzeCore","downfall:HeartsMalice","InkBottle","Replay:Bottled Eggs","yuri:PortableGlitches","ReplayTheSpireMod:TigerMarble","Replay:Bandana"],"acts_visited":["Exordium"],"potions_floor_usage":[16,16],"damage_taken":[{"damage":0.0,"enemies":"2 Louse","floor":2.0,"turns":1.0},{"damage":0.0,"enemies":"Cultist","floor":5.0,"turns":1.0},{"damage":0.0,"enemies":"Jaw Worm","floor":6.0,"turns":1.0},{"damage":34.0,"enemies":"Lagavulin","floor":8.0,"turns":8.0},{"damage":0.0,"enemies":"downfall:FleeingMerchant","floor":10.0,"turns":4.0},{"damage":1.0,"enemies":"downfall:FleeingMerchant","floor":11.0,"turns":3.0},{"damage":0,"enemies":"Exordium Wildlife","floor":12,"turns":2},{"damage":8,"enemies":"3 Sentries","floor":13,"turns":6},{"damage":0,"enemies":"2 Fungi Beasts","floor":14,"turns":1},{"damage":0,"enemies":"Large Slime","floor":15,"turns":2},{"damage":39,"enemies":"DF_ARCHETYPE_STREAMLINE","floor":16,"turns":6}],"seed_played":"8861121661454315978","potions_obtained":[{"floor":8.0,"key":"BlessingOfTheForge"},{"floor":11,"key":"Fire Potion"},{"floor":12,"key":"ColorlessPotion"}],"is_trial":false,"path_per_floor":["R","M","?","?","M","M","T","E","R","$","?","M","E","M","M","B"],"character_chosen":"THE_AUTOMATON","items_purchased":["bronze:FineTuning","ReplayTheSpireMod:TigerMarble","bronze:Iterate"],"campfire_rested":1,"item_purchase_floors":[10,10,10],"current_hp_per_floor":[70,70,70,58,58,58,58,24,45,45,44,44,36,36,36,0,0,0],"gold":283,"neow_bonus":"THREE_ENEMY_KILL","is_daily":false,"chose_seed":false,"campfire_upgraded":1,"win_rate":0.0,"timestamp":1612034414,"path_taken":["R","M","?","?","M","M","T","E","R","$","?","M","E","M","M","BOSS"],"items_purchased_type":["Card","Relic","Card"],"build_version":"2020-12-22","purchased_purges":1,"victory":false,"max_hp_per_floor":[70,70,70,70,70,70,70,70,70,70,70,70,70,70,70,70,70,70],"card_choices":[{"not_picked":["bronze:DelayedGuard","bronze:Iterate"],"picked":"bronze:WhirlingStrike","floor":2.0},{"not_picked":["bronze:BitShift","bronze:CloningBeam","bronze:Shield"],"picked":"SKIP","floor":5.0},{"not_picked":["bronze:OilSpill","bronze:ChildClass","bronze:Invalidate"],"picked":"SKIP","floor":6.0},{"not_picked":["bronze:Deprecate","bronze:Repulsor"],"picked":"bronze:SpaghettiCode","floor":8.0},{"not_picked":["bronze:Shield","bronze:BronzeArmor","bronze:DelayedGuard"],"picked":"SKIP","floor":10.0},{"not_picked":["bronze:MaxOutput","bronze:Branch"],"picked":"bronze:RecursiveStrike","floor":11},{"not_picked":["bronze:WildBeam","bronze:Return"],"picked":"bronze:FineTuning","floor":12},{"not_picked":["bronze:DelayedGuard","bronze:ClassDefault","bronze:FindAndReplace"],"picked":"SKIP","floor":13},{"not_picked":["bronze:BuggyMess","bronze:WhirlingStrike"],"picked":"bronze:FineTuning","floor":14},{"not_picked":["bronze:BronzeArmor","bronze:Invalidate","bronze:Iterate"],"picked":"SKIP","floor":15}],"player_experience":290722,"relics_obtained":[{"floor":7.0,"key":"Replay:Bottled Eggs"},{"floor":8.0,"key":"yuri:PortableGlitches"},{"floor":13,"key":"Replay:Bandana"}],"event_choices":[{"damage_healed":0.0,"max_hp_gain":0.0,"max_hp_loss":0.0,"gold_gain":0.0,"event_name":"Scrap Ooze","player_choice":"Success","floor":4.0,"gold_loss":0.0,"damage_taken":12.0,"relics_obtained":["InkBottle"]}],"is_beta":false,"boss_relics":[],"items_purged_floors":[10],"is_endless":false,"potions_floor_spawned":[8,11,12,14,15],"killed_by":"DF_ARCHETYPE_STREAMLINE","ascension_level":0}}