{"host":"y76clbnovzmw9ubx","time":1612022467,"event":{"mods":["AchievementEnabler","BaseMod","Minty Spire (QoL Compilation)","Permanent Neow","Relic Stats"],"gold_per_floor":[110,110,129,143,162,197,197,209,232,232,260,260,260,287,287,360,360,379,48,67,79,92,92,92,92],"floor_reached":24,"language":"ENG","playtime":1912,"items_purged":["Strike_G"],"score":536,"play_id":"a8df4a57-262a-462c-9a4d-8834516a9b5f","local_time":"20210130110107","is_ascension_mode":true,"campfire_choices":[{"data":"Well Laid Plans","floor":7.0,"key":"SMITH"},{"data":"Deadly Poison","floor":10.0,"key":"SMITH"},{"floor":13.0,"key":"REST"},{"floor":15.0,"key":"REST"},{"floor":23,"key":"REST"}],"circlet_count":0,"master_deck":["AscendersBane","Strike_G+1","Strike_G","Strike_G","Strike_G","Defend_G","Defend_G","Defend_G","Defend_G","Defend_G+1","Survivor","Neutralize","Die Die Die+1","Deadly Poison+1","Deflect","Well Laid Plans+1","Dodge and Roll","Cloak And Dagger","Dodge and Roll","Bouncing Flask","Predator","Glass Knife","Apotheosis","Caltrops","Dagger Spray+1"],"relics":["Ring of the Snake","Calipers","Orichalcum","Potion Belt","Happy Flower","Fusion Hammer"],"acts_visited":["Exordium","TheCity"],"potions_floor_usage":[24,24],"damage_taken":[{"damage":1.0,"enemies":"Cultist","floor":1.0,"turns":3.0},{"damage":7.0,"enemies":"Small Slimes","floor":3.0,"turns":3.0},{"damage":0.0,"enemies":"2 Louse","floor":4.0,"turns":2.0},{"damage":0.0,"enemies":"Exordium Thugs","floor":5.0,"turns":4.0},{"damage":0.0,"enemies":"3 Sentries","floor":6.0,"turns":2.0},{"damage":0.0,"enemies":"3 Louse","floor":8.0,"turns":3.0},{"damage":27.0,"enemies":"Lagavulin","floor":11.0,"turns":10.0},{"damage":0.0,"enemies":"3 Sentries","floor":14.0,"turns":9.0},{"damage":3.0,"enemies":"The Guardian","floor":16.0,"turns":9.0},{"damage":15.0,"enemies":"2 Thieves","floor":18.0,"turns":4.0},{"damage":0.0,"enemies":"3 Byrds","floor":20.0,"turns":2.0},{"damage":18.0,"enemies":"3 Cultists","floor":21.0,"turns":6.0},{"damage":12,"enemies":"Centurion and Healer","floor":22,"turns":6},{"damage":34,"enemies":"Gremlin Leader","floor":24,"turns":5}],"seed_played":"5262358005864374434","potions_obtained":[{"floor":3.0,"key":"DuplicationPotion"},{"floor":4.0,"key":"SkillPotion"},{"floor":6.0,"key":"Block Potion"},{"floor":14.0,"key":"GamblersBrew"},{"floor":18.0,"key":"Weak Potion"},{"floor":20.0,"key":"PowerPotion"},{"floor":22,"key":"Strength Potion"}],"is_trial":false,"path_per_floor":["M","?","M","M","M","E","R","M","T","R","E","?","R","E","R","B",null,"M","$","M","M","M","R","E"],"character_chosen":"THE_SILENT","items_purchased":["Apotheosis","Caltrops"],"campfire_rested":3,"item_purchase_floors":[19,19],"current_hp_per_floor":[58,58,51,51,51,51,51,51,51,51,24,6,24,24,42,39,55,40,40,40,22,10,28,0,0],"gold":92,"neow_bonus":"THREE_RARE_CARDS","is_daily":false,"chose_seed":false,"campfire_upgraded":2,"win_rate":0.0,"timestamp":1612022467,"path_taken":["M","?","?","M","M","E","R","M","T","R","E","?","R","E","R","BOSS","M","$","M","M","M","R","E"],"items_purchased_type":["Card","Card"],"build_version":"2020-12-22","purchased_purges":1,"victory":false,"max_hp_per_floor":[60,60,60,60,60,60,60,60,60,60,60,60,60,60,60,60,60,60,60,60,60,60,60,60,60],"relic_stats":{"Happy Flower":[10],"counters":[14,68],"Orichalcum":[48],"obtain_stats":[{"Potion Belt":11,"Calipers":6,"Happy Flower":14,"Fusion Hammer":17,"Orichalcum":9,"Ring of the Snake":0},{"Potion Belt":7,"Calipers":5,"Happy Flower":8,"Fusion Hammer":9,"Orichalcum":6,"Ring of the Snake":0},{"Potion Belt":27,"Calipers":14,"Happy Flower":36,"Fusion Hammer":45,"Orichalcum":17,"Ring of the Snake":0}],"Ring of the Snake":[28]},"card_choices":[{"not_picked":["After Image","Doppelganger"],"picked":"Die Die Die","floor":0.0},{"not_picked":["Deflect","Prepared"],"picked":"Deadly Poison","floor":1.0},{"not_picked":["Slice","Tactician"],"picked":"Deflect","floor":3.0},{"not_picked":["Dagger Throw","Slice"],"picked":"Well Laid Plans","floor":4.0},{"not_picked":["Expertise","Blur"],"picked":"Dodge and Roll","floor":5.0},{"not_picked":["Infinite Blades","Well Laid Plans"],"picked":"Cloak And Dagger","floor":6.0},{"not_picked":["Dash","Bullet Time"],"picked":"Dodge and Roll","floor":8.0},{"not_picked":["Deflect","Endless Agony"],"picked":"Bouncing Flask","floor":11.0},{"not_picked":["Quick Slash","All Out Attack"],"picked":"Predator","floor":14.0},{"not_picked":["Grand Finale","Tools of the Trade"],"picked":"Glass Knife","floor":16.0},{"not_picked":["Outmaneuver","Bane","Endless Agony"],"picked":"SKIP","floor":18.0},{"not_picked":["Quick Slash","Cloak And Dagger","Bane"],"picked":"SKIP","floor":20.0},{"not_picked":["Dash+1","Outmaneuver"],"picked":"Dagger Spray+1","floor":21.0},{"not_picked":["Outmaneuver","Quick Slash","Sucker Punch"],"picked":"SKIP","floor":22}],"player_experience":3151470,"relics_obtained":[{"floor":6.0,"key":"Calipers"},{"floor":9.0,"key":"Orichalcum"},{"floor":11.0,"key":"Potion Belt"},{"floor":14.0,"key":"Happy Flower"}],"event_choices":[{"damage_healed":0.0,"max_hp_gain":0.0,"max_hp_loss":0.0,"gold_gain":0.0,"event_name":"Upgrade Shrine","player_choice":"Upgraded","floor":2.0,"gold_loss":0.0,"damage_taken":0.0,"cards_upgraded":["Die Die Die"]},{"damage_healed":0.0,"max_hp_gain":0.0,"max_hp_loss":0.0,"gold_gain":0.0,"event_name":"Shining Light","player_choice":"Entered Light","floor":12.0,"gold_loss":0.0,"damage_taken":18.0,"cards_upgraded":["Defend_G","Strike_G"]}],"is_beta":false,"boss_relics":[{"not_picked":["Runic Dome","Calling Bell"],"picked":"Fusion Hammer"}],"items_purged_floors":[19],"is_endless":false,"potions_floor_spawned":[3,4,6,14,18,20,22],"killed_by":"Gremlin Leader","ascension_level":20}}