{"host":"amvb77pwe2wp6zyc","time":1612008391,"event":{"mods":["2.2 Compatiblity","AchievementEnabler","AlwaysNeverKeys","BaseMod","BetterRewards","Downfall","GifTheSpireLib","Minty Spire (QoL Compilation)","Permanent Neow","Quick Restart","Relic Filter","Shop Mod","StSLib","SuperFastMode","Trackpad"],"gold_per_floor":[99,113,131,142,160,60,60,60,78,109,9,26,26,26,38,38,38,38],"floor_reached":16,"language":"DEU","playtime":969,"items_purged":[],"score":104,"play_id":"c58b3fee-d5d8-4559-a2d9-2be437c0d75e","local_time":"20210130130631","is_ascension_mode":false,"campfire_choices":[{"floor":1.0,"key":"DIG"},{"floor":6,"key":"DIG"},{"floor":8,"key":"DIG"},{"data":"bronze:Strike","floor":11,"key":"PURGE"},{"data":"bronze:Strike","floor":13,"key":"PURGE"}],"circlet_count":0,"master_deck":["bronze:Defend","bronze:Defend","bronze:Defend","bronze:Defend","bronze:Replicate"],"relics":["bronze:BronzeCore","Shovel","Unceasing Top","downfall:HeartBlessingRed","Empty Cage","Anchor","Peace Pipe","bronze:ProtectiveGoggles","downfall:HeartBlessingGreen"],"acts_visited":["Exordium"],"potions_floor_usage":[16,16],"damage_taken":[{"damage":0,"enemies":"Cultist","floor":2,"turns":4},{"damage":0,"enemies":"2 Louse","floor":3,"turns":2},{"damage":0,"enemies":"Jaw Worm","floor":4,"turns":5},{"damage":10,"enemies":"Exordium Thugs","floor":5,"turns":6},{"damage":6,"enemies":"Large Slime","floor":9,"turns":6},{"damage":25,"enemies":"3 Sentries","floor":10,"turns":11},{"damage":1,"enemies":"2 Fungi Beasts","floor":12,"turns":3},{"damage":0,"enemies":"Gremlin Gang","floor":15,"turns":7},{"damage":31,"enemies":"SI_SHIV_ARCHETYPE","floor":16,"turns":7}],"seed_played":"-1334784450978425373","potions_obtained":[{"floor":4,"key":"Strength Potion"},{"floor":9,"key":"SmokeBomb"},{"floor":12,"key":"Strength Potion"}],"is_trial":false,"path_per_floor":["R","M","M","M","M","R","T","R","M","E","R","M","R","?","M","B"],"character_chosen":"THE_AUTOMATON","items_purchased":[],"campfire_rested":0,"item_purchase_floors":[],"current_hp_per_floor":[70,70,70,70,60,60,60,60,54,29,29,28,28,28,28,0,0,0],"gold":38,"neow_bonus":"RANDOM_COMMON_RELIC","is_daily":false,"chose_seed":false,"campfire_upgraded":0,"win_rate":0.0,"timestamp":1612008391,"path_taken":["R","?","?","M","M","R","T","R","M","E","R","M","R","?","M","BOSS"],"items_purchased_type":[],"build_version":"2020-12-22","purchased_purges":0,"victory":false,"max_hp_per_floor":[70,70,70,70,70,70,70,70,70,70,70,70,70,70,70,70,70,70],"card_choices":[{"not_picked":["bronze:Invalidate","bronze:Optimize","bronze:Turbo"],"picked":"SKIP","floor":2},{"not_picked":["bronze:Philosophize","bronze:BitShift","bronze:FineTuning"],"picked":"SKIP","floor":3},{"not_picked":["bronze:BuggyMess","bronze:Turbo","bronze:BitShift"],"picked":"SKIP","floor":4},{"not_picked":["bronze:Iterate","bronze:ChosenStrike","bronze:WildBeam"],"picked":"SKIP","floor":5},{"not_picked":["bronze:DelayedGuard","bronze:AlphaBuild","bronze:Repulsor"],"picked":"SKIP","floor":9},{"not_picked":["bronze:MaxOutput","bronze:WildBeam","bronze:Iterate"],"picked":"SKIP","floor":10},{"not_picked":["bronze:FineTuning","bronze:DigitalCarnage","bronze:Deprecate"],"picked":"SKIP","floor":12},{"not_picked":["bronze:Flail","bronze:Optimize","bronze:OilSpill"],"picked":"SKIP","floor":15}],"player_experience":255072,"relics_obtained":[{"floor":1.0,"key":"Unceasing Top"},{"floor":6,"key":"Empty Cage"},{"floor":7,"key":"Anchor"},{"floor":8,"key":"Peace Pipe"},{"floor":10,"key":"bronze:ProtectiveGoggles"}],"event_choices":[{"cards_removed":["bronze:Strike"],"damage_healed":0,"gold_gain":0,"player_choice":"Forget","damage_taken":0,"max_hp_gain":0,"max_hp_loss":0,"event_name":"Living Wall","floor":14,"gold_loss":0}],"is_beta":false,"boss_relics":[],"items_purged_floors":[],"is_endless":false,"potions_floor_spawned":[4,9,12],"killed_by":"SI_SHIV_ARCHETYPE","ascension_level":0}}