{"host":"28bpuzdckreop5i0","time":1612044044,"event":{"mods":["Aspiration","BaseMod","Challenge The Spire","Conspire","Defuse TimeMaze Blight","Downfall","Energized Spire","GifTheSpireLib","Googly Eyes","Minty Spire (QoL Compilation)","Relic Stats","Shop Mod","Spicy Shops","StSLib","Stuff the Spire","The Awakened One except there are too many feathers","The IronCluck","Transform Curses","Wandering Minibosses","slay the spire mod where everything is the same but ironclad has a cowboy hat"],"gold_per_floor":[0,20,30,42,42,53,53,38,50,50,82,67,67,82,97,97,97,97],"floor_reached":16,"language":"ENG","playtime":1201,"items_purged":[],"score":109,"play_id":"6d11123e-3791-4ca1-b54b-1ef209cc160b","local_time":"20210130160044","is_ascension_mode":true,"campfire_choices":[{"data":"Secret Technique","floor":1,"key":"SMITH"},{"data":"Guardian:ShieldCharger","floor":10,"key":"SMITH"},{"floor":13,"key":"REST"}],"circlet_count":0,"master_deck":["Guardian:Strike_Guardian","Guardian:Strike_Guardian","Guardian:Strike_Guardian","Guardian:Strike_Guardian","Guardian:Defend_Guardian","Guardian:Defend_Guardian","Guardian:Defend_Guardian","Guardian:Defend_Guardian","Guardian:CurlUp","Guardian:TwinSlam","Secret Technique+1","Guardian:TimeCapacitor","Guardian:Reroute","Guardian:Incinerate","Guardian:ShieldCharger+1","Guardian:Preprogram","Guardian:Recover","Guardian:StasisEngine","Guardian:ShieldCharger","Guardian:Gem_Yellow","Guardian:ChargeUp"],"relics":["Guardian:ModeShifter","Blue Candle","conspire:Flyswatter","Strawberry"],"acts_visited":["Exordium"],"potions_floor_usage":[11,12,16,16,16],"damage_taken":[{"damage":7,"enemies":"conspire:RoseBush","floor":2,"turns":7},{"damage":1,"enemies":"Jaw Worm","floor":3,"turns":4},{"damage":0,"enemies":"2 Louse","floor":4,"turns":3},{"damage":10,"enemies":"2 Fungi Beasts","floor":6,"turns":4},{"damage":2,"enemies":"downfall:FleeingMerchant","floor":8,"turns":4},{"damage":7,"enemies":"Blue Slaver","floor":9,"turns":3},{"damage":4,"enemies":"3 Sentries","floor":11,"turns":10},{"damage":16,"enemies":"downfall:FleeingMerchant","floor":12,"turns":6},{"damage":9,"enemies":"Red Slaver","floor":14,"turns":5},{"damage":2,"enemies":"2 Fungi Beasts","floor":15,"turns":5},{"damage":77,"enemies":"DF_ARCHETYPE_STREAMLINE","floor":16,"turns":14}],"seed_played":"1685472621490056882","potions_obtained":[{"floor":2,"key":"Dexterity Potion"},{"floor":3,"key":"Guardian:DefensiveModePotion"},{"floor":6,"key":"champ:CounterPotion"},{"floor":11,"key":"bronze:BurnAndBuffPotion"},{"floor":15,"key":"Regen Potion"}],"is_trial":false,"path_per_floor":["R","M","M","M","?","M","T","$","M","R","E","$","R","M","M","B"],"character_chosen":"GUARDIAN","items_purchased":[],"campfire_rested":1,"item_purchase_floors":[],"current_hp_per_floor":[80,73,72,72,60,50,50,48,41,41,44,28,54,45,43,0,0,0],"gold":97,"neow_bonus":"RANDOM_COLORLESS_2","is_daily":false,"chose_seed":false,"campfire_upgraded":2,"win_rate":0.0,"timestamp":1612044044,"path_taken":["R","M","M","M","?","M","T","$","M","R","E","$","R","M","M","BOSS"],"items_purchased_type":[],"build_version":"2020-12-22","purchased_purges":0,"victory":false,"max_hp_per_floor":[80,80,80,80,80,80,80,80,80,80,87,87,87,87,87,87,87,87],"relic_stats":{"counters":[11,65],"Blue Candle":[0],"obtain_stats":[{"Blue Candle":5,"Strawberry":11,"Guardian:ModeShifter":0,"conspire:Flyswatter":7},{"Blue Candle":3,"Strawberry":7,"Guardian:ModeShifter":0,"conspire:Flyswatter":4},{"Blue Candle":14,"Strawberry":35,"Guardian:ModeShifter":0,"conspire:Flyswatter":18}]},"card_choices":[{"not_picked":["Metamorphosis","Secret Weapon"],"picked":"Secret Technique","floor":0},{"not_picked":["Guardian:Incinerate","Guardian:Suspension"],"picked":"Guardian:TimeCapacitor","floor":2},{"not_picked":["Guardian:ShieldSpikes","Guardian:CrystalBeam"],"picked":"Guardian:Reroute","floor":3},{"not_picked":["Guardian:CrystalBeam","Guardian:Gem_Green"],"picked":"Guardian:Incinerate","floor":4},{"not_picked":["Guardian:Gem_Red","Guardian:Gem_Cyan"],"picked":"Guardian:ShieldCharger","floor":6},{"not_picked":["Guardian:WalkerClaw","Guardian:ChargeCore"],"picked":"Guardian:Preprogram","floor":8},{"not_picked":["Guardian:Gem_Yellow","Guardian:Gem_Red"],"picked":"Guardian:Recover","floor":9},{"not_picked":["Guardian:Clone","Guardian:Gem_Crimson"],"picked":"Guardian:StasisEngine","floor":11},{"not_picked":["Guardian:DonusPower","Guardian:GuardianWhirl"],"picked":"Guardian:ShieldCharger","floor":12},{"not_picked":["Guardian:SentryBeam","Guardian:PrismaticBarrier"],"picked":"Guardian:Gem_Yellow","floor":14},{"not_picked":["Guardian:RefractedBeam","Guardian:Gem_Crimson"],"picked":"Guardian:ChargeUp","floor":15}],"player_experience":925315,"relics_obtained":[{"floor":7,"key":"conspire:Flyswatter"},{"floor":11,"key":"Strawberry"}],"event_choices":[{"damage_healed":0,"gold_gain":0,"player_choice":"Success","damage_taken":12,"relics_obtained":["Blue Candle"],"max_hp_gain":0,"max_hp_loss":0,"event_name":"Scrap Ooze","floor":5,"gold_loss":0}],"is_beta":false,"boss_relics":[],"items_purged_floors":[],"is_endless":false,"potions_floor_spawned":[2,3,6,11,15],"killed_by":"DF_ARCHETYPE_STREAMLINE","ascension_level":1}}