{"host":"5s7sm4h73jkd9266","time":1612036459,"event":{"mods":["AchievementEnabler","Bartender","BaseMod","Better Vampires","BetterRewards","Colored Map","Colored Powertips","Conspire","Downfall","Energized Spire","Hermit","Hubris","Magitek Elite","Minty Spire (QoL Compilation)","Potion Indicator Mod","Rare Cards Sparkle","Shop Mod","StSLib","The Blue Laboratory","The Necromancer","The Witch","Virulent Crown","everything is the same but u backflip on backflip","slay the spire mod where everything is the same but ironclad has a cowboy hat"],"gold_per_floor":[119,131,131,146,3,19,32,58,81,81,23,23,23,42,42,145,145,163,18,37,50,68,68,81,81,81],"floor_reached":25,"language":"ENG","playtime":4779,"items_purged":[],"score":232,"play_id":"f4ddf6f5-517e-44eb-acce-1d38eff1f228","local_time":"20210130145419","is_ascension_mode":false,"campfire_choices":[{"floor":13.0,"key":"REST"},{"floor":15.0,"key":"RECALL"},{"data":"Madness","floor":23,"key":"SMITH"}],"circlet_count":0,"master_deck":["Strike_B","Strike_B","Strike_B","Strike_B","Defend_B","Defend_B","Defend_B","Defend_B","Zap","Dualcast","Genetic Algorithm","Madness+1","Steam","Ball Lightning","Heavy Blade","Feed","Hyperbeam","Cold Snap","Sword Boomerang","Conserve Battery","Anger","Creative AI","Self Repair+1","Glacier","BootSequence+1","conspire:SharedLibrary","Body Slam"],"relics":["Cracked Core","Incense Burner","HandDrill","hubris:DisguiseKit","hubris:CrystalStatue","DataDisk","Art of War","Nuclear Battery","Strange Spoon"],"acts_visited":["Exordium","TheCity"],"potions_floor_usage":[22,24,25],"damage_taken":[{"damage":2.0,"enemies":"Jaw Worm","floor":1.0,"turns":3.0},{"damage":1.0,"enemies":"Cultist","floor":2.0,"turns":3.0},{"damage":0.0,"enemies":"2 Louse","floor":4.0,"turns":2.0},{"damage":0.0,"enemies":"Looter","floor":6.0,"turns":3.0},{"damage":0.0,"enemies":"Gremlin Gang","floor":7.0,"turns":1.0},{"damage":0.0,"enemies":"3 Sentries","floor":8.0,"turns":1.0},{"damage":0.0,"enemies":"Exordium Wildlife","floor":14.0,"turns":2.0},{"damage":14.0,"enemies":"Hexaghost","floor":16.0,"turns":8.0},{"damage":6.0,"enemies":"3 Byrds","floor":18.0,"turns":4.0},{"damage":0.0,"enemies":"Chosen","floor":20.0,"turns":4.0},{"damage":12.0,"enemies":"conspire:HollyBat","floor":21.0,"turns":10.0},{"damage":4,"enemies":"Shelled Parasite and Fungi","floor":22,"turns":10},{"damage":16,"enemies":"Centurion and Healer","floor":24,"turns":9},{"damage":7,"enemies":"conspire:SneckoGhost","floor":25,"turns":6}],"seed_played":"-4243026397635420790","potions_obtained":[{"floor":1.0,"key":"blueLaboratory:RecallPotion"},{"floor":7.0,"key":"blueLaboratory:RecallPotion"},{"floor":14.0,"key":"Fire Potion"},{"floor":22,"key":"sneckomod:MuddlingPotion"},{"floor":24,"key":"bronze:BurnAndBuffPotion"}],"is_trial":false,"path_per_floor":["M","M","?","M","$","M","M","E","T","?","?","$","R","M","R","B",null,"M","$","M","M","M","R","M","E"],"character_chosen":"DEFECT","items_purchased":["Genetic Algorithm","Incense Burner","HandDrill","hubris:DisguiseKit","Madness","Hyperbeam","Strange Spoon"],"campfire_rested":1,"item_purchase_floors":[0,0,0,0,0,5,19],"current_hp_per_floor":[38,37,37,37,37,37,37,37,37,37,37,37,59,59,59,45,75,72,72,78,79,84,84,78,71,71],"gold":81,"neow_bonus":"","is_daily":false,"chose_seed":false,"campfire_upgraded":1,"win_rate":0.0,"timestamp":1612036459,"path_taken":["M","M","?","?","$","M","M","E","T","?","?","$","R","M","R","BOSS","M","$","M","?","M","R","M","E"],"items_purchased_type":["Card","Relic","Relic","Relic","Card","Card","Relic"],"build_version":"2020-12-22","purchased_purges":0,"victory":false,"max_hp_per_floor":[75,75,75,75,75,75,75,75,75,75,75,75,75,75,75,75,75,78,78,78,81,84,84,84,84,84],"card_choices":[{"not_picked":["Coolheaded","Barrage","Warcry"],"picked":"Ball Lightning","floor":1.0},{"not_picked":["Redo","Compile Driver","Turbo"],"picked":"Heavy Blade","floor":2.0},{"not_picked":["conspire:SharedLibrary","Compile Driver","Streamline"],"picked":"Feed","floor":4.0},{"not_picked":["Go for the Eyes","Heatsinks","Clothesline"],"picked":"Cold Snap","floor":6.0},{"not_picked":["Cold Snap","Hologram","FTL"],"picked":"Sword Boomerang","floor":7.0},{"not_picked":["Static Discharge","Coolheaded","Dark Embrace"],"picked":"Conserve Battery","floor":8.0},{"not_picked":["Multi-Cast","Cold Snap","Gash"],"picked":"Anger","floor":14.0},{"not_picked":["Hyperbeam","Seek","Fiend Fire"],"picked":"Creative AI","floor":16.0},{"not_picked":["Cold Snap","Hello World","Havoc"],"picked":"Self Repair+1","floor":18.0},{"not_picked":["Leap","Steam","Cleave"],"picked":"Glacier","floor":20.0},{"not_picked":["Hologram","Sweeping Beam","Blood for Blood"],"picked":"BootSequence+1","floor":21.0},{"not_picked":["Hologram","Conserve Battery","Flex"],"picked":"conspire:SharedLibrary","floor":22},{"not_picked":["Redo+1","Hyperbeam","Rebound"],"picked":"Body Slam","floor":24}],"player_experience":5511039,"relics_obtained":[{"floor":8.0,"key":"DataDisk"}],"event_choices":[{"damage_healed":0.0,"max_hp_gain":0.0,"max_hp_loss":0.0,"gold_gain":0.0,"event_name":"The Woman in Blue","player_choice":"Bought 0 Potions","floor":3.0,"gold_loss":0.0,"damage_taken":0.0},{"damage_healed":0.0,"max_hp_gain":0.0,"max_hp_loss":0.0,"gold_gain":0.0,"event_name":"Shining Light","player_choice":"Ignored","floor":10.0,"gold_loss":0.0,"damage_taken":0.0},{"damage_healed":0.0,"max_hp_gain":0.0,"max_hp_loss":0.0,"gold_gain":0.0,"event_name":"WeMeetAgain","player_choice":"Paid Gold","floor":11.0,"gold_loss":58.0,"damage_taken":0.0,"relics_obtained":["Art of War"]}],"is_beta":false,"boss_relics":[{"not_picked":["hubris:Stopwatch","Sozu"],"picked":"Nuclear Battery"}],"items_purged_floors":[],"is_endless":false,"potions_floor_spawned":[1,7,14,22,24],"killed_by":"conspire:SneckoGhost","ascension_level":0}}