{"host":"h3ybbam5olp21xet","time":1612046840,"event":{"mods":["BaseMod","Downfall","Hermit","Hubris","Infinite Spire","Minty Spire (QoL Compilation)","StSLib","The Bug Knight"],"gold_per_floor":[99,48,48,48,63,78,130,146,1,1,1,11,11,22,36,133,133,133,147,165,181,181,181,181,181,22,32,32,32,32],"floor_reached":28,"language":"ENG","playtime":1701,"items_purged":[],"score":235,"play_id":"6b9fbeed-4160-4d4d-914d-851b4cf92995","local_time":"20210130164720","is_ascension_mode":false,"campfire_choices":[{"data":"Guardian:TwinSlam","floor":1,"key":"SMITH"},{"floor":11,"key":"REST"},{"data":"Guardian:DonusPower","floor":13,"key":"SMITH"},{"data":"Guardian:PrimingBeam","floor":18,"key":"SMITH"}],"circlet_count":0,"master_deck":["Guardian:Strike_Guardian","Guardian:Strike_Guardian","Guardian:Strike_Guardian","Guardian:Defend_Guardian","Guardian:Defend_Guardian","Guardian:Defend_Guardian","Guardian:Defend_Guardian","Guardian:CurlUp","Guardian:TwinSlam+1","Guardian:ExploitGems","Guardian:WalkerClaw","Guardian:PrimingBeam+1","Guardian:DonusPower+1","Guardian:VentSteam","Guardian:RollAttack","Guardian:SpikerProtocol","Guardian:SpikerProtocol","Guardian:EvasiveProtocol","Guardian:CrystalBeam","Guardian:StasisStrike","Guardian:SpikerProtocol","Guardian:SpikerProtocol","Guardian:TemporalStrike+1","Guardian:RefractedBeam","Guardian:PiercingHide","Guardian:Emergency","Guardian:PolyBeam","Guardian:DecasProtection","Guardian:TimeSifter"],"relics":["Guardian:ModeShifter","downfall:HeartsMalice","Omamori","Calling Bell","Blood Vial","Singing Bowl","Ice Cream","infinitespire:Bottled Soul"],"acts_visited":["Exordium","TheCity"],"potions_floor_usage":[16,27],"damage_taken":[{"damage":0,"enemies":"downfall:FleeingMerchant","floor":2,"turns":1},{"damage":0,"enemies":"Cultist","floor":3,"turns":1},{"damage":0,"enemies":"Small Slimes","floor":4,"turns":1},{"damage":6,"enemies":"2 Louse","floor":5,"turns":2},{"damage":11,"enemies":"Large Slime","floor":6,"turns":6},{"damage":11,"enemies":"Red Slaver","floor":8,"turns":3},{"damage":5,"enemies":"downfall:FleeingMerchant","floor":9,"turns":4},{"damage":11,"enemies":"Exordium Thugs","floor":12,"turns":3},{"damage":3,"enemies":"Lots of Slimes","floor":14,"turns":3},{"damage":7,"enemies":"3 Louse","floor":15,"turns":4},{"damage":48,"enemies":"DF_ARCHETYPE_STREAMLINE","floor":16,"turns":14},{"damage":0,"enemies":"Spheric Guardian","floor":19,"turns":5},{"damage":18,"enemies":"Shelled Parasite and Fungi","floor":20,"turns":6},{"damage":20,"enemies":"Centurion and Healer","floor":21,"turns":6},{"damage":0,"enemies":"downfall:FleeingMerchant","floor":26,"turns":4},{"damage":43,"enemies":"3 Cultists","floor":27,"turns":5},{"damage":10,"enemies":"downfall:FleeingMerchant","floor":28,"turns":2}],"seed_played":"-7932149753683489153","potions_obtained":[{"floor":5,"key":"EssenceOfSteel"},{"floor":6,"key":"Explosive Potion"},{"floor":12,"key":"Ancient Potion"},{"floor":16,"key":"SkillPotion"},{"floor":19,"key":"CultistPotion"},{"floor":27,"key":"Dexterity Potion"}],"is_trial":false,"path_per_floor":["R","$","M","M","M","M","T","M","$","?","R","M","R","M","M","B",null,"R","M","M","M","?","?","T","?","$","M","$"],"character_chosen":"GUARDIAN","items_purchased":["Guardian:WalkerClaw","Guardian:SpikerProtocol","Guardian:Gem_Lightblue","Guardian:PolyBeam","Guardian:DecasProtection"],"campfire_rested":1,"item_purchase_floors":[2,9,9,26,26],"current_hp_per_floor":[80,80,80,80,74,63,63,52,47,47,71,60,60,57,50,2,80,80,80,62,44,44,44,44,44,46,5,0,0,0],"gold":32,"neow_bonus":"THREE_ENEMY_KILL","is_daily":false,"chose_seed":false,"campfire_upgraded":3,"win_rate":0.0,"timestamp":1612046840,"path_taken":["R","$","M","M","?","M","T","M","$","?","R","M","R","M","M","BOSS","R","M","M","?","?","?","T","?","$","?","?"],"items_purchased_type":["Card","Card","Card","Card","Card"],"build_version":"2020-12-22","purchased_purges":0,"victory":false,"max_hp_per_floor":[80,80,80,80,80,80,80,80,80,80,80,80,80,80,80,80,80,80,80,80,80,80,80,80,80,80,80,80,80,80],"card_choices":[{"not_picked":["Guardian:Gem_White","Guardian:VentSteam"],"picked":"Guardian:ExploitGems","floor":2},{"not_picked":["Guardian:WalkerClaw","Guardian:RollAttack"],"picked":"Guardian:PrimingBeam","floor":3},{"not_picked":["Guardian:Gem_Fragmented","Guardian:DonusPower"],"picked":"Guardian:Gem_Orange","floor":4},{"not_picked":["Guardian:Recover","Guardian:Gem_Red"],"picked":"Guardian:DonusPower","floor":5},{"not_picked":["Guardian:Reroute","Guardian:Preprogram"],"picked":"Guardian:VentSteam","floor":6},{"not_picked":["Guardian:BronzeOrb","Guardian:Emergency"],"picked":"Guardian:RollAttack","floor":8},{"not_picked":["Guardian:VentSteam","Guardian:Gem_Purple"],"picked":"Guardian:SpikerProtocol","floor":9},{"not_picked":["Guardian:Gem_Red","Guardian:Reroute"],"picked":"Guardian:EvasiveProtocol","floor":12},{"not_picked":["Guardian:Suspension","Guardian:Gem_Green"],"picked":"Guardian:CrystalBeam","floor":14},{"not_picked":["Guardian:Gem_Cyan","Guardian:ChargeCore"],"picked":"Guardian:Gem_Blue","floor":15},{"not_picked":["Guardian:TimeSifter","Guardian:ExploitGems"],"picked":"Guardian:StasisStrike","floor":16},{"not_picked":["Guardian:TemporalShield","Guardian:Gem_Red"],"picked":"Guardian:SpikerProtocol","floor":19},{"not_picked":["Guardian:Suspension","Guardian:RollAttack+1"],"picked":"Guardian:SpikerProtocol","floor":20},{"not_picked":["Guardian:Incinerate","Guardian:CrystalBeam"],"picked":"Guardian:TemporalStrike+1","floor":21},{"not_picked":["Guardian:Reroute","Guardian:PrimingBeam"],"picked":"Guardian:Emergency","floor":26},{"not_picked":["Guardian:BronzeArmor","Guardian:Gem_Purple"],"picked":"Guardian:TimeSifter","floor":27}],"player_experience":606187,"relics_obtained":[{"floor":7,"key":"Omamori"},{"floor":17,"key":"Blood Vial"},{"floor":17,"key":"Singing Bowl"},{"floor":17,"key":"Ice Cream"},{"floor":24,"key":"infinitespire:Bottled Soul"}],"event_choices":[{"damage_healed":0,"gold_gain":0,"player_choice":"Ignored","damage_taken":0,"max_hp_gain":0,"max_hp_loss":0,"event_name":"Ghosts","floor":23,"gold_loss":0}],"is_beta":false,"boss_relics":[{"not_picked":["SacredBark","infinitespire:Cupcake"],"picked":"Calling Bell"}],"items_purged_floors":[],"is_endless":false,"potions_floor_spawned":[5,6,12,16,19,21,27],"killed_by":"downfall:FleeingMerchant","ascension_level":0}}