{"host":"kos1s9q8ffr8fqos","time":1612045651,"event":{"mods":["BaseMod","Bestiary","Better Altar","Better Match","Better Note","Better Sensory Stone","Better Skull","Better Third Choice","Better Vampires","Colored Map","Colored Powertips","Curses Come First","Hermit","Infinite Spire","Minty Spire (QoL Compilation)","Quick Restart","Random Character Button","Relic Stats","Reliquary","Replay The Spire","Smile Girya","Spicy Shops","StSLib","The Blue Laboratory","The Disciple"],"gold_per_floor":[109,109,0,13,24,51,51,82,109,109,109,109],"floor_reached":11,"language":"ENG","playtime":547,"items_purged":[],"score":93,"play_id":"8d7d93ba-1d9d-4fc5-8df6-83685623f648","local_time":"20210130162731","is_ascension_mode":true,"campfire_choices":[{"floor":7,"key":"REST"}],"circlet_count":0,"master_deck":["Strike_Br","Strike_Br","Strike_Br","Strike_Br","Defend_Br","Defend_Br","Defend_Br","Defend_Br","SecondHand","PatternShift","Defend_P","Strike_B","Mayhem","ReapSow","Enlightenment","LockedOrichalcum","LockedBlood","LockedMedicine"],"relics":["Chronometer","Hand?","infinitespire:Beetle Shell","SpringShield","Bag of Preparation","Eternal Feather"],"acts_visited":["Exordium"],"potions_floor_usage":[8],"damage_taken":[{"damage":0.0,"enemies":"Small Slimes","floor":1.0,"turns":5.0},{"damage":5,"enemies":"Cultist","floor":4,"turns":4},{"damage":8,"enemies":"Jaw Worm","floor":5,"turns":4},{"damage":35,"enemies":"Lagavulin","floor":6,"turns":8},{"damage":39,"enemies":"Gremlin Nob","floor":8,"turns":5},{"damage":20,"enemies":"3 Sentries","floor":11,"turns":5}],"seed_played":"-4524131596817392893","potions_obtained":[{"floor":6,"key":"ColorlessPotion"}],"is_trial":false,"path_per_floor":["M","?","?","M","M","E","R","E","T","?","E"],"character_chosen":"CHRONO_CLASS","items_purchased":[],"campfire_rested":1,"item_purchase_floors":[],"current_hp_per_floor":[65,65,71,66,58,23,44,11,11,11,0,0],"gold":109,"neow_bonus":"RANDOM_COLORLESS_2","is_daily":false,"chose_seed":false,"campfire_upgraded":0,"win_rate":0.0,"timestamp":1612045651,"path_taken":["M","?","?","M","?","E","R","E","T","?","E"],"items_purchased_type":[],"build_version":"2020-12-22","purchased_purges":0,"victory":false,"max_hp_per_floor":[65,65,71,71,71,71,71,71,71,71,71,71],"relic_stats":{"counters":[6,31],"Eternal Feather":0,"Bag of Preparation":[2],"obtain_stats":[{"Hand?":2,"Chronometer":0,"Eternal Feather":10,"infinitespire:Beetle Shell":6,"SpringShield":8,"Bag of Preparation":9},{"Hand?":1,"Chronometer":0,"Eternal Feather":5,"infinitespire:Beetle Shell":4,"SpringShield":5,"Bag of Preparation":5},{"Hand?":5,"Chronometer":0,"Eternal Feather":26,"infinitespire:Beetle Shell":21,"SpringShield":26,"Bag of Preparation":26}]},"card_choices":[{"not_picked":["Thinking Ahead","Crow Ritual"],"picked":"Mayhem","floor":0.0},{"not_picked":["Parity","PrimeTime"],"picked":"ReapSow","floor":1.0},{"not_picked":["BlueShift","LockedAnchor"],"picked":"LockedOrichalcum","floor":4},{"not_picked":["HandsUpC","ReapSow"],"picked":"WindUp","floor":5},{"not_picked":["TickedOff","Tempo"],"picked":"LockedBlood","floor":6},{"not_picked":["WakeUpCall","HandsUpC"],"picked":"LockedMedicine","floor":8}],"player_experience":1229515,"relics_obtained":[{"floor":6,"key":"infinitespire:Beetle Shell"},{"floor":8,"key":"SpringShield"},{"floor":9,"key":"Bag of Preparation"}],"event_choices":[{"damage_healed":0,"gold_gain":0,"player_choice":"RENOUNCE","damage_taken":109,"max_hp_gain":0,"max_hp_loss":0,"event_name":"betterThird:BetterSerpent","floor":3,"gold_loss":109,"cards_obtained":["Enlightenment"]},{"cards_removed":["WindUp"],"damage_healed":0,"gold_gain":0,"player_choice":"Gave Card","damage_taken":0,"relics_obtained":["Eternal Feather"],"max_hp_gain":0,"max_hp_loss":0,"event_name":"WeMeetAgain","floor":10,"gold_loss":0}],"is_beta":false,"boss_relics":[],"items_purged_floors":[],"is_endless":false,"potions_floor_spawned":[6],"killed_by":"3 Sentries","ascension_level":3}}