{"host":"59fzh68erzs7h44i","time":1612031082,"event":{"mods":["AchievementEnabler","BaseMod","Downfall","Minty Spire (QoL Compilation)","StSLib","The Jungle"],"gold_per_floor":[119,194,119,130,143,143,170,158,239,239,239,239],"floor_reached":11,"language":"ENG","playtime":448,"items_purged":["Defend_P"],"score":77,"play_id":"14d7f40c-cf14-46a7-9363-a4124cb2d1ba","local_time":"20210130132442","is_ascension_mode":true,"campfire_choices":[{"data":"Vigilance","floor":6,"key":"SMITH"},{"floor":10,"key":"REST"}],"circlet_count":0,"master_deck":["Strike_P","Strike_P","Strike_P","Strike_P","Defend_P","Defend_P","Defend_P","Eruption","Vigilance+1","InnerPeace","EmptyMind","EmptyMind","FollowUp","FollowUp"],"relics":["PureWater","NeowsBlessing","Prayer Wheel","Toxic Egg 2"],"acts_visited":["Exordium"],"potions_floor_usage":[8],"damage_taken":[{"damage":0,"enemies":"2 Louse","floor":1,"turns":1},{"damage":0,"enemies":"Cultist","floor":4,"turns":1},{"damage":0,"enemies":"Jaw Worm","floor":5,"turns":1},{"damage":35,"enemies":"3 Sentries","floor":7,"turns":15},{"damage":5,"enemies":"Exordium Thugs","floor":8,"turns":4},{"damage":49,"enemies":"Gremlin Nob","floor":11,"turns":4}],"seed_played":"-8994437999232775841","potions_obtained":[{"floor":5,"key":"AttackPotion"}],"is_trial":false,"path_per_floor":["M","?","$","M","M","R","E","M","T","R","E"],"character_chosen":"WATCHER","items_purchased":[],"campfire_rested":1,"item_purchase_floors":[],"current_hp_per_floor":[72,65,65,65,65,65,30,25,25,46,0,0],"gold":239,"neow_bonus":"THREE_ENEMY_KILL","is_daily":false,"chose_seed":false,"campfire_upgraded":1,"win_rate":0.0,"timestamp":1612031082,"path_taken":["M","?","$","?","M","R","E","M","T","R","E"],"items_purchased_type":[],"build_version":"2020-12-22","purchased_purges":1,"victory":false,"max_hp_per_floor":[72,72,72,72,72,72,72,72,72,72,72,72],"card_choices":[{"not_picked":["CrushJoints","DeceiveReality"],"picked":"InnerPeace","floor":1},{"not_picked":["Wireheading","Perseverance"],"picked":"EmptyMind","floor":4},{"not_picked":["InnerPeace","SandsOfTime"],"picked":"EmptyMind","floor":5},{"not_picked":["InnerPeace","ForeignInfluence"],"picked":"FollowUp","floor":7},{"not_picked":["CutThroughFate","CarveReality"],"picked":"FollowUp","floor":8},{"not_picked":["FlyingSleeves","Evaluate","SashWhip"],"picked":"SKIP","floor":8}],"player_experience":203699,"relics_obtained":[{"floor":7,"key":"Prayer Wheel"},{"floor":9,"key":"Toxic Egg 2"}],"event_choices":[{"damage_healed":0,"gold_gain":75,"player_choice":"Touch","damage_taken":7,"max_hp_gain":0,"max_hp_loss":0,"event_name":"FaceTrader","floor":2,"gold_loss":0}],"is_beta":false,"boss_relics":[],"items_purged_floors":[3],"is_endless":false,"potions_floor_spawned":[5],"killed_by":"Gremlin Nob","ascension_level":1}}