{"host":"bxn2em57qlx5u4i0","time":1612001738,"event":{"mods":["BaseMod","Colored Map","Colored Powertips","Highlight Path","Minty Spire (QoL Compilation)","Random Character Button","Relic Sorter","Relic Stats","StSLib","SuperFastMode"],"gold_per_floor":[112,37,53,65,65,65,65,65],"floor_reached":7,"language":"ENG","playtime":126,"items_purged":["Strike_G"],"score":82,"play_id":"1f7ce61e-2bd8-46ca-a8f7-44bb50ced039","local_time":"20210130051538","is_ascension_mode":true,"campfire_choices":[{"data":"Dagger Spray","floor":6,"key":"SMITH"}],"circlet_count":0,"master_deck":["AscendersBane","Strike_G","Strike_G","Strike_G","Strike_G","Defend_G","Defend_G","Defend_G","Defend_G","Defend_G","Survivor","Neutralize","Dagger Spray+1","Infinite Blades","Cloak And Dagger","Pain"],"relics":["Ring of the Snake","Anchor","WarpedTongs"],"acts_visited":["Exordium"],"potions_floor_usage":[],"damage_taken":[{"damage":2,"enemies":"Jaw Worm","floor":1,"turns":5},{"damage":1,"enemies":"Cultist","floor":3,"turns":4},{"damage":1,"enemies":"Small Slimes","floor":4,"turns":3},{"damage":61,"enemies":"Gremlin Nob","floor":7,"turns":4}],"seed_played":"-8935470426676452616","potions_obtained":[],"is_trial":false,"path_per_floor":["M","$","M","M","?","R","E"],"character_chosen":"THE_SILENT","items_purchased":[],"campfire_rested":0,"item_purchase_floors":[],"current_hp_per_floor":[57,57,56,55,55,55,0,0],"gold":65,"neow_bonus":"RANDOM_COMMON_RELIC","is_daily":false,"chose_seed":false,"campfire_upgraded":1,"win_rate":0.0,"timestamp":1612001738,"path_taken":["M","$","M","M","?","R","E"],"items_purchased_type":[],"build_version":"2020-12-22","purchased_purges":1,"victory":false,"max_hp_per_floor":[66,66,66,66,66,66,66,66],"relic_stats":{"counters":[4,16],"obtain_stats":[{"Anchor":0,"Ring of the Snake":0,"WarpedTongs":5},{"Anchor":0,"Ring of the Snake":0,"WarpedTongs":3},{"Anchor":0,"Ring of the Snake":0,"WarpedTongs":12}],"Ring of the Snake":[8],"WarpedTongs":[4]},"card_choices":[{"not_picked":["Deadly Poison","Cloak And Dagger"],"picked":"Dagger Spray","floor":1},{"not_picked":["Cloak And Dagger","Escape Plan"],"picked":"Infinite Blades","floor":3},{"not_picked":["Catalyst","Cloak And Dagger","Riddle With Holes"],"picked":"SKIP","floor":4},{"not_picked":["Catalyst","Riddle With Holes"],"picked":"Cloak And Dagger","floor":4}],"player_experience":2961468,"relics_obtained":[],"event_choices":[{"damage_healed":0,"gold_gain":0,"player_choice":"Rummage","damage_taken":0,"relics_obtained":["WarpedTongs"],"max_hp_gain":0,"max_hp_loss":0,"event_name":"Accursed Blacksmith","floor":5,"gold_loss":0,"cards_obtained":["Pain"]}],"is_beta":false,"boss_relics":[],"items_purged_floors":[2],"is_endless":false,"potions_floor_spawned":[],"killed_by":"Gremlin Nob","ascension_level":20}}