{"host":"v0mw6c8s9jqyt2m0","time":1612043271,"event":{"mods":["Astrologer","BaseMod","Hermit","Marisa????????","Minty Spire (QoL Compilation)","StSLib","The Bug Knight","The Cursed","The Disciple","The Gatherer","The Hierophant","The Mystic","The Necromancer","The Servant 0.9.4","TheBandit"],"gold_per_floor":[117,130,143,157,175,201,220,246,246,260,276,288,298,310,310,411,411,411,411,411,411,231,231,184,184,184,184,184,184,184,184,184],"floor_reached":31,"language":"ENG","playtime":4949,"items_purged":[],"score":293,"play_id":"c8065be3-d177-411d-9a48-fc20d1b8557c","local_time":"20210130224751","is_ascension_mode":false,"campfire_choices":[{"data":"HollowMod:BaldurShell","floor":15,"key":"SMITH"},{"data":"HollowMod:Hiveblood","floor":23,"key":"SMITH"},{"data":"HollowMod:BaldurShell","floor":27,"key":"SMITH"},{"floor":29,"key":"REST"}],"circlet_count":0,"master_deck":["HollowMod:NailStrikeStart","HollowMod:NailStrikeStart","HollowMod:NailStrikeStart","HollowMod:NailStrikeStart","HollowMod:QuickDashStart","HollowMod:QuickDashStart","HollowMod:QuickDashStart","HollowMod:QuickDashStart","HollowMod:FocusHealStart","HollowMod:PogoStrike","HollowMod:SoulSplash","HollowMod:BaldurShell+1","HollowMod:DoubleDash","HollowMod:SiblingsSouls","HollowMod:CloakDash","HollowMod:ChannelNail","HollowMod:Hiveblood+1","HollowMod:CycloneSlash","HollowMod:MantisMark","HollowMod:SoulEater","HollowMod:GrimmsGift","HollowMod:AwokenDreamNail","HollowMod:ChannelNail","HollowMod:HeavyBlow","Mayhem","HollowMod:CornifersMapStart","HollowMod:BaldurShell+1","HollowMod:QuirrelsAssistance"],"relics":["HollowMod:VesselMask","Smiling Mask","Darkstone Periapt","Unceasing Top","Ectoplasm","Pen Nib","Happy Flower","Sundial"],"acts_visited":["Exordium","TheCity"],"potions_floor_usage":[6,6,8,13,16,16,28],"damage_taken":[{"damage":1,"enemies":"Cultist","floor":1,"turns":3},{"damage":3,"enemies":"Jaw Worm","floor":2,"turns":3},{"damage":0,"enemies":"2 Louse","floor":3,"turns":2},{"damage":4,"enemies":"Blue Slaver","floor":4,"turns":4},{"damage":6,"enemies":"Red Slaver","floor":5,"turns":5},{"damage":13,"enemies":"Lagavulin","floor":6,"turns":7},{"damage":8,"enemies":"3 Louse","floor":7,"turns":5},{"damage":1,"enemies":"3 Sentries","floor":8,"turns":11},{"damage":2,"enemies":"Looter","floor":10,"turns":3},{"damage":36,"enemies":"Large Slime","floor":11,"turns":9},{"damage":10,"enemies":"3 Louse","floor":12,"turns":9},{"damage":21,"enemies":"Gremlin Gang","floor":13,"turns":7},{"damage":15,"enemies":"Looter","floor":14,"turns":4},{"damage":91,"enemies":"Hexaghost","floor":16,"turns":16},{"damage":24,"enemies":"Spheric Guardian","floor":18,"turns":5},{"damage":17,"enemies":"Shell Parasite","floor":19,"turns":6},{"damage":20,"enemies":"Snake Plant","floor":20,"turns":5},{"damage":59,"enemies":"Gremlin Leader","floor":28,"turns":8},{"damage":50,"enemies":"Slavers","floor":30,"turns":13},{"damage":18,"enemies":"Cultist and Chosen","floor":31,"turns":4}],"seed_played":"-6802245813238266372","potions_obtained":[{"floor":2,"key":"Fire Potion"},{"floor":3,"key":"AttackPotion"},{"floor":7,"key":"Energy Potion"},{"floor":10,"key":"Dexterity Potion"},{"floor":11,"key":"SpeedPotion"},{"floor":12,"key":"DuplicationPotion"},{"floor":19,"key":"Strength Potion"}],"is_trial":false,"path_per_floor":["M","M","M","M","M","E","M","E","T","M","M","M","M","M","R","B",null,"M","M","M","?","$","R","$","?","T","R","E","R","E","M"],"character_chosen":"THE_BUGKNIGHT","items_purchased":["Mayhem","HollowMod:CornifersMapStart"],"campfire_rested":1,"item_purchase_floors":[22,24],"current_hp_per_floor":[81,78,78,80,79,72,70,79,79,77,66,80,81,82,82,18,82,71,69,55,39,39,39,39,39,39,39,13,39,14,0,0],"gold":184,"neow_bonus":"TEN_PERCENT_HP_BONUS","is_daily":false,"chose_seed":false,"campfire_upgraded":3,"win_rate":0.0,"timestamp":1612043271,"path_taken":["M","M","M","?","M","E","M","E","T","M","M","M","M","M","R","BOSS","M","M","M","?","$","R","$","?","T","R","E","R","E","M"],"items_purchased_type":["Card","Card"],"build_version":"2020-12-22","purchased_purges":0,"victory":false,"max_hp_per_floor":[82,82,82,82,82,82,82,82,82,82,82,82,82,82,82,82,82,82,82,82,87,87,87,87,87,87,87,87,87,87,87,87],"card_choices":[{"not_picked":["HollowMod:DashSlash","HollowMod:HeavyBlow"],"picked":"HollowMod:SoulSplash","floor":1},{"not_picked":["HollowMod:DescendingDark","HollowMod:WraithStrike"],"picked":"HollowMod:BaldurShell","floor":2},{"not_picked":["HollowMod:SiblingsShadow","HollowMod:FallenFury","HollowMod:CoiledNail"],"picked":"SKIP","floor":3},{"not_picked":["HollowMod:VengefulVoid","HollowMod:MothsMistake"],"picked":"HollowMod:DoubleDash","floor":4},{"not_picked":["HollowMod:ShadowDash","HollowMod:GrimmsGift"],"picked":"HollowMod:SiblingsSouls","floor":5},{"not_picked":["HollowMod:TaintedHusks","HollowMod:NewJinnsSoul"],"picked":"HollowMod:CloakDash","floor":6},{"not_picked":["HollowMod:SharpenedNail","HollowMod:BlackTendrils","HollowMod:InfectedCysts"],"picked":"SKIP","floor":7},{"not_picked":["HollowMod:SharpenedShadows","HollowMod:PureNailStrike"],"picked":"HollowMod:ChannelNail","floor":8},{"not_picked":["HollowMod:PureNailStrike","HollowMod:VengefulVoid"],"picked":"HollowMod:Hiveblood","floor":10},{"not_picked":["HollowMod:ChannelNail","HollowMod:ShadowDash"],"picked":"HollowMod:CycloneSlash","floor":11},{"not_picked":["HollowMod:LifebloodCocoon","HollowMod:DreamGate"],"picked":"HollowMod:MantisMark","floor":12},{"not_picked":["HollowMod:MidwifesHunger","HollowMod:LifebloodCocoon"],"picked":"HollowMod:SoulEater","floor":13},{"not_picked":["HollowMod:VengefulVoid","HollowMod:InfectedCysts"],"picked":"HollowMod:GrimmsGift","floor":14},{"not_picked":["HollowMod:ZotesMagnificence","HollowMod:VoidDash"],"picked":"HollowMod:AwokenDreamNail","floor":16},{"not_picked":["HollowMod:CornifersMapStart","HollowMod:NewJinnsSoul"],"picked":"HollowMod:ChannelNail","floor":18},{"not_picked":["HollowMod:DungDefenderAura","HollowMod:Grubsong"],"picked":"HollowMod:HeavyBlow","floor":19},{"not_picked":["HollowMod:DoubleDash","HollowMod:MothsMistake","HollowMod:SharpenedShadows"],"picked":"SKIP","floor":20},{"not_picked":["HollowMod:ZotesMagnificence","HollowMod:NewGlowingWomb+1"],"picked":"HollowMod:QuirrelsAssistance","floor":28},{"not_picked":["HollowMod:NewGlowingWomb+1","HollowMod:DreamGate","HollowMod:TaintedHusks"],"picked":"SKIP","floor":30}],"player_experience":138476,"relics_obtained":[{"floor":6,"key":"Smiling Mask"},{"floor":8,"key":"Darkstone Periapt"},{"floor":9,"key":"Unceasing Top"},{"floor":26,"key":"Pen Nib"},{"floor":28,"key":"Happy Flower"},{"floor":30,"key":"Sundial"}],"event_choices":[{"damage_healed":0,"gold_gain":0,"player_choice":"Shed Blood","damage_taken":21,"max_hp_gain":5,"max_hp_loss":0,"event_name":"Forgotten Altar","floor":21,"gold_loss":0},{"damage_healed":0,"gold_gain":0,"player_choice":"Read","damage_taken":0,"max_hp_gain":0,"max_hp_loss":0,"event_name":"The Library","floor":25,"gold_loss":0,"cards_obtained":["HollowMod:BaldurShell"]}],"is_beta":false,"boss_relics":[{"not_picked":["Empty Cage","Velvet Choker"],"picked":"Ectoplasm"}],"items_purged_floors":[],"is_endless":false,"potions_floor_spawned":[2,3,7,10,11,12,19],"killed_by":"Cultist and Chosen","ascension_level":0}}