{"host":"d85gwtocd8go8gx0","time":1612042625,"event":{"mods":["AchievementEnabler","BaseMod","Better Altar","Better Skull","Better Third Choice","Block Reminder","Colored Powertips","Curses Come First","Dark Map","Filter the Spire","Highlight Path","Minty Spire (QoL Compilation)","Permanent Neow","Quick Restart","Shop Mod","StSLib","SuperFastMode","UnlockEverythingMod"],"gold_per_floor":[119,136,61,61,81,114,114,143,221,238,269,280,295,239,239,318,318,330,345,6,6,6,41,55,84,107,117,134,49,68,95,95,168,168,183,193,206,206,217,243,243,269,269,294,329,34,44,70,70,70,70],"floor_reached":52,"language":"ENG","playtime":3345,"items_purged":["Strike_P","Doubt"],"score":2333,"play_id":"ccba68d1-b776-4020-8735-79c98641af16","local_time":"20210130133705","is_ascension_mode":true,"campfire_choices":[{"floor":15.0,"key":"REST"},{"floor":32.0,"key":"REST"},{"floor":41.0,"key":"REST"},{"floor":49.0,"key":"REST"}],"circlet_count":0,"master_deck":["AscendersBane","Strike_P+1","Strike_P+1","Strike_P+1","Defend_P+1","Defend_P+1","Defend_P+1","Eruption","Vigilance","SashWhip","Consecrate","CrushJoints","CrushJoints","Halt+1","FearNoEvil","EmptyBody+1","Perseverance","Devotion","SashWhip","Consecrate+1","Flash of Steel","RitualDagger","ClearTheMind","CutThroughFate","FlyingSleeves","Halt","CrushJoints+1","Worship","Wireheading","Alpha","Wallop","Fasting2"],"relics":["Runic Pyramid","Thread and Needle","Damaru","Akabeko","Kunai","Torii","Busted Crown","Art of War","Bag of Marbles","War Paint","Centennial Puzzle","Strawberry","Smiling Mask","Cursed Key","White Beast Statue","Potion Belt","HornCleat","Pocketwatch","Nunchaku","OrangePellets","StoneCalendar"],"acts_visited":["Exordium","TheCity","TheBeyond"],"potions_floor_usage":[51],"damage_taken":[{"damage":0.0,"enemies":"Cultist","floor":1.0,"turns":2.0},{"damage":4.0,"enemies":"Small Slimes","floor":2.0,"turns":3.0},{"damage":8.0,"enemies":"Jaw Worm","floor":5.0,"turns":2.0},{"damage":8.0,"enemies":"3 Sentries","floor":6.0,"turns":8.0},{"damage":12.0,"enemies":"Gremlin Nob","floor":8.0,"turns":3.0},{"damage":0.0,"enemies":"Large Slime","floor":10.0,"turns":2.0},{"damage":0.0,"enemies":"3 Sentries","floor":11.0,"turns":5.0},{"damage":1.0,"enemies":"3 Louse","floor":12.0,"turns":3.0},{"damage":0.0,"enemies":"Exordium Wildlife","floor":13.0,"turns":2.0},{"damage":10.0,"enemies":"The Guardian","floor":16.0,"turns":10.0},{"damage":2.0,"enemies":"3 Byrds","floor":18.0,"turns":5.0},{"damage":0.0,"enemies":"Chosen","floor":19.0,"turns":3.0},{"damage":10.0,"enemies":"Slavers","floor":23.0,"turns":5.0},{"damage":7.0,"enemies":"Centurion and Healer","floor":24.0,"turns":4.0},{"damage":11.0,"enemies":"Book of Stabbing","floor":25.0,"turns":4.0},{"damage":0.0,"enemies":"3 Cultists","floor":27.0,"turns":3.0},{"damage":0.0,"enemies":"Cultist and Chosen","floor":28.0,"turns":4.0},{"damage":0.0,"enemies":"Snake Plant","floor":30.0,"turns":2.0},{"damage":0.0,"enemies":"Slavers","floor":31.0,"turns":2.0},{"damage":0.0,"enemies":"Automaton","floor":33.0,"turns":6.0},{"damage":1.0,"enemies":"3 Darklings","floor":35.0,"turns":4.0},{"damage":7.0,"enemies":"Orb Walker","floor":36.0,"turns":3.0},{"damage":1.0,"enemies":"3 Darklings","floor":37.0,"turns":5.0},{"damage":0.0,"enemies":"Jaw Worm Horde","floor":39.0,"turns":3.0},{"damage":24.0,"enemies":"Giant Head","floor":40.0,"turns":6.0},{"damage":1.0,"enemies":"Reptomancer","floor":42.0,"turns":2.0},{"damage":0.0,"enemies":"Mind Bloom Boss Battle","floor":44.0,"turns":5.0},{"damage":9.0,"enemies":"Giant Head","floor":45.0,"turns":6.0},{"damage":16.0,"enemies":"Writhing Mass","floor":47.0,"turns":3.0},{"damage":0.0,"enemies":"Reptomancer","floor":48.0,"turns":4.0},{"damage":22.0,"enemies":"Time Eater","floor":50.0,"turns":5.0},{"damage":14,"enemies":"Awakened One","floor":51,"turns":10}],"seed_played":"6757527648266740052","potions_obtained":[{"floor":1.0,"key":"Block Potion"},{"floor":5.0,"key":"Fire Potion"},{"floor":23.0,"key":"DistilledChaos"},{"floor":27.0,"key":"CultistPotion"},{"floor":31.0,"key":"SpeedPotion"},{"floor":42.0,"key":"DuplicationPotion"},{"floor":44.0,"key":"PowerPotion"},{"floor":45.0,"key":"EssenceOfSteel"},{"floor":47.0,"key":"GamblersBrew"},{"floor":48.0,"key":"StancePotion"}],"is_trial":false,"path_per_floor":["M","M","?","T","M","E","?","E","T","M","E","M","M","?","R","B",null,"M","M","$","?","?","E","M","E","T","M","M","?","M","E","R","B",null,"M","M","M","?","M","E","R","E","T","?","E","$","M","E","R","B","B",null],"character_chosen":"WATCHER","items_purchased":["Flash of Steel","Art of War","Fasting2","OrangePellets"],"campfire_rested":4,"item_purchase_floors":[20,20,46,46],"current_hp_per_floor":[61,57,57,57,49,41,41,29,29,29,29,28,28,28,48,38,61,59,59,59,53,53,43,36,25,25,25,25,32,32,32,54,54,70,69,62,61,61,61,37,59,58,58,58,49,49,33,33,55,33,19],"gold":70,"neow_bonus":"BOSS_RELIC","is_daily":false,"chose_seed":false,"campfire_upgraded":0,"win_rate":0.0,"timestamp":1612042625,"path_taken":["M","?","?","?","M","E","?","E","T","M","E","M","M","?","R","BOSS","M","M","$","?","?","E","M","E","T","M","M","?","M","E","R","BOSS","M","M","M","?","M","E","R","E","T","?","E","$","M","E","R","BOSS","BOSS"],"items_purchased_type":["Card","Relic","Card","Relic"],"build_version":"2020-12-22","purchased_purges":2,"victory":true,"max_hp_per_floor":[68,68,68,68,68,68,68,68,68,68,68,68,68,68,68,68,68,68,68,68,68,68,68,68,68,68,68,68,75,75,75,75,75,75,75,75,75,75,75,75,75,75,75,75,75,75,75,75,75,75,75],"card_choices":[{"not_picked":["Wireheading","LikeWater"],"picked":"SashWhip","floor":1.0},{"not_picked":["Collect","JustLucky"],"picked":"Consecrate","floor":2.0},{"not_picked":["SandsOfTime","WindmillStrike"],"picked":"CrushJoints","floor":5.0},{"not_picked":["Study","Wireheading"],"picked":"CrushJoints","floor":6.0},{"not_picked":["BowlingBash","Adaptation"],"picked":"Halt","floor":8.0},{"not_picked":["Meditate","SashWhip"],"picked":"EmptyFist","floor":10.0},{"not_picked":["EmptyFist","PathToVictory"],"picked":"FearNoEvil","floor":11.0},{"not_picked":["CarveReality","CrushJoints"],"picked":"EmptyBody","floor":12.0},{"not_picked":["Wireheading","EmptyFist"],"picked":"Perseverance","floor":13.0},{"not_picked":["MasterReality","Ragnarok"],"picked":"Devotion","floor":16.0},{"not_picked":[],"picked":"SashWhip","floor":18.0},{"not_picked":[],"picked":"Consecrate+1","floor":19.0},{"not_picked":["Evaluate"],"picked":"SKIP","floor":23.0},{"not_picked":[],"picked":"ClearTheMind","floor":24.0},{"not_picked":[],"picked":"CutThroughFate","floor":25.0},{"not_picked":[],"picked":"FlyingSleeves","floor":27.0},{"not_picked":[],"picked":"Halt","floor":28.0},{"not_picked":[],"picked":"CrushJoints+1","floor":30.0},{"not_picked":[],"picked":"Worship","floor":31.0},{"not_picked":["EmptyBody"],"picked":"SKIP","floor":35.0},{"not_picked":["PathToVictory"],"picked":"SKIP","floor":36.0},{"not_picked":[],"picked":"Wireheading","floor":37.0},{"not_picked":["ClearTheMind"],"picked":"SKIP","floor":39.0},{"not_picked":[],"picked":"Alpha","floor":40.0},{"not_picked":["Meditate"],"picked":"SKIP","floor":42.0},{"not_picked":[],"picked":"Wallop","floor":45.0},{"not_picked":["TalkToTheHand"],"picked":"SKIP","floor":47.0},{"not_picked":["PathToVictory"],"picked":"SKIP","floor":48.0}],"player_experience":21809,"relics_obtained":[{"floor":4.0,"key":"Thread and Needle"},{"floor":6.0,"key":"Damaru"},{"floor":8.0,"key":"Akabeko"},{"floor":9.0,"key":"Kunai"},{"floor":11.0,"key":"Torii"},{"floor":23.0,"key":"Bag of Marbles"},{"floor":25.0,"key":"War Paint"},{"floor":26.0,"key":"Centennial Puzzle"},{"floor":31.0,"key":"Smiling Mask"},{"floor":40.0,"key":"White Beast Statue"},{"floor":42.0,"key":"Potion Belt"},{"floor":43.0,"key":"HornCleat"},{"floor":44.0,"key":"Pocketwatch"},{"floor":45.0,"key":"Nunchaku"},{"floor":48.0,"key":"StoneCalendar"}],"event_choices":[{"cards_removed":["Defend_P"],"damage_healed":0.0,"max_hp_gain":0.0,"max_hp_loss":0.0,"gold_gain":0.0,"event_name":"The Cleric","player_choice":"Card Removal","floor":3.0,"gold_loss":75.0,"damage_taken":0.0},{"damage_healed":41.0,"max_hp_gain":0.0,"max_hp_loss":68.0,"gold_gain":0.0,"event_name":"betterThird:BetterShining","player_choice":"Leave","floor":7.0,"gold_loss":0.0,"damage_taken":0.0},{"damage_healed":0.0,"max_hp_gain":0.0,"max_hp_loss":0.0,"gold_gain":0.0,"event_name":"betterThird:BetterGoop","player_choice":"Left","floor":14.0,"gold_loss":56.0,"damage_taken":0.0},{"damage_healed":0.0,"max_hp_gain":0.0,"max_hp_loss":0.0,"gold_gain":0.0,"event_name":"betterThird:BetterNest","player_choice":"Dagger","floor":21.0,"gold_loss":0.0,"damage_taken":6.0,"cards_obtained":["RitualDagger"]},{"damage_healed":0.0,"max_hp_gain":0.0,"max_hp_loss":6.0,"gold_gain":0.0,"event_name":"betterThird:BetterWriting","player_choice":"Simplicity","floor":22.0,"gold_loss":0.0,"damage_taken":0.0},{"damage_healed":0.0,"max_hp_gain":0.0,"max_hp_loss":0.0,"gold_gain":0.0,"event_name":"Addict","player_choice":"Obtained Relic","floor":29.0,"gold_loss":85.0,"damage_taken":0.0,"relics_obtained":["Strawberry"]},{"cards_removed":["EmptyFist"],"damage_healed":0.0,"max_hp_gain":0.0,"max_hp_loss":0.0,"gold_gain":0.0,"event_name":"Falling","player_choice":"Removed Attack","floor":38.0,"gold_loss":0.0,"damage_taken":0.0},{"damage_healed":0.0,"max_hp_gain":0.0,"max_hp_loss":0.0,"gold_gain":0.0,"event_name":"MindBloom","player_choice":"Fight","floor":44.0,"gold_loss":0.0,"damage_taken":0.0}],"is_beta":false,"boss_relics":[{"not_picked":["Astrolabe","Runic Dome"],"picked":"Busted Crown"},{"not_picked":["Pandora\u0027s Box","Fusion Hammer"],"picked":"Cursed Key"}],"items_purged_floors":[20,46],"is_endless":false,"potions_floor_spawned":[1,5,8,10,18,23,27,30,31,37,39,42,44,45,47,48],"ascension_level":20}}