{"host":"w2kjv12xyhtt0cv2","time":1612027093,"event":{"mods":["Act Like it!","BaseMod","Colored Map","Friendly Minions","Gensokyo","GifTheSpireLib","Highlight Path","Hubris","Kiyohime（清姬）","Marisa（F雨　魔理沙）","Minty Spire (QoL Compilation)","Quick Restart","Reimu（博丽灵梦）","Relic Stats","Replay The Spire","RumiaBox-露米娅的神秘盒子","Shop Mod","Spicy Shops","StSLib","The Cursed","The Servant 0.9.4","UnlockEverythingMod","Waifu the Spire","[功能]功能增强和修复MOD","vexMod","【功能Mod】Neow奖励","【遗物卡牌】REMEMod","没有小屋子和绿帽子啦"],"gold_per_floor":[119,134,154,164,37,70,70,84,84,84,118,21,21,57,57,176,176,191,49,49,49,49,49,92,110,180,224,224,267,281,322,322,447,447,470,470,483,389,389,430,479,522,571,609,609,609,269,282,282,282,282,282,421,459,459],"floor_reached":56,"language":"ZHS","playtime":2667,"items_purged":["TheCursedMod:Strike_TheCursed"],"score":3012,"play_id":"f754ece0-3caa-4a0f-a876-81c264495421","local_time":"20210131011813","is_ascension_mode":true,"campfire_choices":[{"data":"TheCursedMod:LuckyCharm","floor":15.0,"key":"SMITH"},{"data":"TheCursedMod:LuckyCharm","floor":23.0,"key":"SMITH"},{"data":"TheCursedMod:NeowsMight","floor":28.0,"key":"SMITH"},{"data":"TheCursedMod:CleanUpWorkshop","floor":32.0,"key":"SMITH"},{"floor":46.0,"key":"RECALL"},{"data":"ReplayTheSpireMod:Uncanny Aura","floor":49.0,"key":"SMITH"},{"data":"TheCursedMod:SpitefulPray","floor":52.0,"key":"SMITH"}],"circlet_count":0,"master_deck":["AscendersBane","TheCursedMod:CursedWand","TheCursedMod:CleanUpWorkshop+1","TheCursedMod:VoidForm+1","TheCursedMod:SoulReap+1","TheCursedMod:SpitefulPlan","TheCursedMod:SpitefulPray+1","TheCursedMod:LuckyCharm+1","TheCursedMod:SpitefulStrike+1","TheCursedMod:NeowsMight+1","TheCursedMod:WearCloak+1","TheCursedMod:CursedRelics+1","TheCursedMod:StingEye+1","TheCursedMod:RapidMovement","TheCursedMod:LuckyCharm+1","TheCursedMod:AbyssShockwave+1","TheCursedMod:SurpriseAttack+1","TheCursedMod:LuckyCharm+1","Spreading Infection","TheCursedMod:CursedAmulet+1","TheCursedMod:RapidMovement+1","TheCursedMod:ShockAndAwe+1","ReplayTheSpireMod:Uncanny Aura+1","TheCursedMod:SpitefulPlan","TheCursedMod:Stigma+1","TheCursedMod:Stretching+1"],"relics":["REME_ComplimentaryCards","RedLine:ReiMu","Membership Card","Dead Branch","HornCleat","hubris:Icosahedron","vexMod:FocusSash","MagicDraw1","Golden Idol","Mastiff:ReiMu","Guide Book","Molten Egg 2","Astrolabe","Lantern","MutagenicStrength","FossilizedHelix","StrikeDummy","Tiny Chest","hubris:GlazedTorus","Kintsugi","hubris:Towel","Replay:Rubber Ducky","SSSystem","Mirror","Pen Nib","Ginger","ReplayTheSpireMod:Ninjato","REME_OnlineShoppingPlatform","Vajra","REME_CardOfGreed","Nunchaku","Anchor","hubris:NiceRug","Oddly Smooth Stone","Replay:Baseball","ClockworkSouvenir","hubris:SphereOfDissonance","hubris:ToyBattleship","OrangePellets","Bronze Scales"],"acts_visited":["Exordium","TheCity","TheBeyond","TheEnding"],"potions_floor_usage":[],"damage_taken":[{"damage":1.0,"enemies":"Cultist","floor":1.0,"turns":3.0},{"damage":7.0,"enemies":"2 Louse","floor":2.0,"turns":3.0},{"damage":15.0,"enemies":"Jaw Worm","floor":3.0,"turns":6.0},{"damage":13.0,"enemies":"Blue Slaver","floor":4.0,"turns":6.0},{"damage":11.0,"enemies":"Lagavulin","floor":6.0,"turns":8.0},{"damage":17.0,"enemies":"3 Sentries","floor":8.0,"turns":11.0},{"damage":2.0,"enemies":"Lagavulin","floor":11.0,"turns":6.0},{"damage":21.0,"enemies":"Gremlin Nob","floor":14.0,"turns":4.0},{"damage":2.0,"enemies":"Hexaghost","floor":16.0,"turns":5.0},{"damage":0.0,"enemies":"Chosen","floor":18.0,"turns":2.0},{"damage":0.0,"enemies":"Book of Stabbing","floor":24.0,"turns":4.0},{"damage":0.0,"enemies":"Shell Parasite","floor":25.0,"turns":1.0},{"damage":6.0,"enemies":"Replay:Snechameleon","floor":27.0,"turns":2.0},{"damage":0.0,"enemies":"REME_1_Revenger","floor":29.0,"turns":2.0},{"damage":0.0,"enemies":"3 Cultists","floor":30.0,"turns":2.0},{"damage":0.0,"enemies":"Book of Stabbing","floor":31.0,"turns":2.0},{"damage":0.0,"enemies":"Pondfish","floor":33.0,"turns":4.0},{"damage":2.0,"enemies":"3 Shapes","floor":35.0,"turns":1.0},{"damage":0.0,"enemies":"Orb Walker","floor":37.0,"turns":2.0},{"damage":3.0,"enemies":"R_Hoarder","floor":40.0,"turns":5.0},{"damage":0.0,"enemies":"Nemesis","floor":42.0,"turns":3.0},{"damage":0.0,"enemies":"Reptomancer","floor":44.0,"turns":1.0},{"damage":0.0,"enemies":"Sphere and 2 Shapes","floor":48.0,"turns":1.0},{"damage":0.0,"enemies":"Time Eater","floor":50.0,"turns":6.0},{"damage":0.0,"enemies":"hubris:Merchant","floor":53.0,"turns":4.0},{"damage":9,"enemies":"Shield and Spear","floor":54,"turns":1},{"damage":0,"enemies":"The Heart","floor":55,"turns":4}],"seed_played":"-1277280151153086610","potions_obtained":[{"floor":2.0,"key":"SkillPotion"},{"floor":4.0,"key":"GrandPatriotsElixir:ReiMu"},{"floor":14.0,"key":"MagicPotion:ReiMu"}],"is_trial":false,"path_per_floor":["M","M","M","M","$","E","?","E","T","?","E","$","?","E","R","B",null,"M","$","?","?","?","R","E","M","T","E","R","E","M","E","R","B",null,"M","?","M","$","?","E","T","E","T","E","?","R","$","M","R","B",null,"R","$","E","B",null],"character_chosen":"THE_CURSED","items_purchased":["Membership Card","Dead Branch","TheCursedMod:LuckyCharm","Guide Book","Lantern","TheCursedMod:RapidMovement","TheCursedMod:LuckyCharm","TheCursedMod:ShockAndAwe+1","ReplayTheSpireMod:Ninjato","ReplayTheSpireMod:Uncanny Aura","REME_OnlineShoppingPlatform","Vajra","REME_CardOfGreed","Nunchaku","Anchor","TheCursedMod:SpitefulPlan"],"campfire_rested":0,"item_purchase_floors":[5,5,12,12,19,19,19,38,47,47,47,47,53,53,53,53],"current_hp_per_floor":[67,60,61,48,48,37,37,55,55,55,53,53,53,32,32,49,64,69,69,69,69,69,69,69,69,69,63,63,69,69,69,69,69,69,67,67,69,69,69,66,66,66,66,69,79,79,79,79,79,79,79,79,79,73,73],"gold":459,"neow_bonus":"BOSS_RELIC","is_daily":false,"chose_seed":false,"campfire_upgraded":6,"win_rate":0.0,"timestamp":1612027093,"path_taken":["M","?","?","M","$","E","?","E","T","?","E","?","?","E","R","BOSS","M","$","?","?","?","R","E","M","T","E","R","E","M","E","R","BOSS","M","?","?","$","?","E","?","E","T","E","?","R","$","?","R","BOSS","R","$","E","BOSS"],"items_purchased_type":["Relic","Relic","Card","Relic","Relic","Card","Card","Card","Relic","Card","Relic","Relic","Relic","Relic","Relic","Card"],"build_version":"2020-12-22","purchased_purges":1,"victory":true,"max_hp_per_floor":[75,75,75,75,75,75,75,75,75,69,69,69,69,69,69,69,69,69,69,69,69,69,69,69,69,69,69,69,69,69,69,69,69,69,69,69,69,69,69,69,69,69,69,69,79,79,79,79,79,79,79,79,79,79,79],"relic_stats":{"OrangePellets":[1],"Nunchaku":[2],"counters":[27,99],"Golden Idol":427,"Dead Branch":[183],"Astrolabe":["TheCursedMod:WearCloak","TheCursedMod:CircleOfFlame","TheCursedMod:CursedRelics"],"Bronze Scales":[48],"Tiny Chest":1,"Pen Nib":[4],"Ginger":[2],"obtain_stats":[{"Lantern":19,"SSSystem":41,"Vajra":47,"Ginger":44,"RedLine:ReiMu":0,"MagicDraw1":9,"Replay:Rubber Ducky":40,"ClockworkSouvenir":53,"Nunchaku":53,"HornCleat":6,"hubris:Icosahedron":7,"Mastiff:ReiMu":11,"Tiny Chest":29,"REME_OnlineShoppingPlatform":47,"hubris:GlazedTorus":31,"TheCursedMod:BlackMagic101":0,"ReplayTheSpireMod:Ninjato":47,"Golden Idol":10,"Dead Branch":5,"Guide Book":12,"Astrolabe":17,"Oddly Smooth Stone":53,"hubris:SphereOfDissonance":53,"Pen Nib":43,"vexMod:FocusSash":8,"hubris:Towel":39,"OrangePellets":53,"Anchor":53,"Replay:Baseball":53,"MutagenicStrength":20,"Bronze Scales":54,"Molten Egg 2":14,"hubris:ToyBattleship":53,"Membership Card":5,"REME_CardOfGreed":53,"Kintsugi":34,"StrikeDummy":27,"Mirror":42,"FossilizedHelix":24,"REME_ComplimentaryCards":0,"hubris:NiceRug":53},{"Lantern":10,"SSSystem":20,"Vajra":22,"Ginger":22,"RedLine:ReiMu":0,"MagicDraw1":6,"Replay:Rubber Ducky":20,"ClockworkSouvenir":25,"Nunchaku":24,"HornCleat":5,"hubris:Icosahedron":5,"Mastiff:ReiMu":7,"Tiny Chest":14,"REME_OnlineShoppingPlatform":22,"hubris:GlazedTorus":16,"TheCursedMod:BlackMagic101":0,"ReplayTheSpireMod:Ninjato":22,"Golden Idol":6,"Dead Branch":4,"Guide Book":7,"Astrolabe":9,"Oddly Smooth Stone":25,"hubris:SphereOfDissonance":25,"Pen Nib":21,"vexMod:FocusSash":6,"hubris:Towel":19,"OrangePellets":25,"Anchor":24,"Replay:Baseball":25,"MutagenicStrength":10,"Bronze Scales":26,"Molten Egg 2":8,"hubris:ToyBattleship":25,"Membership Card":4,"REME_CardOfGreed":24,"Kintsugi":17,"StrikeDummy":13,"Mirror":21,"FossilizedHelix":11,"REME_ComplimentaryCards":0,"hubris:NiceRug":25},{"Lantern":54,"SSSystem":79,"Vajra":83,"Ginger":83,"RedLine:ReiMu":0,"MagicDraw1":37,"Replay:Rubber Ducky":79,"ClockworkSouvenir":94,"Nunchaku":90,"HornCleat":26,"hubris:Icosahedron":26,"Mastiff:ReiMu":43,"Tiny Chest":63,"REME_OnlineShoppingPlatform":83,"hubris:GlazedTorus":67,"TheCursedMod:BlackMagic101":0,"ReplayTheSpireMod:Ninjato":83,"Golden Idol":37,"Dead Branch":18,"Guide Book":43,"Astrolabe":52,"Oddly Smooth Stone":94,"hubris:SphereOfDissonance":94,"Pen Nib":82,"vexMod:FocusSash":37,"hubris:Towel":74,"OrangePellets":94,"Anchor":90,"Replay:Baseball":94,"MutagenicStrength":54,"Bronze Scales":95,"Molten Egg 2":47,"hubris:ToyBattleship":94,"Membership Card":18,"REME_CardOfGreed":90,"Kintsugi":71,"StrikeDummy":61,"Mirror":82,"FossilizedHelix":58,"REME_ComplimentaryCards":0,"hubris:NiceRug":94}]},"card_choices":[{"not_picked":["TheCursedMod:Obscuration","TheCursedMod:Stretching"],"picked":"TheCursedMod:SoulReap","floor":1.0},{"not_picked":["TheCursedMod:Wield","TheCursedMod:CircleOfBlood"],"picked":"TheCursedMod:SpitefulPlan","floor":2.0},{"not_picked":["TheCursedMod:CursedShiv","TheCursedMod:Stigma","TheCursedMod:DoubleShield"],"picked":"SKIP","floor":3.0},{"not_picked":["TheCursedMod:Grudge","TheCursedMod:UltimatePain","TheCursedMod:CircleOfBlood"],"picked":"SKIP","floor":4.0},{"not_picked":["TheCursedMod:AshesToAshes","TheCursedMod:FuryStrike","TheCursedMod:UltimatePain"],"picked":"SKIP","floor":6.0},{"not_picked":["TheCursedMod:Torture","TheCursedMod:CursedBlade"],"picked":"TheCursedMod:SpitefulPray","floor":8.0},{"not_picked":["TheCursedMod:Stretching","TheCursedMod:ForbiddenAlchemy","TheCursedMod:BlessingInDisguise"],"picked":"SKIP","floor":11.0},{"not_picked":["TheCursedMod:ManaBullet+1","TheCursedMod:RavingStaff+1"],"picked":"TheCursedMod:SpitefulStrike+1","floor":14.0},{"not_picked":["TheCursedMod:DemonicPact","TheCursedMod:DarkBarrier"],"picked":"TheCursedMod:NeowsMight","floor":16.0},{"not_picked":["TheCursedMod:CursedBlade+1","TheCursedMod:ReleasedKnowledge"],"picked":"TheCursedMod:StingEye+1","floor":18.0},{"not_picked":["TheCursedMod:CursedBoomerang+1","TheCursedMod:SpreadPlague"],"picked":"TheCursedMod:AbyssShockwave+1","floor":24.0},{"not_picked":["TheCursedMod:CursedBlade+1","TheCursedMod:DoubleShield+1","TheCursedMod:FleshFromBone+1"],"picked":"SKIP","floor":25.0},{"not_picked":["TheCursedMod:CursedShiv+1","TheCursedMod:ShockAndAwe+1"],"picked":"TheCursedMod:SurpriseAttack+1","floor":27.0},{"not_picked":["TheCursedMod:ManaBullet+1","TheCursedMod:ReleasedStrength","TheCursedMod:SmokeScreen+1"],"picked":"SKIP","floor":29.0},{"not_picked":["TheCursedMod:CircleOfCorruption","TheCursedMod:CircleOfWindfury","TheCursedMod:CircleOfFlame+1"],"picked":"SKIP","floor":30.0},{"not_picked":["TheCursedMod:Torture","TheCursedMod:WearCloak"],"picked":"TheCursedMod:LuckyCharm+1","floor":31.0},{"not_picked":["TheCursedMod:CircleOfAbyss","TheCursedMod:ManaCirculation"],"picked":"TheCursedMod:ShockAndAwe+1","floor":33.0},{"not_picked":["TheCursedMod:Torture","TheCursedMod:CursedShiv+1"],"picked":"TheCursedMod:CursedAmulet+1","floor":35.0},{"not_picked":["TheCursedMod:CursedShiv+1","TheCursedMod:CursedBlade+1"],"picked":"TheCursedMod:RapidMovement+1","floor":37.0},{"not_picked":["TheCursedMod:CursedBoomerang+1","TheCursedMod:VitalStrike+1","TheCursedMod:Torture"],"picked":"SKIP","floor":40.0},{"not_picked":["TheCursedMod:Stretching+1","TheCursedMod:FleshFromBone","TheCursedMod:CircleOfFlame+1"],"picked":"SKIP","floor":42.0},{"not_picked":["TheCursedMod:SmokeScreen+1","TheCursedMod:ManaCirculation","TheCursedMod:ParallelWorld"],"picked":"SKIP","floor":44.0},{"not_picked":["TheCursedMod:TacticalStrike+1","TheCursedMod:ReleasedStrength","TheCursedMod:Obscuration+1"],"picked":"SKIP","floor":48.0},{"not_picked":[],"picked":"TheCursedMod:Stigma+1","floor":53},{"not_picked":["TheCursedMod:Mangle+1"],"picked":"SKIP","floor":53},{"not_picked":["TheCursedMod:ForbiddenAlchemy"],"picked":"SKIP","floor":53},{"not_picked":["TheCursedMod:CursedArmor"],"picked":"SKIP","floor":53},{"not_picked":["TheCursedMod:DemonicPact"],"picked":"SKIP","floor":53},{"not_picked":["Good Instincts"],"picked":"SKIP","floor":53},{"not_picked":["REME_EyeOfCthun+1"],"picked":"SKIP","floor":53},{"not_picked":["TheCursedMod:TacticalStrike+1","TheCursedMod:AshesToAshes+1"],"picked":"TheCursedMod:Stretching+1","floor":54}],"player_experience":255857,"relics_obtained":[{"floor":6.0,"key":"HornCleat"},{"floor":8.0,"key":"vexMod:FocusSash"},{"floor":9.0,"key":"MagicDraw1"},{"floor":11.0,"key":"Mastiff:ReiMu"},{"floor":14.0,"key":"Molten Egg 2"},{"floor":24.0,"key":"FossilizedHelix"},{"floor":27.0,"key":"StrikeDummy"},{"floor":29.0,"key":"Tiny Chest"},{"floor":31.0,"key":"hubris:GlazedTorus"},{"floor":40.0,"key":"Replay:Rubber Ducky"},{"floor":41.0,"key":"SSSystem"},{"floor":42.0,"key":"Mirror"},{"floor":43.0,"key":"Pen Nib"},{"floor":44.0,"key":"Ginger"},{"floor":53,"key":"Oddly Smooth Stone"},{"floor":53,"key":"Replay:Baseball"},{"floor":53,"key":"ClockworkSouvenir"},{"floor":53,"key":"hubris:SphereOfDissonance"},{"floor":53,"key":"hubris:ToyBattleship"},{"floor":53,"key":"OrangePellets"},{"floor":54,"key":"Bronze Scales"}],"event_choices":[{"damage_healed":0.0,"max_hp_gain":0.0,"max_hp_loss":6.0,"gold_gain":0.0,"event_name":"Golden Idol","player_choice":"Lose Max HP","floor":10.0,"gold_loss":0.0,"damage_taken":0.0,"relics_obtained":["Golden Idol"]},{"cards_removed":["Decay","TheCursedMod:Dregs"],"damage_healed":0.0,"max_hp_gain":0.0,"max_hp_loss":0.0,"gold_gain":0.0,"event_name":"Fountain of Cleansing","player_choice":"Removed Curses","floor":13.0,"gold_loss":0.0,"damage_taken":0.0},{"damage_healed":0.0,"max_hp_gain":0.0,"max_hp_loss":0.0,"gold_gain":0.0,"event_name":"Drug Dealer","player_choice":"Inject Mutagens","floor":20.0,"gold_loss":0.0,"damage_taken":0.0,"relics_obtained":["MutagenicStrength"]},{"cards_removed":["ReplayTheSpireMod:Splinters"],"damage_healed":0.0,"max_hp_gain":0.0,"max_hp_loss":0.0,"gold_gain":0.0,"event_name":"Wheel of Change","player_choice":"Card Removal","floor":36.0,"gold_loss":0.0,"damage_taken":0.0},{"cards_removed":["TheCursedMod:ShockAndAwe"],"damage_healed":0.0,"max_hp_gain":10.0,"max_hp_loss":0.0,"gold_gain":0.0,"event_name":"Bonfire Elementals","player_choice":"Offered Rare","floor":45.0,"gold_loss":0.0,"damage_taken":0.0}],"is_beta":false,"boss_relics":[{"not_picked":["vexMod:CursedCompass","vexMod:MegatonBomb"],"picked":"Astrolabe"},{"not_picked":["hubris:BlackHole","hubris:HollowSoul"],"picked":"Kintsugi"}],"items_purged_floors":[5],"is_endless":false,"potions_floor_spawned":[2,4,14,16,18,24,33,35,37,37,42,54],"ascension_level":11}}