{"host":"7nm1ow5v9mg4ehcw","time":1612050417,"event":{"mods":["BaseMod","Minty Spire (QoL Compilation)","Relic Stats","StSLib"],"gold_per_floor":[117,117,136,136,150,176,176,15,15,15,45,45,45,73,73,148,148,165,185,155,26,40,40,66,81,105,105,131,131,74,108,108,180,180,192,7,53,53,53,53,80,94,94,126,37,65,77,106,118,130,142,154,57,85,85],"floor_reached":56,"language":"ENG","playtime":2630,"items_purged":["Strike_R","Strike_R"],"score":2260,"play_id":"38a347d3-b8f6-4c27-9c3c-2e177e74c478","local_time":"20210131004657","is_ascension_mode":true,"campfire_choices":[{"floor":7,"key":"REST"},{"data":"Bash","floor":10,"key":"SMITH"},{"floor":13,"key":"REST"},{"floor":15,"key":"REST"},{"data":"Flex","floor":23,"key":"SMITH"},{"data":"Limit Break","floor":27,"key":"SMITH"},{"data":"Flex","floor":29,"key":"SMITH"},{"data":"Disarm","floor":32,"key":"SMITH"},{"floor":40,"key":"RECALL"},{"floor":47,"key":"REST"},{"floor":49,"key":"REST"},{"floor":52,"key":"REST"}],"circlet_count":0,"master_deck":["AscendersBane","Strike_R","Strike_R","Strike_R","Defend_R","Defend_R","Defend_R","Defend_R","Bash+1","Cleave","Shrug It Off","Disarm+1","Limit Break+1","Whirlwind+1","Bash+1","Clothesline+1","Battle Trance","Feed+1","Shrug It Off+1","Flex+1","Flex+1","Battle Trance","True Grit+1","Intimidate","Reaper+1","Double Tap","Pommel Strike+1","Inflame","Feel No Pain+1","Inflame+1","Limit Break","Shrug It Off","Impervious"],"relics":["Burning Blood","FaceOfCleric","Pantograph","ClockworkSouvenir","Bronze Scales","Molten Egg 2","Bag of Marbles","Philosopher\u0027s Stone","Lantern","Ancient Tea Set","Boot","Anchor","Fusion Hammer","CaptainsWheel","TungstenRod","Darkstone Periapt","MawBank","Centennial Puzzle"],"acts_visited":["Exordium","TheCity","TheBeyond","TheEnding"],"potions_floor_usage":[6,16,18,24,31,33,33,41,46,50,55],"damage_taken":[{"damage":8,"enemies":"Small Slimes","floor":1,"turns":5},{"damage":6,"enemies":"Cultist","floor":3,"turns":3},{"damage":4,"enemies":"Jaw Worm","floor":5,"turns":4},{"damage":52,"enemies":"Gremlin Nob","floor":6,"turns":5},{"damage":62,"enemies":"Lagavulin","floor":11,"turns":7},{"damage":32,"enemies":"Gremlin Nob","floor":14,"turns":5},{"damage":24,"enemies":"The Guardian","floor":16,"turns":15},{"damage":13,"enemies":"Shell Parasite","floor":18,"turns":3},{"damage":4,"enemies":"Chosen","floor":19,"turns":4},{"damage":7,"enemies":"Snake Plant","floor":22,"turns":4},{"damage":42,"enemies":"Gremlin Leader","floor":24,"turns":7},{"damage":0,"enemies":"Cultist and Chosen","floor":25,"turns":3},{"damage":0,"enemies":"Slavers","floor":28,"turns":1},{"damage":14,"enemies":"Book of Stabbing","floor":31,"turns":3},{"damage":77,"enemies":"Champ","floor":33,"turns":10},{"damage":0,"enemies":"3 Shapes","floor":35,"turns":1},{"damage":15,"enemies":"2 Orb Walkers","floor":37,"turns":4},{"damage":36,"enemies":"Giant Head","floor":41,"turns":6},{"damage":13,"enemies":"3 Darklings","floor":42,"turns":4},{"damage":10,"enemies":"Nemesis","floor":44,"turns":7},{"damage":87,"enemies":"Reptomancer","floor":46,"turns":4},{"damage":43,"enemies":"Jaw Worm Horde","floor":48,"turns":4},{"damage":109,"enemies":"Time Eater","floor":50,"turns":10},{"damage":58,"enemies":"Shield and Spear","floor":54,"turns":6},{"damage":122,"enemies":"The Heart","floor":55,"turns":10}],"seed_played":"5370713518233282986","potions_obtained":[{"floor":3,"key":"ColorlessPotion"},{"floor":11,"key":"ElixirPotion"},{"floor":14,"key":"ColorlessPotion"},{"floor":16,"key":"SneckoOil"},{"floor":19,"key":"HeartOfIron"},{"floor":20,"key":"AttackPotion"},{"floor":24,"key":"DistilledChaos"},{"floor":31,"key":"Fire Potion"},{"floor":33,"key":"BloodPotion"},{"floor":37,"key":"PowerPotion"},{"floor":41,"key":"DistilledChaos"}],"is_trial":false,"path_per_floor":["M","?","M","?","M","E","R","$","T","R","E","?","R","E","R","B",null,"M","M","?","$","M","R","E","M","T","R","E","R","$","E","R","B",null,"M","$","?","?","?","R","E","M","T","E","$","E","R","M","R","B",null,"R","$","E","B",null],"character_chosen":"IRONCLAD","items_purchased":["ClockworkSouvenir","Flex","Strength Potion","Inflame","Limit Break","Energy Potion","SpeedPotion"],"campfire_rested":6,"item_purchase_floors":[8,21,30,36,45,53,53],"current_hp_per_floor":[73,73,74,79,82,37,64,64,64,64,9,9,36,11,38,46,81,79,86,86,86,86,86,51,62,62,62,69,69,69,66,66,21,93,100,100,109,109,109,109,92,107,107,104,104,92,121,89,126,119,125,127,127,93,32],"gold":85,"neow_bonus":"TEN_PERCENT_HP_BONUS","is_daily":false,"chose_seed":false,"campfire_upgraded":5,"win_rate":0.0,"timestamp":1612050417,"path_taken":["M","?","?","?","M","E","R","$","T","R","E","?","R","E","R","BOSS","M","M","?","$","M","R","E","?","T","R","E","R","?","E","R","BOSS","M","?","?","?","?","R","E","?","T","E","$","E","R","M","R","BOSS","R","$","E","BOSS"],"items_purchased_type":["Relic","Card","Potion","Card","Card","Potion","Potion"],"build_version":"2020-12-22","purchased_purges":2,"victory":true,"max_hp_per_floor":[82,82,83,88,89,90,90,90,90,90,91,91,91,92,92,93,93,98,103,103,103,104,104,105,110,110,110,111,111,111,116,116,117,117,118,118,123,123,117,117,118,119,119,120,120,121,121,126,126,127,127,127,127,128,129],"relic_stats":{"Darkstone Periapt":0,"Centennial Puzzle":[3],"FaceOfCleric":24,"counters":[25,135],"Pantograph":75,"Bronze Scales":[471],"Boot":[22],"MawBank":84,"obtain_stats":[{"Darkstone Periapt":44,"Lantern":24,"Ancient Tea Set":26,"Boot":28,"MawBank":46,"Burning Blood":0,"ClockworkSouvenir":8,"Anchor":31,"CaptainsWheel":37,"Centennial Puzzle":54,"FaceOfCleric":2,"Pantograph":6,"Bronze Scales":9,"Molten Egg 2":11,"Philosopher\u0027s Stone":17,"Fusion Hammer":34,"Bag of Marbles":14,"TungstenRod":41},{"Darkstone Periapt":20,"Lantern":11,"Ancient Tea Set":12,"Boot":13,"MawBank":21,"Burning Blood":0,"ClockworkSouvenir":4,"Anchor":14,"CaptainsWheel":17,"Centennial Puzzle":24,"FaceOfCleric":1,"Pantograph":4,"Bronze Scales":4,"Molten Egg 2":5,"Philosopher\u0027s Stone":7,"Fusion Hammer":15,"Bag of Marbles":6,"TungstenRod":18},{"Darkstone Periapt":101,"Lantern":62,"Ancient Tea Set":65,"Boot":66,"MawBank":105,"Burning Blood":0,"ClockworkSouvenir":17,"Anchor":69,"CaptainsWheel":84,"Centennial Puzzle":125,"FaceOfCleric":5,"Pantograph":17,"Bronze Scales":17,"Molten Egg 2":24,"Philosopher\u0027s Stone":44,"Fusion Hammer":79,"Bag of Marbles":29,"TungstenRod":90}],"Burning Blood":150,"TungstenRod":60},"card_choices":[{"not_picked":["Body Slam","Pommel Strike"],"picked":"Cleave","floor":1},{"not_picked":["Searing Blow","Burning Pact"],"picked":"Shrug It Off","floor":3},{"not_picked":["Metallicize","Havoc"],"picked":"Disarm","floor":5},{"not_picked":["Body Slam","Shrug It Off"],"picked":"Limit Break","floor":6},{"not_picked":["Reckless Charge+1","Dropkick+1"],"picked":"Whirlwind+1","floor":11},{"not_picked":["Cleave+1","Disarm"],"picked":"Battle Trance","floor":14},{"not_picked":["Barricade","Limit Break"],"picked":"Feed+1","floor":16},{"not_picked":["Sword Boomerang+1","Warcry"],"picked":"Shrug It Off+1","floor":18},{"not_picked":["Havoc","Wild Strike+1"],"picked":"Flex","floor":19},{"not_picked":["Body Slam+1","Sword Boomerang+1"],"picked":"Battle Trance","floor":22},{"not_picked":["Headbutt+1","Pummel+1"],"picked":"True Grit+1","floor":24},{"not_picked":["Battle Trance","Anger+1","Wild Strike+1"],"picked":"SKIP","floor":25},{"not_picked":["Intimidate","Armaments","Dual Wield+1"],"picked":"SKIP","floor":28},{"not_picked":["Armaments","Dual Wield+1"],"picked":"Intimidate","floor":28},{"not_picked":["Disarm+1","Warcry+1"],"picked":"Reaper+1","floor":31},{"not_picked":["Brutality","Berserk"],"picked":"Double Tap","floor":33},{"not_picked":["True Grit+1","Heavy Blade+1"],"picked":"Pommel Strike+1","floor":35},{"not_picked":["Rampage+1","True Grit+1","Searing Blow+1"],"picked":"SKIP","floor":41},{"not_picked":["Warcry","Thunderclap+1"],"picked":"Feel No Pain+1","floor":42},{"not_picked":["Entrench","Flex"],"picked":"Inflame+1","floor":44},{"not_picked":["Sever Soul+1","Wild Strike+1","Entrench"],"picked":"SKIP","floor":46},{"not_picked":["Power Through","Cleave+1"],"picked":"Shrug It Off","floor":48},{"not_picked":["Dual Wield","Anger+1"],"picked":"Impervious","floor":54}],"player_experience":363504,"relics_obtained":[{"floor":6,"key":"Pantograph"},{"floor":9,"key":"Bronze Scales"},{"floor":11,"key":"Molten Egg 2"},{"floor":14,"key":"Bag of Marbles"},{"floor":24,"key":"Lantern"},{"floor":26,"key":"Ancient Tea Set"},{"floor":28,"key":"Boot"},{"floor":31,"key":"Anchor"},{"floor":37,"key":"CaptainsWheel"},{"floor":41,"key":"TungstenRod"},{"floor":44,"key":"Darkstone Periapt"},{"floor":46,"key":"MawBank"},{"floor":54,"key":"Centennial Puzzle"}],"event_choices":[{"damage_healed":0,"gold_gain":0,"player_choice":"Trade","damage_taken":0,"relics_obtained":["FaceOfCleric"],"max_hp_gain":0,"max_hp_loss":0,"event_name":"FaceTrader","floor":2,"gold_loss":0},{"damage_healed":0,"gold_gain":0,"player_choice":"Donut","damage_taken":0,"max_hp_gain":5,"max_hp_loss":0,"event_name":"Big Fish","floor":4,"gold_loss":0},{"damage_healed":0,"gold_gain":0,"player_choice":"2 cards matched","damage_taken":0,"max_hp_gain":0,"max_hp_loss":0,"event_name":"Match and Keep!","floor":12,"gold_loss":0,"cards_obtained":["Bash","Clothesline"]},{"damage_healed":0,"gold_gain":0,"player_choice":"Bought 2 Potions","damage_taken":0,"max_hp_gain":0,"max_hp_loss":0,"event_name":"The Woman in Blue","floor":20,"gold_loss":0},{"damage_healed":0,"gold_gain":0,"player_choice":"Fight","damage_taken":0,"max_hp_gain":0,"max_hp_loss":0,"event_name":"Mysterious Sphere","floor":37,"gold_loss":0},{"damage_healed":0,"gold_gain":0,"player_choice":"Memory 1","damage_taken":0,"max_hp_gain":0,"max_hp_loss":0,"event_name":"SensoryStone","floor":38,"gold_loss":0},{"damage_healed":0,"gold_gain":0,"player_choice":"Max HP","damage_taken":0,"max_hp_gain":0,"max_hp_loss":6,"event_name":"Winding Halls","floor":39,"gold_loss":0}],"is_beta":false,"boss_relics":[{"not_picked":["Empty Cage","Runic Pyramid"],"picked":"Philosopher\u0027s Stone"},{"not_picked":["Runic Dome","Black Star"],"picked":"Fusion Hammer"}],"items_purged_floors":[21,36],"is_endless":false,"potions_floor_spawned":[3,11,14,16,19,24,31,33,37,41,44],"ascension_level":18}}