{"host":"syozzdlzcqop4jia","time":1612043581,"event":{"mods":["BaseMod","Colored Map","Colored Powertips","Minty Spire (QoL Compilation)","Quick Restart"],"gold_per_floor":[116,41,61,61,61,88,88,88,111,111,121,137,154,164,164,267,267,285,299,309,309,327,327,327],"floor_reached":23,"language":"ENG","playtime":1264,"items_purged":["Strike_R"],"score":224,"play_id":"3f0a2798-bc24-410d-a6c3-081b4894675a","local_time":"20210130225301","is_ascension_mode":true,"campfire_choices":[{"data":"Seeing Red","floor":7,"key":"SMITH"},{"floor":15,"key":"REST"}],"circlet_count":0,"master_deck":["Strike_R","Strike_R","Strike_R","Strike_R","Defend_R","Defend_R","Defend_R","Defend_R+1","Bash","Searing Blow","Cleave+1","Seeing Red+1","Inflame","Headbutt","Shrug It Off","Perfected Strike","Impervious","Iron Wave","Thunderclap+1","Inflame","Twin Strike"],"relics":["Burning Blood","Bronze Scales","Ancient Tea Set","Runic Cube"],"acts_visited":["Exordium","TheCity"],"potions_floor_usage":[6,14,14,14,23],"damage_taken":[{"damage":10,"enemies":"Cultist","floor":1,"turns":5},{"damage":4,"enemies":"Small Slimes","floor":3,"turns":4},{"damage":45,"enemies":"Gremlin Nob","floor":6,"turns":5},{"damage":0,"enemies":"2 Louse","floor":11,"turns":2},{"damage":1,"enemies":"2 Fungi Beasts","floor":12,"turns":3},{"damage":0,"enemies":"Lots of Slimes","floor":13,"turns":2},{"damage":26,"enemies":"Exordium Thugs","floor":14,"turns":3},{"damage":47,"enemies":"The Guardian","floor":16,"turns":10},{"damage":23,"enemies":"2 Thieves","floor":18,"turns":4},{"damage":4,"enemies":"3 Byrds","floor":19,"turns":3},{"damage":17,"enemies":"Snecko","floor":20,"turns":4},{"damage":20,"enemies":"3 Cultists","floor":22,"turns":4},{"damage":77,"enemies":"Gremlin Leader","floor":23,"turns":7}],"seed_played":"-6751036919011119578","potions_obtained":[{"floor":3,"key":"ColorlessPotion"},{"floor":6,"key":"SkillPotion"},{"floor":11,"key":"PowerPotion"},{"floor":12,"key":"ColorlessPotion"},{"floor":20,"key":"Block Potion"}],"is_trial":false,"path_per_floor":["M","$","M","?","?","E","R","?","T","?","M","M","M","M","R","B",null,"M","M","M","?","M","E"],"character_chosen":"IRONCLAD","items_purchased":[],"campfire_rested":1,"item_purchase_floors":[],"current_hp_per_floor":[84,84,86,86,86,47,47,29,29,29,35,40,46,26,52,11,88,71,73,62,88,74,0,0],"gold":327,"neow_bonus":"TEN_PERCENT_HP_BONUS","is_daily":false,"chose_seed":false,"campfire_upgraded":1,"win_rate":0.0,"timestamp":1612043581,"path_taken":["M","?","M","?","?","E","R","?","T","?","M","M","M","M","R","BOSS","M","?","M","?","M","E"],"items_purchased_type":[],"build_version":"2020-12-22","purchased_purges":1,"victory":false,"max_hp_per_floor":[88,88,88,88,88,88,88,88,88,88,88,88,88,88,88,88,88,88,88,88,88,88,88,88],"card_choices":[{"not_picked":["Cleave","Headbutt"],"picked":"Searing Blow","floor":1},{"not_picked":["Rage","Pommel Strike"],"picked":"Cleave","floor":3},{"not_picked":["Body Slam","Wild Strike"],"picked":"Seeing Red","floor":6},{"not_picked":["Armaments","Rupture"],"picked":"Inflame","floor":11},{"not_picked":["Clash","Dropkick"],"picked":"Headbutt","floor":12},{"not_picked":["Clothesline","Headbutt"],"picked":"Shrug It Off","floor":13},{"not_picked":["Warcry","Second Wind"],"picked":"Perfected Strike","floor":14},{"not_picked":["Juggernaut","Corruption"],"picked":"Impervious","floor":16},{"not_picked":["Burning Pact+1","Bloodletting"],"picked":"Iron Wave","floor":18},{"not_picked":["Whirlwind","Fire Breathing+1"],"picked":"Thunderclap+1","floor":19},{"not_picked":["Cleave","Wild Strike"],"picked":"Inflame","floor":20},{"not_picked":["Wild Strike","Hemokinesis"],"picked":"Twin Strike","floor":22}],"player_experience":452678,"relics_obtained":[{"floor":6,"key":"Bronze Scales"},{"floor":9,"key":"Ancient Tea Set"}],"event_choices":[{"damage_healed":0,"gold_gain":0,"player_choice":"Ignored","damage_taken":0,"max_hp_gain":0,"max_hp_loss":0,"event_name":"Golden Idol","floor":4,"gold_loss":0},{"damage_healed":0,"gold_gain":0,"player_choice":"Ignored","damage_taken":0,"max_hp_gain":0,"max_hp_loss":0,"event_name":"Liars Game","floor":5,"gold_loss":0},{"damage_healed":0,"gold_gain":0,"player_choice":"Entered Light","damage_taken":18,"max_hp_gain":0,"max_hp_loss":0,"event_name":"Shining Light","floor":8,"gold_loss":0,"cards_upgraded":["Cleave","Defend_R"]},{"damage_healed":0,"gold_gain":0,"player_choice":"Leave","damage_taken":0,"max_hp_gain":0,"max_hp_loss":0,"event_name":"FaceTrader","floor":10,"gold_loss":0},{"damage_healed":29,"gold_gain":0,"player_choice":"Heal","damage_taken":0,"max_hp_gain":0,"max_hp_loss":0,"event_name":"The Library","floor":21,"gold_loss":0}],"is_beta":false,"boss_relics":[{"not_picked":["Snecko Eye","Tiny House"],"picked":"Runic Cube"}],"items_purged_floors":[2],"is_endless":false,"potions_floor_spawned":[3,6,11,12,20],"killed_by":"Gremlin Leader","ascension_level":3}}