{"host":"lehz9p79pih88cc3","time":1612043755,"event":{"mods":["AchievementEnabler","Act Like it!","BaseMod","Better Match","Better Note","Better Skull","Better Third Choice","CapriCore","Defuse TimeMaze Blight","Disable Question Mark Monsters","Downfall","Emptier Cage","Infinite Spire","Koishi","Minty Spire (QoL Compilation)","Permanent Neow","Quick Restart","Reimu??????","Relic Stats","Reliquary","Replay The Spire","SacredBarkPlus","Shop Mod","StSLib","The Administrix","The Alterego","The Construct","The Immortal","The Mystic","The Runesmith","The Servant 0.9.4","Transform Curses","Uncapped","Waifu the Spire","Yakumo Yukari mod","Yuyuko","noobMod"],"gold_per_floor":[100,110,20,83,99,126,152,152,177,190,206,206,206,306,316,327,344,449,449,249,266,286,286,300,300,300,328,346,358,258,327,356,356,371,472,472,472,491,504,504,504,522,522,522,540,540,374,403,414,428,442,442,442,472,149,149,149,149],"floor_reached":59,"language":"ENG","playtime":5178,"items_purged":["Regret","alterego_mod:Strike","alterego_mod:Strike","alterego_mod:Weigh+1"],"score":1240,"play_id":"14f522c3-f059-4ed1-8255-49f47900abae","local_time":"20210130165555","is_ascension_mode":false,"campfire_choices":[{"data":"alterego_mod:BigMeatyClaws","floor":1,"key":"SMITH"},{"floor":20,"key":"RECALL"},{"data":"alterego_mod:Cushion","floor":30,"key":"SMITH"},{"data":"alterego_mod:Weigh","floor":37,"key":"SMITH"},{"data":"alterego_mod:Clones","floor":56,"key":"SMITH"}],"circlet_count":0,"master_deck":["alterego_mod:Defend","alterego_mod:Defend+1","alterego_mod:Defend","alterego_mod:Defend","alterego_mod:Impale","alterego_mod:BigMeatyClaws+1","alterego_mod:BrynhildrsRune+1","alterego_mod:DiscoLights","alterego_mod:GoddessCore+1","alterego_mod:BreastValley","alterego_mod:Birthday","alterego_mod:Pet+1","alterego_mod:Cushion+1","alterego_mod:Birthday","alterego_mod:ClassAdvantage","alterego_mod:BreastValley+1","alterego_mod:BreastValley","alterego_mod:Clones+1","alterego_mod:SakuraFive+1","alterego_mod:Clones+1","alterego_mod:BigMeatyClaws+1","alterego_mod:DiscoLights","alterego_mod:Birthday","Master of Strategy","alterego_mod:DiscoLights","Panache"],"relics":["alterego_mod:MasochisticConstitution","ice","Chameleon Ring","ReplayTheSpireMod:TigerMarble","Mastiff:ReiMu","reliquary:RoseTintedGlasses","White Beast Statue","Black Star","downfall:HeartBlessingGreen","downfall:HeartBlessingBlue","Replay:Accelerometer","infinitespire:ShieldingShard","reliquary:ExpiredCoupon","downfall:HeartBlessingRed","Tea:ReiMu","Strawberry","Gambling Chip","Membership Card","Whetstone","Unceasing Top","War Paint","Replay:Rubber Ducky","InkBottle","Runesmith:AutoHammer"],"acts_visited":["Exordium","TheCity","TheBeyond","TheEnding"],"potions_floor_usage":[14,18,35,57,57,58],"damage_taken":[{"damage":14,"enemies":"Small Slimes","floor":2,"turns":5},{"damage":3,"enemies":"downfall:FleeingMerchant","floor":3,"turns":4},{"damage":40,"enemies":"Gremlin Nob","floor":4,"turns":6},{"damage":0,"enemies":"2 Louse","floor":5,"turns":3},{"damage":19,"enemies":"Replay:BlueRogue","floor":6,"turns":10},{"damage":1,"enemies":"Jaw Worm","floor":10,"turns":6},{"damage":10,"enemies":"3 Louse","floor":11,"turns":7},{"damage":18,"enemies":"downfall:LadyInBlue","floor":14,"turns":13},{"damage":36,"enemies":"Lots of Slimes","floor":15,"turns":6},{"damage":7,"enemies":"Large Slime","floor":16,"turns":6},{"damage":1,"enemies":"Blue Slaver","floor":17,"turns":4},{"damage":13,"enemies":"DF_ARCHETYPE_STREAMLINE","floor":18,"turns":9},{"damage":8,"enemies":"3 Byrds","floor":21,"turns":7},{"damage":20,"enemies":"Snake Plant","floor":22,"turns":9},{"damage":10,"enemies":"Sentry and Sphere","floor":24,"turns":9},{"damage":39,"enemies":"Gremlin Leader","floor":27,"turns":12},{"damage":0,"enemies":"Cultist and Chosen","floor":28,"turns":8},{"damage":10,"enemies":"Snake Plant","floor":29,"turns":11},{"damage":2,"enemies":"Replay:Snechameleon","floor":32,"turns":10},{"damage":1,"enemies":"Chosen and Byrds","floor":34,"turns":7},{"damage":32,"enemies":"IC_MUSHROOM_ARCHETYPE","floor":35,"turns":10},{"damage":6,"enemies":"3 Shapes","floor":38,"turns":5},{"damage":27,"enemies":"3 Darklings","floor":39,"turns":6},{"damage":41,"enemies":"Spire Growth","floor":42,"turns":6},{"damage":20,"enemies":"4 Shapes","floor":45,"turns":6},{"damage":9,"enemies":"downfall:FleeingMerchant","floor":47,"turns":4},{"damage":7,"enemies":"R_Hoarder","floor":48,"turns":8},{"damage":20,"enemies":"Transient","floor":49,"turns":5},{"damage":0,"enemies":"Maw","floor":50,"turns":8},{"damage":0,"enemies":"Jaw Worm Horde","floor":51,"turns":5},{"damage":48,"enemies":"WA_ARCHETYPE_DIVINITY","floor":52,"turns":12},{"damage":9,"enemies":"downfall:CharBossMerchant","floor":54,"turns":11},{"damage":0,"enemies":"downfall:NeowBoss","floor":57,"turns":9},{"damage":280,"enemies":"downfall:NeowBossFinal","floor":58,"turns":15}],"seed_played":"-4633429601261154420","potions_obtained":[{"floor":2,"key":"Elixir"},{"floor":4,"key":"Elixir"},{"floor":6,"key":"Elixir"},{"floor":14,"key":"Fruit Juice"},{"floor":14,"key":"Fire Potion"},{"floor":14,"key":"ZuzhouPotion:ReiMu"},{"floor":14,"key":"Regen Potion"},{"floor":15,"key":"LiquidBronze"},{"floor":17,"key":"Slimebound:ThreeZeroPotion"},{"floor":18,"key":"sneckomod:MuddlingPotion"},{"floor":22,"key":"Venom Potion"},{"floor":29,"key":"Guardian:BlockOnCardUsePotion"},{"floor":35,"key":"Fire Potion"}],"is_trial":false,"path_per_floor":["R","M","$","?","M","E","T","?","T","M","M","PTL","PTL","?","M","M","M","B",null,"R","M","M","?","M","?","T","E","M","M","R","T","E","AVR","M","B",null,"R","M","M","?","?","M","T","?","M","?","$","E","M","M","M","B",null,"E","$","R","B","B",null],"character_chosen":"The_Alterego","items_purchased":["alterego_mod:Birthday","Master of Strategy","Runesmith:AutoHammer","alterego_mod:DiscoLights","Panache","infinitespire:BlackPotion"],"campfire_rested":0,"item_purchase_floors":[47,47,55,55,55,55],"current_hp_per_floor":[84,78,76,37,37,21,21,21,21,23,20,20,20,98,88,89,93,112,134,144,141,126,126,128,128,128,111,115,110,110,110,120,120,124,104,289,289,286,264,264,264,230,230,222,214,214,210,210,197,206,210,173,386,380,380,380,387,116],"gold":149,"neow_bonus":"TWENTY_PERCENT_HP_BONUS","is_daily":false,"chose_seed":false,"campfire_upgraded":4,"win_rate":0.0,"timestamp":1612043755,"path_taken":["R","M","$","?","M","E","T","?","?","M","M","PTL","PTL","?","M","?","M","BOSS","R","M","M","?","M","?","T","E","M","M","R","?","E","AVR","M","BOSS","R","M","M","?","?","M","T","?","?","?","$","E","M","?","M","BOSS","E","$","R","BOSS","BOSS"],"items_purchased_type":["Card","Card","Relic","Card","Card","Potion"],"build_version":"2020-12-22","purchased_purges":4,"victory":true,"max_hp_per_floor":[84,85,86,87,87,88,88,88,88,89,90,90,90,99,118,122,126,134,134,144,168,184,184,196,196,196,211,221,243,243,243,265,265,274,289,289,289,299,308,308,308,315,315,315,336,336,342,349,355,362,369,386,386,399,399,399,403,423],"relic_stats":{"counters":[34,262],"Gambling Chip":[37],"Black Star":4,"Whetstone":["alterego_mod:GoddessCore","alterego_mod:SakuraFive"],"War Paint":["alterego_mod:Defend","alterego_mod:Pet"],"obtain_stats":[{"Replay:Accelerometer":26,"alterego_mod:MasochisticConstitution":0,"downfall:HeartBlessingRed":30,"Tea:ReiMu":31,"downfall:HeartBlessingGreen":20,"ice":0,"Whetstone":43,"War Paint":48,"White Beast Statue":14,"Replay:Rubber Ducky":54,"reliquary:ExpiredCoupon":27,"Chameleon Ring":4,"infinitespire:ShieldingShard":27,"Mastiff:ReiMu":8,"downfall:HeartBlessingBlue":20,"Strawberry":32,"Gambling Chip":32,"reliquary:RoseTintedGlasses":9,"ReplayTheSpireMod:TigerMarble":6,"Black Star":19,"Membership Card":33,"Runesmith:AutoHammer":55,"Unceasing Top":48,"InkBottle":54},{"Replay:Accelerometer":15,"alterego_mod:MasochisticConstitution":0,"downfall:HeartBlessingRed":18,"Tea:ReiMu":18,"downfall:HeartBlessingGreen":12,"ice":0,"Whetstone":24,"War Paint":27,"White Beast Statue":8,"Replay:Rubber Ducky":32,"reliquary:ExpiredCoupon":16,"Chameleon Ring":3,"infinitespire:ShieldingShard":16,"Mastiff:ReiMu":5,"downfall:HeartBlessingBlue":12,"Strawberry":19,"Gambling Chip":19,"reliquary:RoseTintedGlasses":5,"ReplayTheSpireMod:TigerMarble":5,"Black Star":12,"Membership Card":19,"Runesmith:AutoHammer":32,"Unceasing Top":27,"InkBottle":32},{"Replay:Accelerometer":104,"alterego_mod:MasochisticConstitution":0,"downfall:HeartBlessingRed":135,"Tea:ReiMu":135,"downfall:HeartBlessingGreen":79,"ice":0,"Whetstone":179,"War Paint":197,"White Beast Statue":54,"Replay:Rubber Ducky":238,"reliquary:ExpiredCoupon":116,"Chameleon Ring":15,"infinitespire:ShieldingShard":116,"Mastiff:ReiMu":28,"downfall:HeartBlessingBlue":79,"Strawberry":145,"Gambling Chip":145,"reliquary:RoseTintedGlasses":28,"ReplayTheSpireMod:TigerMarble":28,"Black Star":79,"Membership Card":145,"Runesmith:AutoHammer":238,"Unceasing Top":197,"InkBottle":238}],"Unceasing Top":[0],"InkBottle":[27]},"card_choices":[{"not_picked":["alterego_mod:Mirror","alterego_mod:Swimsuit"],"picked":"alterego_mod:DiscoLights","floor":2},{"not_picked":["alterego_mod:DustData","alterego_mod:BoobPocket"],"picked":"alterego_mod:GoddessCore","floor":3},{"not_picked":["alterego_mod:BiFurious","alterego_mod:Bunnysuit"],"picked":"alterego_mod:BreastValley","floor":4},{"not_picked":["alterego_mod:Cooking","alterego_mod:RingBreak"],"picked":"alterego_mod:Birthday","floor":5},{"not_picked":["alterego_mod:Skirt","alterego_mod:DustData"],"picked":"alterego_mod:Pet","floor":6},{"not_picked":["alterego_mod:Smother","alterego_mod:Alter","alterego_mod:Punishment"],"picked":"SKIP","floor":10},{"not_picked":["alterego_mod:BusterCard","alterego_mod:Lingerie"],"picked":"alterego_mod:Cushion","floor":11},{"not_picked":["alterego_mod:PerceptionDisorder","alterego_mod:Table"],"picked":"alterego_mod:Birthday","floor":14},{"not_picked":["alterego_mod:Valentines","alterego_mod:Lingerie","alterego_mod:Santa"],"picked":"SKIP","floor":15},{"not_picked":["alterego_mod:BeGentle","alterego_mod:Table","alterego_mod:GoddessCore"],"picked":"SKIP","floor":16},{"not_picked":["alterego_mod:1TonWallop","alterego_mod:DeftHands","alterego_mod:Schoolgirl"],"picked":"SKIP","floor":17},{"not_picked":["alterego_mod:Vow","alterego_mod:Alter"],"picked":"alterego_mod:ClassAdvantage","floor":18},{"not_picked":["alterego_mod:Crossover","alterego_mod:Maid"],"picked":"alterego_mod:BreastValley+1","floor":21},{"not_picked":["alterego_mod:Mirror+1","alterego_mod:DeftHands","alterego_mod:Cooking+1"],"picked":"SKIP","floor":22},{"not_picked":["alterego_mod:AlterEgo","alterego_mod:Complex","alterego_mod:Cooking"],"picked":"SKIP","floor":24},{"not_picked":["alterego_mod:BiFurious","alterego_mod:GoddessCore"],"picked":"alterego_mod:BreastValley","floor":27},{"not_picked":["alterego_mod:Complex","alterego_mod:Clap"],"picked":"alterego_mod:Clones+1","floor":28},{"not_picked":["alterego_mod:Cooking","alterego_mod:Pet","alterego_mod:Mirror"],"picked":"SKIP","floor":29},{"not_picked":["alterego_mod:BiFurious","alterego_mod:Venus"],"picked":"alterego_mod:SakuraFive","floor":32},{"not_picked":["alterego_mod:1TonWallop","alterego_mod:PerceptionDisorder","alterego_mod:Complex"],"picked":"SKIP","floor":34},{"not_picked":["alterego_mod:IdEs","alterego_mod:Palingenesis"],"picked":"alterego_mod:Weigh","floor":35},{"not_picked":["alterego_mod:Mirror","alterego_mod:RidiculouslyBig+1"],"picked":"alterego_mod:Clones","floor":38},{"not_picked":["alterego_mod:Undulate","alterego_mod:Punishment+1","alterego_mod:GoddessCore"],"picked":"SKIP","floor":39},{"not_picked":["alterego_mod:TrashNCrash","alterego_mod:MagicResistance","alterego_mod:BiFurious"],"picked":"SKIP","floor":42},{"not_picked":["alterego_mod:Rip","alterego_mod:Undulate","alterego_mod:BiFurious"],"picked":"SKIP","floor":45},{"not_picked":["alterego_mod:Skirt+1","alterego_mod:BusterCard"],"picked":"alterego_mod:DiscoLights","floor":47},{"not_picked":["alterego_mod:Cooking+1","alterego_mod:Undulate+1","alterego_mod:Exercise"],"picked":"SKIP","floor":48},{"not_picked":["alterego_mod:Skirt","alterego_mod:MagicResistance+1","alterego_mod:BoobPocket+1"],"picked":"SKIP","floor":49},{"not_picked":["alterego_mod:BeGentle+1","alterego_mod:Cooking","alterego_mod:GoddessCore+1"],"picked":"SKIP","floor":50},{"not_picked":["alterego_mod:STier","alterego_mod:Punishment","alterego_mod:DiscoLights"],"picked":"SKIP","floor":51},{"not_picked":["alterego_mod:Jiggle+1","alterego_mod:Palingenesis","alterego_mod:GoddessCore"],"picked":"SKIP","floor":54}],"player_experience":278204,"relics_obtained":[{"floor":4,"key":"Chameleon Ring"},{"floor":6,"key":"ReplayTheSpireMod:TigerMarble"},{"floor":8,"key":"Mastiff:ReiMu"},{"floor":9,"key":"reliquary:RoseTintedGlasses"},{"floor":14,"key":"White Beast Statue"},{"floor":26,"key":"Replay:Accelerometer"},{"floor":27,"key":"infinitespire:ShieldingShard"},{"floor":27,"key":"reliquary:ExpiredCoupon"},{"floor":31,"key":"Tea:ReiMu"},{"floor":32,"key":"Strawberry"},{"floor":32,"key":"Gambling Chip"},{"floor":43,"key":"Whetstone"},{"floor":48,"key":"Unceasing Top"},{"floor":48,"key":"War Paint"},{"floor":54,"key":"Replay:Rubber Ducky"},{"floor":54,"key":"InkBottle"}],"event_choices":[{"damage_healed":0,"gold_gain":0,"player_choice":"Ignored","damage_taken":0,"max_hp_gain":0,"max_hp_loss":0,"event_name":"betterNote:BetterNote","floor":23,"gold_loss":0,"cards_obtained":["DevaForm"]},{"cards_removed":["alterego_mod:Strike"],"damage_healed":0,"gold_gain":0,"player_choice":"Removed Attack","damage_taken":0,"max_hp_gain":0,"max_hp_loss":0,"event_name":"Falling","floor":40,"gold_loss":0}],"is_beta":false,"boss_relics":[{"not_picked":["Replay:Wanted Poster","Sozu"],"picked":"Black Star"},{"not_picked":["Replay:Grab Bag","Snecko Heart","ReplayTheSpireMod:DimensionalGlitch"]}],"items_purged_floors":[3,33,47,55],"is_endless":false,"potions_floor_spawned":[2,4,6,14,15,16,17,18,21,22,24,27,28,29,32,34,35,38,39,42,45,47,48,49,50,51,54],"ascension_level":0}}