{"host":"on8rz1ayhhz269sg","time":1612023305,"event":{"mods":["BaseMod","Downfall","Minty Spire (QoL Compilation)","Remilia（蕾米莉亚）","StSLib","[GremlinLeader]The Maniac","残留之物"],"gold_per_floor":[119,137,137,137,137,172,172,40,40,0,0,36,54,129,129,253,253,267,292,292,11,45,45,89,89,116,116,131,131,131,346,346,471,471,486,510,297,519,534,534,534,219,300,320,320,356,369,413,413,413],"floor_reached":51,"language":"ZHS","playtime":2730,"items_purged":["Injury"],"score":916,"play_id":"10d36ca9-3771-48fd-b266-90ac5640fc08","local_time":"20210131001505","is_ascension_mode":true,"campfire_choices":[{"data":"PlaceholderMod:Hard","floor":7.0,"key":"SMITH"},{"data":"PlaceholderMod:DiffusionPoison","floor":11.0,"key":"SMITH"},{"floor":15.0,"key":"REST"},{"floor":23.0,"key":"REST"},{"floor":25.0,"key":"REST"},{"data":"PlaceholderMod:Crystallization","floor":27.0,"key":"SMITH"},{"data":"PlaceholderMod:Crystallization","floor":29.0,"key":"SMITH"},{"data":"PlaceholderMod:Stratification","floor":32.0,"key":"SMITH"},{"data":"PlaceholderMod:DiffusionPoison","floor":40.0,"key":"SMITH"},{"data":"PlaceholderMod:ChainPoly","floor":45.0,"key":"SMITH"},{"data":"PlaceholderMod:MultipleOxi","floor":49,"key":"SMITH"}],"circlet_count":0,"master_deck":["PlaceholderMod:BaseStrike","PlaceholderMod:BaseStrike+1","PlaceholderMod:BaseStrike+1","PlaceholderMod:BaseStrike","PlaceholderMod:BaseStrike","PlaceholderMod:BaseDefend","PlaceholderMod:BaseDefend","PlaceholderMod:BaseDefend","PlaceholderMod:BaseDefend","PlaceholderMod:BaseDefend","PlaceholderMod:Crystal","PlaceholderMod:PoisonWhip","PlaceholderMod:Hard+1","PlaceholderMod:SeverePoisonStrike","PlaceholderMod:ThreeBenzyolStart","PlaceholderMod:DiffusionPoison+1","PlaceholderMod:PoisonExcitation","PlaceholderMod:ChainPoly+1","PlaceholderMod:Stratification+1","PlaceholderMod:Crystallization+1","PlaceholderMod:Eat","PlaceholderMod:Break","PlaceholderMod:SelfCoupling","PlaceholderMod:Crystallization+1","PlaceholderMod:UnpureUse+1","PlaceholderMod:DiffusionChemical+1","PlaceholderMod:DiffusionPoison+1","PlaceholderMod:EvolutionSpray+1","PlaceholderMod:DissolvingSpikes+1","Bandage Up","PlaceholderMod:Eat","PlaceholderMod:Hard","PlaceholderMod:HardStrike+1","Dramatic Entrance","Clumsy","PlaceholderMod:Colorful","PlaceholderMod:Sweep","PlaceholderMod:HardStinger+1","PlaceholderMod:MultipleOxi+1"],"relics":["PlaceholderMod:Tancle","NeowsBlessing","Blood Vial","Golden Idol","Omamori","Bottled Tornado","Smiling Mask","Cursed Key","sneckomod:BabySnecko","Membership Card","PlaceholderMod:DeVermisMysteriis","Red Mask","Bag of Marbles","Anchor","Old Coin","SacredBark","Whetstone","PlaceholderMod:DaolothFragment","Strawberry","TheAbacus","Pear","Nunchaku","Art of War"],"acts_visited":["Exordium","TheCity","TheBeyond"],"potions_floor_usage":[47,50],"damage_taken":[{"damage":0.0,"enemies":"2 Louse","floor":1.0,"turns":1.0},{"damage":0.0,"enemies":"Small Slimes","floor":2.0,"turns":1.0},{"damage":0.0,"enemies":"3 Sentries","floor":6.0,"turns":2.0},{"damage":15.0,"enemies":"Lagavulin","floor":12.0,"turns":5.0},{"damage":6.0,"enemies":"Jaw Worm","floor":13.0,"turns":3.0},{"damage":9.0,"enemies":"The Guardian","floor":16.0,"turns":9.0},{"damage":0.0,"enemies":"Chosen","floor":18.0,"turns":5.0},{"damage":18.0,"enemies":"2 Thieves","floor":19.0,"turns":4.0},{"damage":16.0,"enemies":"Masked Bandits","floor":22.0,"turns":3.0},{"damage":31.0,"enemies":"Book of Stabbing","floor":24.0,"turns":5.0},{"damage":8.0,"enemies":"3 Cultists","floor":28.0,"turns":4.0},{"damage":0.0,"enemies":"Automaton","floor":33.0,"turns":8.0},{"damage":6.0,"enemies":"Orb Walker","floor":35.0,"turns":3.0},{"damage":0.0,"enemies":"3 Shapes","floor":36.0,"turns":4.0},{"damage":4.0,"enemies":"3 Darklings","floor":39.0,"turns":4.0},{"damage":0.0,"enemies":"Transient","floor":44.0,"turns":5.0},{"damage":10.0,"enemies":"Reptomancer","floor":46.0,"turns":6.0},{"damage":6,"enemies":"Spire Growth","floor":47,"turns":4},{"damage":17,"enemies":"Nemesis","floor":48,"turns":7},{"damage":25,"enemies":"Time Eater","floor":50,"turns":10}],"seed_played":"3626743644381304902","potions_obtained":[{"floor":2.0,"key":"Guardian:BlockOnCardUsePotion"},{"floor":12.0,"key":"AttackPotion"},{"floor":18.0,"key":"FearPotion"},{"floor":19.0,"key":"ColorlessPotion"},{"floor":24.0,"key":"EssenceOfSteel"},{"floor":35.0,"key":"ColorlessPotion"},{"floor":39.0,"key":"PlaceholderMod:PlaceholderPotion"},{"floor":48,"key":"DistilledChaos"}],"is_trial":false,"path_per_floor":["M","M","?","?","?","E","R","$","T","$","R","E","M","?","R","B",null,"M","M","?","$","?","R","E","R","T","R","M","R","?","?","R","B",null,"M","M","$","?","M","R","?","$","T","M","R","E","M","E","R","B",null],"character_chosen":"THE_PLACEHOLDER","items_purchased":["PlaceholderMod:DiffusionPoison","PlaceholderMod:PoisonExcitation","PlaceholderMod:ChainPoly","Membership Card","PlaceholderMod:DeVermisMysteriis","Bandage Up","Whetstone","PlaceholderMod:Eat","PlaceholderMod:Hard","PlaceholderMod:DaolothFragment","Strawberry","Dramatic Entrance","TheAbacus"],"campfire_rested":3,"item_purchase_floors":[8,8,10,21,21,37,37,37,37,42,42,42,42],"current_hp_per_floor":[78,78,75,75,75,77,77,77,77,77,77,63,59,48,71,64,78,78,64,64,64,50,73,48,71,71,71,69,69,69,69,69,75,78,76,78,78,78,78,78,78,85,95,95,95,95,89,86,86,71],"gold":413,"neow_bonus":"THREE_ENEMY_KILL","is_daily":false,"chose_seed":false,"campfire_upgraded":8,"win_rate":0.0,"timestamp":1612023305,"path_taken":["M","M","?","?","?","E","R","$","T","?","R","E","M","?","R","BOSS","M","M","?","$","?","R","E","R","T","R","M","R","?","?","R","BOSS","M","M","$","?","M","R","?","$","T","M","R","E","M","E","R","BOSS"],"items_purchased_type":["Card","Card","Card","Relic","Relic","Card","Relic","Card","Card","Relic","Relic","Card","Relic"],"build_version":"2020-12-22","purchased_purges":1,"victory":true,"max_hp_per_floor":[78,78,78,78,78,78,78,78,78,78,78,78,78,78,78,78,78,78,78,78,78,78,78,78,78,78,78,78,78,78,78,78,78,78,78,78,78,78,78,78,78,85,95,95,95,95,95,95,95,95],"card_choices":[{"not_picked":["PlaceholderMod:TriggerStrike","PlaceholderMod:DirectingGroup"],"picked":"PlaceholderMod:Hard","floor":1.0},{"not_picked":["PlaceholderMod:PoisonAbsorb","PlaceholderMod:AngryAttack"],"picked":"PlaceholderMod:SeverePoisonStrike","floor":2.0},{"not_picked":["PlaceholderMod:HighConcentration","PlaceholderMod:PoisonAbsorb"],"picked":"PlaceholderMod:ThreeBenzyolStart","floor":6.0},{"not_picked":["PlaceholderMod:InnerSoften","PlaceholderMod:ConsolidateHit"],"picked":"PlaceholderMod:Stratification","floor":12.0},{"not_picked":["PlaceholderMod:HornyBlast","PlaceholderMod:RadicalHit"],"picked":"PlaceholderMod:Crystallization","floor":13.0},{"not_picked":["PlaceholderMod:MultiReaction","PlaceholderMod:InnerSoften"],"picked":"PlaceholderMod:Eat","floor":16.0},{"not_picked":["PlaceholderMod:HornyBlast","PlaceholderMod:DissolvingSpikes"],"picked":"PlaceholderMod:Break","floor":18.0},{"not_picked":["PlaceholderMod:ChainPoly","PlaceholderMod:Sweep"],"picked":"PlaceholderMod:SelfCoupling","floor":19.0},{"not_picked":["PlaceholderMod:AttackAsDefend+1","PlaceholderMod:NearChange+1"],"picked":"PlaceholderMod:Crystallization","floor":22.0},{"not_picked":["PlaceholderMod:MultipleOxi","PlaceholderMod:DissolvingSpikes"],"picked":"PlaceholderMod:UnpureUse+1","floor":24.0},{"not_picked":["PlaceholderMod:HardStrike","PlaceholderMod:PoisonExcitation"],"picked":"PlaceholderMod:DiffusionChemical+1","floor":28.0},{"not_picked":["PlaceholderMod:InnerSoften","PlaceholderMod:ReactionCatalyze"],"picked":"PlaceholderMod:DiffusionPoison","floor":33.0},{"not_picked":["PlaceholderMod:NearChange","PlaceholderMod:AttackAsDefend"],"picked":"PlaceholderMod:EvolutionSpray+1","floor":35.0},{"not_picked":["PlaceholderMod:SprayAttack","PlaceholderMod:Corrosion"],"picked":"PlaceholderMod:DissolvingSpikes+1","floor":36.0},{"not_picked":["PlaceholderMod:HardStinger","PlaceholderMod:ProliferateStrike+1"],"picked":"PlaceholderMod:HardStrike+1","floor":39.0},{"not_picked":["PlaceholderMod:HardStrike","PlaceholderMod:HornyBlast+1"],"picked":"PlaceholderMod:Colorful","floor":44.0},{"not_picked":["PlaceholderMod:DissolvingSpikes","PlaceholderMod:Polyp"],"picked":"PlaceholderMod:Sweep","floor":46.0},{"not_picked":["PlaceholderMod:HornyBlast+1","PlaceholderMod:ConsolidateHit"],"picked":"PlaceholderMod:HardStinger+1","floor":47},{"not_picked":["PlaceholderMod:SelfCoupling","PlaceholderMod:OHStrongAttack"],"picked":"PlaceholderMod:MultipleOxi","floor":48}],"player_experience":236686,"relics_obtained":[{"floor":6.0,"key":"Omamori"},{"floor":9.0,"key":"Bottled Tornado"},{"floor":12.0,"key":"Smiling Mask"},{"floor":22.0,"key":"Red Mask"},{"floor":24.0,"key":"Bag of Marbles"},{"floor":26.0,"key":"Anchor"},{"floor":43.0,"key":"Pear"},{"floor":46.0,"key":"Nunchaku"},{"floor":48,"key":"Art of War"}],"event_choices":[{"damage_healed":0.0,"max_hp_gain":0.0,"max_hp_loss":0.0,"gold_gain":0.0,"event_name":"Scrap Ooze","player_choice":"Success","floor":3.0,"gold_loss":0.0,"damage_taken":3.0,"relics_obtained":["Blood Vial"]},{"damage_healed":0.0,"max_hp_gain":0.0,"max_hp_loss":0.0,"gold_gain":0.0,"event_name":"Golden Idol","player_choice":"Take Wound","floor":4.0,"gold_loss":0.0,"damage_taken":0.0,"relics_obtained":["Golden Idol"],"cards_obtained":["Injury"]},{"damage_healed":0.0,"max_hp_gain":0.0,"max_hp_loss":0.0,"gold_gain":0.0,"event_name":"Shining Light","player_choice":"Ignored","floor":5.0,"gold_loss":0.0,"damage_taken":0.0},{"damage_healed":0.0,"max_hp_gain":0.0,"max_hp_loss":0.0,"gold_gain":75.0,"event_name":"World of Goop","player_choice":"Gather Gold","floor":14.0,"gold_loss":0.0,"damage_taken":11.0},{"damage_healed":0.0,"max_hp_gain":0.0,"max_hp_loss":0.0,"gold_gain":0.0,"event_name":"Masked Bandits","player_choice":"Fought Bandits","floor":22.0,"gold_loss":0.0,"damage_taken":0.0},{"damage_healed":0.0,"max_hp_gain":0.0,"max_hp_loss":0.0,"gold_gain":0.0,"event_name":"Ghosts","player_choice":"Ignored","floor":30.0,"gold_loss":0.0,"damage_taken":0.0},{"damage_healed":0.0,"max_hp_gain":0.0,"max_hp_loss":0.0,"gold_gain":0.0,"event_name":"Addict","player_choice":"Obtained Relic","floor":31.0,"gold_loss":85.0,"damage_taken":0.0,"relics_obtained":["Old Coin"]},{"damage_healed":0.0,"max_hp_gain":0.0,"max_hp_loss":0.0,"gold_gain":222.0,"event_name":"Tomb of Lord Red Mask","player_choice":"Wore Mask","floor":38.0,"gold_loss":0.0,"damage_taken":0.0},{"damage_healed":0.0,"max_hp_gain":0.0,"max_hp_loss":0.0,"gold_gain":0.0,"event_name":"SecretPortal","player_choice":"Ignored","floor":41.0,"gold_loss":0.0,"damage_taken":0.0}],"is_beta":false,"boss_relics":[{"not_picked":["Fusion Hammer","Black Star"],"picked":"Cursed Key"},{"not_picked":["Runic Pyramid","Velvet Choker"],"picked":"SacredBark"}],"items_purged_floors":[21],"is_endless":false,"potions_floor_spawned":[2,12,18,19,24,35,39,48],"ascension_level":1}}