{"host":"6xsbn6ynqlzwllfm","time":1612016975,"event":{"mods":["2.2 Compatiblity","BaseMod","Bestiary","Colored Map","Colored Powertips","Curses Come First","Highlight Path","Keyboard Shortcuts","Minty Spire (QoL Compilation)","Relic Stats","Slay the Relics Exporter","StSLib","SuperFastMode"],"gold_per_floor":[99,99,99,99,99,99,99,99,99,99,99,40,40,40,40,40,40,0,0,0,0,0,0,0],"floor_reached":23,"language":"ENG","playtime":703,"items_purged":[],"score":509,"play_id":"3f6f7907-fe13-4fb0-b533-346797b9b7de","local_time":"20210130092935","is_ascension_mode":true,"campfire_choices":[{"data":"Rainbow","floor":15.0,"key":"SMITH"}],"circlet_count":0,"master_deck":["AscendersBane","Strike_B","Strike_B","Defend_B","Defend_B","Defend_B","Defend_B","Zap","Dualcast","Sweeping Beam","Rebound","Conserve Battery","Rainbow+1","Streamline","Sweeping Beam+1","Coolheaded","Cold Snap+1","Seek","CurseOfTheBell","Hologram","Undo","Sunder+1"],"relics":["Ectoplasm","Golden Idol","Happy Flower","Bronze Scales","Art of War","Molten Egg 2","Vajra","Calling Bell","Boot","Frozen Egg 2","Lizard Tail","NlothsMask"],"acts_visited":["Exordium","TheCity"],"potions_floor_usage":[23,23],"damage_taken":[{"damage":0.0,"enemies":"Cultist","floor":1.0,"turns":3.0},{"damage":2.0,"enemies":"Jaw Worm","floor":3.0,"turns":4.0},{"damage":5.0,"enemies":"2 Louse","floor":5.0,"turns":2.0},{"damage":15.0,"enemies":"Lagavulin","floor":6.0,"turns":7.0},{"damage":6.0,"enemies":"Blue Slaver","floor":7.0,"turns":3.0},{"damage":19.0,"enemies":"3 Sentries","floor":11.0,"turns":7.0},{"damage":0.0,"enemies":"3 Louse","floor":13.0,"turns":2.0},{"damage":8.0,"enemies":"Lagavulin","floor":14.0,"turns":5.0},{"damage":0.0,"enemies":"Slime Boss","floor":16.0,"turns":6.0},{"damage":13.0,"enemies":"2 Thieves","floor":18.0,"turns":3.0},{"damage":11.0,"enemies":"Shell Parasite","floor":21.0,"turns":5.0},{"damage":21.0,"enemies":"3 Cultists","floor":22.0,"turns":5.0},{"damage":56,"enemies":"Gremlin Leader","floor":23,"turns":6}],"seed_played":"-4833376073565656066","potions_obtained":[{"floor":5.0,"key":"Strength Potion"},{"floor":6.0,"key":"Weak Potion"},{"floor":11.0,"key":"Explosive Potion"},{"floor":13.0,"key":"Strength Potion"},{"floor":21.0,"key":"ColorlessPotion"},{"floor":22.0,"key":"LiquidBronze"}],"is_trial":false,"path_per_floor":["M","?","M","?","M","E","M","?","T","T","E","?","M","E","R","B",null,"M","?","$","M","M","E"],"character_chosen":"DEFECT","items_purchased":[],"campfire_rested":0,"item_purchase_floors":[],"current_hp_per_floor":[64,64,62,62,57,42,36,29,29,29,10,10,10,2,2,2,49,36,36,36,25,4,0,0],"gold":0,"neow_bonus":"BOSS_RELIC","is_daily":false,"chose_seed":false,"campfire_upgraded":1,"win_rate":0.0,"timestamp":1612016975,"path_taken":["M","?","M","?","M","E","?","?","T","?","E","?","M","E","R","BOSS","M","?","?","M","?","E"],"items_purchased_type":[],"build_version":"2020-12-22","purchased_purges":0,"victory":false,"max_hp_per_floor":[71,64,64,64,64,64,64,64,64,64,64,64,64,64,64,64,64,64,64,64,64,64,64,64],"relic_stats":{"Lizard Tail":32,"Happy Flower":[14],"counters":[13,58],"Golden Idol":72,"Bronze Scales":[102],"Ectoplasm":430,"Art of War":[5],"Boot":[2],"obtain_stats":[{"Happy Flower":6,"Golden Idol":2,"Vajra":14,"Frozen Egg 2":17,"Boot":17,"Calling Bell":17,"Lizard Tail":17,"Bronze Scales":9,"Molten Egg 2":11,"Ectoplasm":0,"Art of War":10,"Cracked Core":0,"NlothsMask":19},{"Happy Flower":4,"Golden Idol":1,"Vajra":8,"Frozen Egg 2":9,"Boot":9,"Calling Bell":9,"Lizard Tail":9,"Bronze Scales":5,"Molten Egg 2":6,"Ectoplasm":0,"Art of War":5,"Cracked Core":0,"NlothsMask":10},{"Happy Flower":16,"Golden Idol":3,"Vajra":33,"Frozen Egg 2":39,"Boot":39,"Calling Bell":39,"Lizard Tail":39,"Bronze Scales":19,"Molten Egg 2":26,"Ectoplasm":0,"Art of War":19,"Cracked Core":0,"NlothsMask":42}]},"card_choices":[{"not_picked":["Conserve Battery","Undo"],"picked":"Sweeping Beam","floor":1.0},{"not_picked":["Fusion","Conserve Battery"],"picked":"Rebound","floor":3.0},{"not_picked":["Redo","Gash"],"picked":"Conserve Battery","floor":5.0},{"not_picked":["FTL","Storm"],"picked":"Rainbow","floor":6.0},{"not_picked":["Turbo","Compile Driver"],"picked":"Streamline","floor":7.0},{"not_picked":["Rebound+1","Hologram"],"picked":"Sweeping Beam+1","floor":11.0},{"not_picked":["Gash+1","Heatsinks"],"picked":"Coolheaded","floor":13.0},{"not_picked":["Multi-Cast","Conserve Battery"],"picked":"Cold Snap+1","floor":14.0},{"not_picked":["All For One+1","Rainbow"],"picked":"Seek","floor":16.0},{"not_picked":["Conserve Battery","Rebound+1"],"picked":"Hologram","floor":18.0},{"not_picked":["Reprogram","Turbo"],"picked":"Undo","floor":21.0},{"not_picked":["Stack+1","Auto Shields"],"picked":"Sunder+1","floor":22.0}],"player_experience":1281623,"relics_obtained":[{"floor":6.0,"key":"Happy Flower"},{"floor":9.0,"key":"Bronze Scales"},{"floor":10.0,"key":"Art of War"},{"floor":11.0,"key":"Molten Egg 2"},{"floor":14.0,"key":"Vajra"},{"floor":17.0,"key":"Boot"},{"floor":17.0,"key":"Frozen Egg 2"},{"floor":17.0,"key":"Lizard Tail"}],"event_choices":[{"damage_healed":0.0,"max_hp_gain":0.0,"max_hp_loss":7.0,"gold_gain":0.0,"event_name":"Golden Idol","player_choice":"Lose Max HP","floor":2.0,"gold_loss":0.0,"damage_taken":0.0,"relics_obtained":["Golden Idol"]},{"cards_removed":["Strike_B"],"damage_healed":0.0,"max_hp_gain":0.0,"max_hp_loss":0.0,"gold_gain":0.0,"event_name":"Bonfire Elementals","player_choice":"Offered Basic","floor":4.0,"gold_loss":0.0,"damage_taken":0.0},{"cards_removed":["Strike_B"],"damage_healed":0.0,"max_hp_gain":0.0,"max_hp_loss":0.0,"gold_gain":0.0,"event_name":"Golden Wing","player_choice":"Card Removal","floor":8.0,"gold_loss":0.0,"damage_taken":7.0},{"damage_healed":0.0,"max_hp_gain":0.0,"max_hp_loss":0.0,"gold_gain":0.0,"event_name":"World of Goop","player_choice":"Left Gold","floor":12.0,"gold_loss":59.0,"damage_taken":0.0},{"damage_healed":0.0,"max_hp_gain":0.0,"max_hp_loss":0.0,"gold_gain":0.0,"event_name":"FaceTrader","player_choice":"Trade","floor":19.0,"gold_loss":0.0,"damage_taken":0.0,"relics_obtained":["NlothsMask"]}],"is_beta":false,"boss_relics":[{"not_picked":["Inserter","Nuclear Battery"],"picked":"Calling Bell"}],"items_purged_floors":[],"is_endless":false,"potions_floor_spawned":[5,6,11,13,21,22],"killed_by":"Gremlin Leader","ascension_level":19}}