{"host":"toh0bbw446wnuexf","time":1612048591,"event":{"mods":["BaseMod","Downfall","Hermit","Minty Spire (QoL Compilation)","Random Character Button","StSLib"],"gold_per_floor":[99,99,99,24,24,24,24,50,73,99,99,126,126,143,156,156,156,156],"floor_reached":16,"language":"ENG","playtime":5145,"items_purged":["sneckomod:SnekBite"],"score":138,"play_id":"9ff23b80-2d18-4f2a-a814-86972753ec1e","local_time":"20210131121631","is_ascension_mode":true,"campfire_choices":[{"floor":13,"key":"REST"}],"circlet_count":0,"master_deck":["sneckomod:Strike","sneckomod:Strike","sneckomod:Strike","sneckomod:Defend","sneckomod:Defend","sneckomod:Defend","sneckomod:Unknown","hexamod:SpectersWail","sneckomod:Unknown1Cost","sneckomod:UnknownStrength","sneckomod:SlitherStrike"],"relics":["sneckomod:SneckoSoul","downfall:HeartsMalice","Singing Bowl","Matryoshka","Strawberry"],"acts_visited":["Exordium"],"potions_floor_usage":[16,16,16],"damage_taken":[{"damage":0,"enemies":"Jaw Worm","floor":2,"turns":1},{"damage":0,"enemies":"Cultist","floor":3,"turns":1},{"damage":0,"enemies":"downfall:FleeingMerchant","floor":4,"turns":1},{"damage":16,"enemies":"Gremlin Nob","floor":8,"turns":5},{"damage":9,"enemies":"2 Louse","floor":9,"turns":2},{"damage":11,"enemies":"Blue Slaver","floor":10,"turns":5},{"damage":22,"enemies":"3 Sentries","floor":12,"turns":5},{"damage":24,"enemies":"Red Slaver","floor":14,"turns":6},{"damage":5,"enemies":"Exordium Thugs","floor":15,"turns":3},{"damage":59,"enemies":"WA_ARCHETYPE_RETAIN","floor":16,"turns":10}],"seed_played":"4467763716564383311","potions_obtained":[{"floor":8,"key":"Strength Potion"},{"floor":9,"key":"Strength Potion"},{"floor":12,"key":"Dexterity Potion"}],"is_trial":false,"path_per_floor":["R","M","M","$","?","R","T","E","M","M","?","E","R","M","M","B"],"character_chosen":"THE_SNECKO","items_purchased":[],"campfire_rested":1,"item_purchase_floors":[],"current_hp_per_floor":[90,90,90,90,90,90,90,76,69,58,58,45,75,51,48,0,0,0],"gold":156,"neow_bonus":"THREE_ENEMY_KILL","is_daily":false,"chose_seed":false,"campfire_upgraded":0,"win_rate":0.0,"timestamp":1612048591,"path_taken":["R","M","M","$","?","R","T","E","M","M","?","E","R","M","M","BOSS"],"items_purchased_type":[],"build_version":"2020-12-22","purchased_purges":1,"victory":false,"max_hp_per_floor":[90,90,90,90,90,90,90,92,94,94,94,103,103,103,105,105,105,105],"card_choices":[{"not_picked":["sneckomod:UnknownCommonAttack","sneckomod:MasterEye","sneckomod:ImprovisedAttack"],"picked":"SKIP","floor":2},{"not_picked":["sneckomod:UnknownCommonAttack","sneckomod:SoulDraw"],"picked":"sneckomod:UnknownUncommonPower","floor":3},{"not_picked":["sneckomod:UnknownExhaust","sneckomod:Memorize","sneckomod:UnknownBlock"],"picked":"SKIP","floor":4},{"not_picked":["sneckomod:Nope","sneckomod:SnakeSap","sneckomod:UnknownCommonAttack"],"picked":"Singing Bowl","floor":8},{"not_picked":["sneckomod:IronFang","sneckomod:Nope","sneckomod:UnknownDraw"],"picked":"Singing Bowl","floor":9},{"not_picked":["sneckomod:SerpentIdol","sneckomod:DefensiveFlair"],"picked":"sneckomod:Unknown1Cost","floor":10},{"not_picked":["sneckomod:SnekBeam","sneckomod:DefensiveFlair","sneckomod:SlitherStrike"],"picked":"Singing Bowl","floor":12},{"not_picked":["sneckomod:SerpentMind","sneckomod:DiceCrush"],"picked":"sneckomod:SlitherStrike","floor":14},{"not_picked":["sneckomod:UnknownDraw","sneckomod:DiceCrush","sneckomod:TrashToTreasure"],"picked":"Singing Bowl","floor":15}],"player_experience":632970,"relics_obtained":[{"floor":7,"key":"Singing Bowl"},{"floor":8,"key":"Matryoshka"},{"floor":12,"key":"Strawberry"}],"event_choices":[{"cards_removed":["sneckomod:TailWhip"],"damage_healed":0,"gold_gain":0,"player_choice":"Card Removal","damage_taken":0,"max_hp_gain":0,"max_hp_loss":0,"event_name":"The Cleric","floor":5,"gold_loss":0}],"is_beta":false,"boss_relics":[],"items_purged_floors":[4],"is_endless":false,"potions_floor_spawned":[8,9,12,15],"killed_by":"WA_ARCHETYPE_RETAIN","ascension_level":1}}