{"host":"b9id4afcchnn1rfb","time":1612039280,"event":{"mods":["Act Like it!","BaseMod","Better Note","Colored Map","Colored Powertips","Hallownest","Hermit","Infinite Spire","Minty Spire (QoL Compilation)","StSLib","SuperFastMode","The Death Knight","The Necromancer"],"gold_per_floor":[114,133,133,133,150,150,150,150,150,150,176,189,223,240,240,240,240],"floor_reached":16,"language":"ENG","playtime":724,"items_purged":[],"score":153,"play_id":"0704757d-a7f3-4969-82bb-58c9696ed8ec","local_time":"20210130214120","is_ascension_mode":true,"campfire_choices":[{"floor":6,"key":"RECALL"},{"data":"Acid_Javelin","floor":8,"key":"SMITH"},{"floor":15,"key":"REST"}],"circlet_count":0,"master_deck":["Strike_W","Strike_W","Strike_W","Strike_W","Negative_Energy_Arrows","Bone_Wall","Acid_Javelin+1","Whirlwind_of_Bones+1","Hallownest:skillLeafShield","Hallownest:skillLeafShield","Hallownest:skillLeafShield","Hallownest:skillLeafShield","Hallownest:skillLeafShield","Bone_Armor","Hallownest:curseDreamersLament","Reap_The_Weak","Blood_Curse","Bone_Bullets","Summon_Vampire_Lady"],"relics":["Vampire_Amulet","Hallownest:TeacherSealRelic","infinitespire:Lucky Rock","infinitespire:FocusingShard","Bag of Preparation","DeathKnight:SindragosasSkull"],"acts_visited":["Exordium"],"potions_floor_usage":[13,13,16],"damage_taken":[{"damage":2,"enemies":"Hallownest:2_Baldur","floor":1,"turns":4},{"damage":15,"enemies":"Hallownest:2_Tiktiks_and_1_Crawlid","floor":2,"turns":3},{"damage":0,"enemies":"Hallownest:monsterHuskWarrior","floor":5,"turns":2},{"damage":41,"enemies":"Hallownest:eliteCrystalGuardian","floor":11,"turns":7},{"damage":8,"enemies":"Hallownest:1_Baldur_1_Crawlid_1_Warrior","floor":12,"turns":6},{"damage":7,"enemies":"Hallownest:eliteMossKnight","floor":13,"turns":10},{"damage":2,"enemies":"Hallownest:monsterMossCharger","floor":14,"turns":5},{"damage":64,"enemies":"Hallownest:BossHornet","floor":16,"turns":11}],"seed_played":"-8727988560425083531","potions_obtained":[{"floor":2,"key":"SpeedPotion"},{"floor":11,"key":"FearPotion"},{"floor":12,"key":"DuplicationPotion"},{"floor":13,"key":"SpeedPotion"}],"is_trial":false,"path_per_floor":["M","M","?","?","M","R","?","R","T","?","E","M","E","M","R","B"],"character_chosen":"NECROMANCER","items_purchased":[],"campfire_rested":1,"item_purchase_floors":[],"current_hp_per_floor":[82,73,73,73,75,75,75,75,75,57,18,16,13,13,37,0,0],"gold":240,"neow_bonus":"TEN_PERCENT_HP_BONUS","is_daily":false,"chose_seed":false,"campfire_upgraded":1,"win_rate":0.0,"timestamp":1612039280,"path_taken":["M","M","?","?","M","R","?","R","T","?","E","M","E","M","R","BOSS"],"items_purchased_type":[],"build_version":"2020-12-22","purchased_purges":0,"victory":false,"max_hp_per_floor":[82,82,82,82,82,82,82,82,82,82,82,82,82,82,82,82,82],"card_choices":[{"not_picked":["Violent_Necrosis","Vampiric_Strike"],"picked":"Acid_Javelin","floor":1},{"not_picked":["Bones_to_Steel","Negative_Energy_Mist"],"picked":"Whirlwind_of_Bones","floor":2},{"not_picked":["Deaths_Shadow","Shackles_Of_Pain"],"picked":"Bone_Armor","floor":5},{"not_picked":["Negative_Energy_Mist","Flesh_Made_Foul"],"picked":"Reap_The_Weak","floor":11},{"not_picked":["Toxic_Smoke_Screen","Shackles_Of_Pain"],"picked":"Blood_Curse","floor":12},{"not_picked":["Bone_Spikes","Chill_Blood"],"picked":"Bone_Bullets","floor":13},{"not_picked":["Toxic_Smoke_Screen","Life_Tap"],"picked":"Summon_Vampire_Lady","floor":14}],"player_experience":477576,"relics_obtained":[{"floor":11,"key":"Bag of Preparation"},{"floor":13,"key":"DeathKnight:SindragosasSkull"}],"event_choices":[],"is_beta":false,"boss_relics":[],"items_purged_floors":[],"is_endless":false,"potions_floor_spawned":[2,11,12,13],"killed_by":"Hallownest:BossHornet","ascension_level":4}}