{"host":"ysj15tgd1sneq0s0","time":1612019882,"event":{"mods":["AchievementEnabler","BaseMod","DeckTracker","Highlight Path","Minty Spire (QoL Compilation)","Permanent Neow","Quick Restart","StSLib","SuperFastMode","everything is the same but u backflip on backflip"],"gold_per_floor":[115,134,309,384,50,50,69,83,83,95,95,95],"floor_reached":11,"language":"KOR","playtime":326,"items_purged":["Doubt"],"score":72,"play_id":"14dc2f96-ff88-4ac1-8eba-f48f349ecafc","local_time":"20210131001802","is_ascension_mode":true,"campfire_choices":[{"data":"Finisher","floor":6,"key":"SMITH"}],"circlet_count":0,"master_deck":["Strike_G","Strike_G","Strike_G","Strike_G","Strike_G","Defend_G","Defend_G","Defend_G","Defend_G","Defend_G","Survivor","Neutralize","Finisher+1","Infinite Blades","Finisher"],"relics":["Ring of the Snake","Kunai","White Beast Statue"],"acts_visited":["Exordium"],"potions_floor_usage":[11],"damage_taken":[{"damage":0,"enemies":"Small Slimes","floor":1,"turns":4},{"damage":17,"enemies":"Jaw Worm","floor":2,"turns":7},{"damage":1,"enemies":"Cultist","floor":7,"turns":4},{"damage":10,"enemies":"3 Louse","floor":8,"turns":3},{"damage":25,"enemies":"Looter","floor":10,"turns":4},{"damage":0,"enemies":"3 Sentries","floor":11,"turns":2}],"seed_played":"1185924636473173720","potions_obtained":[{"floor":7,"key":"Strength Potion"},{"floor":10,"key":"FearPotion"}],"is_trial":false,"path_per_floor":["M","M","?","?","$","R","M","M","T","M","E"],"character_chosen":"THE_SILENT","items_purchased":["Kunai"],"campfire_rested":0,"item_purchase_floors":[5],"current_hp_per_floor":[70,53,53,42,42,42,41,31,31,6,6,6],"gold":95,"neow_bonus":"THREE_CARDS","is_daily":false,"chose_seed":false,"campfire_upgraded":1,"win_rate":0.0,"timestamp":1612019882,"path_taken":["M","M","?","?","$","R","M","M","T","M","E"],"items_purchased_type":["Relic"],"build_version":"2020-12-22","purchased_purges":1,"victory":false,"max_hp_per_floor":[70,70,70,70,70,70,70,70,70,70,70,70],"card_choices":[{"not_picked":["Deflect","Prepared","Slice"],"picked":"SKIP","floor":1},{"not_picked":["Dagger Spray","Dagger Throw"],"picked":"Finisher","floor":2},{"not_picked":["Expertise","Acrobatics","Dodge and Roll"],"picked":"SKIP","floor":7},{"not_picked":["Unload","Outmaneuver"],"picked":"Infinite Blades","floor":8},{"not_picked":["Dodge and Roll","Dagger Throw"],"picked":"Finisher","floor":10}],"player_experience":50686,"relics_obtained":[{"floor":9,"key":"White Beast Statue"}],"event_choices":[{"damage_healed":0,"gold_gain":175,"player_choice":"AGREE","damage_taken":0,"max_hp_gain":0,"max_hp_loss":0,"event_name":"Liars Game","floor":3,"gold_loss":0,"cards_obtained":["Doubt"]},{"damage_healed":0,"gold_gain":75,"player_choice":"Gather Gold","damage_taken":11,"max_hp_gain":0,"max_hp_loss":0,"event_name":"World of Goop","floor":4,"gold_loss":0}],"is_beta":false,"boss_relics":[],"items_purged_floors":[5],"is_endless":false,"potions_floor_spawned":[7,10],"killed_by":"3 Sentries","ascension_level":2}}