{"host":"rlwsj8oje50c4na7","time":1612044318,"event":{"mods":["2.2 Compatiblity","Act Like it!","Arknights","Aspiration","BaseMod","Beaked The Cultist","Bestiary","Better Altar","Better Skull","Better Third Choice","Better Vampires","BetterRewards","Colored Map","Colored Powertips","Conspire","Defuse TimeMaze Blight","Energized Spire","Friendly Minions","Gensokyo","GifTheSpireLib","GungeonMod","Halation","Hallownest","Hermit","Highlight Path","Hubris","Infinite Spire","Ironclad Rager","Jedi Mod","JesterMod","Jorbs\u0027s Wanderer Trilogy","Mad Scientist","Minty Spire (QoL Compilation)","Pale of the Ancients","Quick Restart","Random Character Button","Relic Stats","Reliquary","Reorder Act Four","Replay The Spire","Retaliation","Shade Mod","Shop Mod","Spicy Shops","StSLib","Stuff the Spire","The Administrix","The Blackbeard","The Bladedancer","The Blue Laboratory","The Bug Knight","The Clintock","The Construct","The Cursed","The Disciple","The Exalted","The Forsaken","The Hierophant","The IronCluck","The Judge","The Kombatant","The Marked","The Mystic","The Necromancer","The Runesmith","The Servant 0.9.4","TheSwordswoman","Waifu the Spire","everything is the same but u backflip on backflip","slay the spire mod where everything is the same but ironclad has a cowboy hat"],"gold_per_floor":[113,113,123,139,139,139,172,189,189,205,205,221,238,256,256,351,351,371,121,140,156,156,156],"floor_reached":22,"language":"ENG","playtime":5621,"items_purged":[],"score":242,"play_id":"4e5af450-4189-4671-bd2d-7dedca528a91","local_time":"20210131000518","is_ascension_mode":false,"campfire_choices":[{"floor":6.0,"key":"RECALL"},{"floor":11.0,"key":"REST"},{"floor":15.0,"key":"REST"}],"circlet_count":0,"master_deck":["jesterMod:Strike","jesterMod:Strike","jesterMod:Strike","jesterMod:Strike","jesterMod:Sickle","jesterMod:Defend","jesterMod:Defend","jesterMod:Defend","jesterMod:Dodge","jesterMod:LightTheWick","jesterMod:FlameDance+1","jesterMod:Prankster","jesterMod:Momentum","jesterMod:Twirl","jesterMod:BouncingKnife","jesterMod:Flee","jesterMod:Frenzy","jesterMod:HedgehogForm+1","jesterMod:OblivionStrike","GremboGang","jesterMod:Tinker","jesterMod:SelfMockery"],"relics":["jesterMod:JesterCap","Golden Egg","SlaversCollar"],"acts_visited":["Exordium","TheCity"],"potions_floor_usage":[21],"damage_taken":[{"damage":2.0,"enemies":"Cultist","floor":1.0,"turns":4.0},{"damage":0.0,"enemies":"Small Slimes","floor":3.0,"turns":4.0},{"damage":3.0,"enemies":"Jaw Worm","floor":4.0,"turns":3.0},{"damage":52.0,"enemies":"Gremlin Nob","floor":7.0,"turns":6.0},{"damage":0.0,"enemies":"Blue Slaver","floor":8.0,"turns":5.0},{"damage":0.0,"enemies":"2 Fungi Beasts","floor":10.0,"turns":3.0},{"damage":0.0,"enemies":"Large Slime","floor":12.0,"turns":8.0},{"damage":7.0,"enemies":"Looter","floor":13.0,"turns":4.0},{"damage":21.0,"enemies":"Exordium Wildlife","floor":14.0,"turns":6.0},{"damage":0.0,"enemies":"Hexaghost","floor":16.0,"turns":9.0},{"damage":15.0,"enemies":"Shell Parasite","floor":18.0,"turns":8.0},{"damage":19,"enemies":"Spheric Guardian","floor":20,"turns":7},{"damage":34,"enemies":"Centurion and Healer","floor":21,"turns":10},{"damage":10,"enemies":"Chosen and Byrds","floor":22,"turns":2}],"seed_played":"8172896631073968840","potions_obtained":[{"floor":3.0,"key":"blueLaboratory:Moonshine"},{"floor":8.0,"key":"Strength Potion"},{"floor":13.0,"key":"DemoMod:LeadSkinPotion"},{"floor":18.0,"key":"blueLaboratory:TrueEctoplasm"},{"floor":20,"key":"FearPotion"}],"is_trial":false,"path_per_floor":["M","?","M","M","?","R","E","M","T","M","R","M","M","M","R","B",null,"M","?","M","M","M"],"character_chosen":"THE_JESTER","items_purchased":[],"campfire_rested":2,"item_purchase_floors":[],"current_hp_per_floor":[75,75,75,72,72,72,20,20,20,20,43,43,36,15,38,38,77,62,62,43,9,0,0],"gold":156,"neow_bonus":"TEN_PERCENT_HP_BONUS","is_daily":false,"chose_seed":false,"campfire_upgraded":0,"win_rate":0.0,"timestamp":1612044318,"path_taken":["M","?","M","M","?","R","E","M","T","M","R","M","M","M","R","BOSS","M","?","M","M","M"],"items_purchased_type":[],"build_version":"2020-12-22","purchased_purges":0,"victory":false,"max_hp_per_floor":[77,77,77,77,77,77,77,77,77,77,77,77,77,77,77,77,77,77,77,77,77,77,77],"relic_stats":{"counters":[14,79],"obtain_stats":[{"Golden Egg":9,"SlaversCollar":17,"jesterMod:JesterCap":0,"DemoMod:GlassGuonStoneRelic":7},{"Golden Egg":5,"SlaversCollar":10,"jesterMod:JesterCap":0,"DemoMod:GlassGuonStoneRelic":4},{"Golden Egg":22,"SlaversCollar":52,"jesterMod:JesterCap":0,"DemoMod:GlassGuonStoneRelic":17}]},"card_choices":[{"not_picked":["jesterMod:Hide","jesterMod:Feint"],"picked":"jesterMod:LightTheWick","floor":1.0},{"not_picked":["jesterMod:Rebuff","jesterMod:Feint","jesterMod:Schizophrenia"],"picked":"SKIP","floor":3.0},{"not_picked":["jesterMod:Pause","jesterMod:Disposophobia"],"picked":"jesterMod:FlameDance","floor":4.0},{"not_picked":["jesterMod:Rebuff","jesterMod:JackInTheBox"],"picked":"jesterMod:Prankster","floor":7.0},{"not_picked":["jesterMod:Talion","jesterMod:OblivionStrike"],"picked":"jesterMod:Momentum","floor":8.0},{"not_picked":["jesterMod:FlameDance","jesterMod:TrickyDodge"],"picked":"jesterMod:Twirl","floor":10.0},{"not_picked":["jesterMod:JackInTheBox","jesterMod:Talion"],"picked":"jesterMod:BouncingKnife","floor":12.0},{"not_picked":["jesterMod:OblivionStrike","jesterMod:Hide"],"picked":"jesterMod:Flee","floor":13.0},{"not_picked":["jesterMod:BoilDown","jesterMod:DesperateStrike"],"picked":"jesterMod:Frenzy","floor":14.0},{"not_picked":["jesterMod:Pillage","jesterMod:Drunkenness"],"picked":"jesterMod:HedgehogForm","floor":16.0},{"not_picked":["jesterMod:Prankster+1","jesterMod:Rebuff"],"picked":"jesterMod:OblivionStrike","floor":18.0},{"not_picked":["jesterMod:Hide+1","jesterMod:ButterKnife"],"picked":"jesterMod:Tinker","floor":20},{"not_picked":["jesterMod:BouncingKnife","jesterMod:OblivionStrike"],"picked":"jesterMod:SelfMockery","floor":21}],"player_experience":904193,"relics_obtained":[{"floor":9.0,"key":"Golden Egg"}],"event_choices":[{"cards_removed":["jesterMod:Defend"],"damage_healed":0.0,"max_hp_gain":0.0,"max_hp_loss":0.0,"gold_gain":0.0,"event_name":"Living Wall","player_choice":"Forget","floor":2.0,"gold_loss":0.0,"damage_taken":0.0}],"is_beta":false,"boss_relics":[{"not_picked":["StuffTheSpire:ModemDavis","SacredBark"],"picked":"SlaversCollar"}],"items_purged_floors":[],"is_endless":false,"potions_floor_spawned":[3,8,13,14,18,20],"killed_by":"Chosen and Byrds","ascension_level":0}}