{"host":"9ug175nssngig2z3","time":1612041298,"event":{"mods":["Act Like it!","Bard","BaseMod","Colored Powertips","Conspire","Hermit","Hubris","Infinite Spire","Mimic Mod","Minty Spire (QoL Compilation)","Permanent Neow","Relic Stats","Replay The Spire","Spicy Shops","StSLib","The Cursed","The Disciple","The Jungle","The Runesmith","UnlockEverythingMod","everything is the same but u backflip on backflip"],"gold_per_floor":[162,162,251,27,46,46,46,46,46,80,80,80,97,127,127,231,231,244,35,35,35,52,52,62,93,93,93,120,120,120,120,140,157,157,157,157],"floor_reached":35,"language":"ENG","playtime":2389,"items_purged":["bard:Gamble","bard:Strike"],"score":301,"play_id":"28fde2ee-5114-4957-a1c6-959a82e84da2","local_time":"20210130151458","is_ascension_mode":false,"campfire_choices":[{"data":"bard:HarmoniousVoice","floor":6.0,"key":"SMITH"},{"data":"bard:Inspire","floor":8.0,"key":"SMITH"},{"floor":12.0,"key":"REST"},{"data":"bard:Doot","floor":15.0,"key":"SMITH"},{"floor":23,"key":"REST"},{"floor":27,"key":"REST"},{"floor":34,"key":"REST"}],"circlet_count":0,"master_deck":["bard:Strike","bard:Strike","bard:Strike+1","bard:Defend","bard:Defend","bard:Defend","bard:Defend","bard:Riposte","bard:Inspire+1","bard:LifeDrain+1","bard:ViciousMockery","bard:ReverseGravity","bard:HarmoniousVoice+1","bard:HideousLaughter","bard:Doot+1","bard:Sonata+1","bard:SixFourTime+1","bard:Gamble+1","infinitespire:FutureSight","Shame","bard:DiscordantVoice+1","bard:Heroism+1","bard:GlyphOfWarding+1"],"relics":["bard:BagPipes","Tiny House","Anchor","hubris:TinFlute","Blue Candle","Frozen Egg 2","hubris:TerracottaHorce","Replay:Baseball","conspire:RoyalGoblet","theJungle:PaperFaux","Strawberry","ReplayTheSpireMod:Ninjato","conspire:Flyswatter"],"acts_visited":["Exordium","Exordium"],"potions_floor_usage":[16,35,35],"damage_taken":[{"damage":0.0,"enemies":"Cultist","floor":1.0,"turns":5.0},{"damage":0.0,"enemies":"2 Louse","floor":5.0,"turns":2.0},{"damage":10.0,"enemies":"3 Sentries","floor":10.0,"turns":4.0},{"damage":0.0,"enemies":"Small Slimes","floor":13.0,"turns":3.0},{"damage":11.0,"enemies":"Gremlin Nob","floor":14.0,"turns":4.0},{"damage":19,"enemies":"Hexaghost","floor":16,"turns":9},{"damage":13,"enemies":"theJungle:GiantWrat","floor":18,"turns":8},{"damage":12,"enemies":"Shell Parasite","floor":22,"turns":8},{"damage":16,"enemies":"theJungle:Snecko_Cultist_And_Trap","floor":24,"turns":8},{"damage":24,"enemies":"theJungle:MamaSnecko","floor":25,"turns":7},{"damage":12,"enemies":"theJungle:Cassacara","floor":28,"turns":5},{"damage":9,"enemies":"theJungle:SlimyTreeVines","floor":32,"turns":6},{"damage":0,"enemies":"theJungle:2_Flameangoes","floor":33,"turns":6},{"damage":63,"enemies":"theJungle:TotemBoss","floor":35,"turns":4}],"seed_played":"-5751546446041541631","potions_obtained":[{"floor":0.0,"key":"SpyderVenomPotion"},{"floor":5.0,"key":"Explosive Potion"},{"floor":10.0,"key":"BlessingOfTheForge"},{"floor":16,"key":"PowerPotion"},{"floor":25,"key":"Swift Potion"},{"floor":28,"key":"SmokeBomb"}],"is_trial":false,"path_per_floor":["M","?","?","$","M","R","?","R","T","E","?","R","M","E","R","B",null,"M","$","AVR","?","M","R","M","E","T","R","E","?","PTL","PTL","M","M","R","B"],"character_chosen":"BARD","items_purchased":["bard:ReverseGravity","bard:HarmoniousVoice","bard:Gamble+1"],"campfire_rested":4,"item_purchase_floors":[4,4,19],"current_hp_per_floor":[75,75,57,57,57,57,57,57,57,47,47,69,69,58,58,39,66,53,53,53,53,41,63,47,30,30,54,42,42,42,42,39,39,63,0,0],"gold":157,"neow_bonus":"BOSS_RELIC","is_daily":false,"chose_seed":false,"campfire_upgraded":3,"win_rate":0.0,"timestamp":1612041298,"path_taken":["M","?","?","$","M","R","?","R","T","E","?","R","?","E","R","BOSS","M","?","AVR","?","M","R","M","E","T","R","E","?","PTL","PTL","M","?","R","BOSS"],"items_purchased_type":["Card","Card","Card"],"build_version":"2020-12-22","purchased_purges":2,"victory":false,"max_hp_per_floor":[75,75,75,75,75,75,75,75,75,75,75,75,75,75,75,75,75,75,75,75,75,75,75,75,82,82,82,82,82,82,82,82,82,82,82,82],"relic_stats":{"counters":[14,77],"Blue Candle":[7],"obtain_stats":[{"bard:BagPipes":0,"Tiny House":0,"ReplayTheSpireMod:Ninjato":26,"bard:PitchPipe":0,"conspire:RoyalGoblet":20,"Blue Candle":10,"Frozen Egg 2":14,"theJungle:PaperFaux":21,"hubris:TerracottaHorce":17,"Anchor":3,"Replay:Baseball":20,"Strawberry":25,"hubris:TinFlute":9,"conspire:Flyswatter":28},{"bard:BagPipes":0,"Tiny House":0,"ReplayTheSpireMod:Ninjato":10,"bard:PitchPipe":0,"conspire:RoyalGoblet":7,"Blue Candle":3,"Frozen Egg 2":5,"theJungle:PaperFaux":7,"hubris:TerracottaHorce":6,"Anchor":1,"Replay:Baseball":7,"Strawberry":10,"hubris:TinFlute":2,"conspire:Flyswatter":11},{"bard:BagPipes":0,"Tiny House":0,"ReplayTheSpireMod:Ninjato":57,"bard:PitchPipe":0,"conspire:RoyalGoblet":34,"Blue Candle":11,"Frozen Egg 2":18,"theJungle:PaperFaux":34,"hubris:TerracottaHorce":27,"Anchor":5,"Replay:Baseball":34,"Strawberry":57,"hubris:TinFlute":7,"conspire:Flyswatter":62}]},"card_choices":[{"not_picked":["bard:Sift","bard:GlyphOfWarding"],"picked":"bard:LifeDrain","floor":0.0},{"not_picked":["bard:Gamble","bard:LingeringEcho"],"picked":"bard:ViciousMockery","floor":1.0},{"not_picked":["bard:LingeringEcho","bard:CuttingWords"],"picked":"bard:Gamble","floor":3.0},{"not_picked":["bard:Shout","bard:Parry"],"picked":"bard:HideousLaughter","floor":5.0},{"not_picked":["bard:TinyHut","bard:Doot"],"picked":"bard:Improv","floor":10.0},{"not_picked":["bard:Thunderwave","bard:Parry","bard:LifeDrain"],"picked":"SKIP","floor":13.0},{"not_picked":["bard:Thunderwave","bard:Parry","bard:LifeDrain"],"picked":"SKIP","floor":13.0},{"not_picked":["bard:OffKey","bard:Gamble"],"picked":"bard:Doot","floor":14.0},{"not_picked":["bard:Wish","bard:Shifting"],"picked":"bard:Sonata+1","floor":16},{"not_picked":["bard:Thunderwave","bard:FeastOnFear+1"],"picked":"bard:SixFourTime+1","floor":18},{"not_picked":["bard:Parry","bard:BucklerBash","bard:FeastOnFear"],"picked":"SKIP","floor":22},{"not_picked":["bard:LingeringEcho+1","bard:Fermata"],"picked":"bard:DiscordantVoice+1","floor":24},{"not_picked":["bard:FirstStrike","bard:LingeringPerformance"],"picked":"bard:Heroism+1","floor":25},{"not_picked":["bard:PhantasmalForce","bard:GuardPoint","bard:FirstStrike"],"picked":"SKIP","floor":28},{"not_picked":["bard:MantleOfInspiration+1","bard:Rest","bard:Fermata"],"picked":"SKIP","floor":32},{"not_picked":["bard:HideousLaughter","bard:Parry","bard:DervishDance"],"picked":"SKIP","floor":33}],"player_experience":182302,"relics_obtained":[{"floor":3.0,"key":"Anchor"},{"floor":9.0,"key":"hubris:TinFlute"},{"floor":10.0,"key":"Blue Candle"},{"floor":14.0,"key":"Frozen Egg 2"},{"floor":25,"key":"Strawberry"},{"floor":26,"key":"ReplayTheSpireMod:Ninjato"},{"floor":28,"key":"conspire:Flyswatter"}],"event_choices":[{"damage_healed":0.0,"max_hp_gain":0.0,"max_hp_loss":0.0,"gold_gain":0.0,"event_name":"conspire:LoneGhost","player_choice":"Disagree","floor":2.0,"gold_loss":0.0,"damage_taken":0.0},{"damage_healed":0.0,"max_hp_gain":0.0,"max_hp_loss":0.0,"gold_gain":0.0,"event_name":"The Woman in Blue","player_choice":"Bought 0 Potions","floor":11.0,"gold_loss":0.0,"damage_taken":0.0},{"damage_healed":0,"gold_gain":0,"cards_transformed":["bard:Improv"],"player_choice":"Transformed","damage_taken":0,"max_hp_gain":0,"max_hp_loss":0,"event_name":"Transmorgrifier","floor":29,"gold_loss":0,"cards_obtained":["bard:GlyphOfWarding"]}],"is_beta":false,"boss_relics":[{"not_picked":["hubris:HollowSoul","SacredBark"],"picked":"hubris:TerracottaHorce"}],"items_purged_floors":[19,19],"is_endless":false,"potions_floor_spawned":[5,10,16,25,28,32,33],"killed_by":"theJungle:TotemBoss","ascension_level":0}}