{"host":"ffjrj7fisyni1ebk","time":1612004696,"event":{"mods":["2.2 Compatiblity","BaseMod","Bestiary","Colored Map","Colored Powertips","Curses Come First","Highlight Path","Keyboard Shortcuts","Minty Spire (QoL Compilation)","Relic Stats","Slay the Relics Exporter","StSLib","SuperFastMode"],"gold_per_floor":[110,110,110,110,134,177,177,192,192,211,226,250,250,270,270,399,399,423,200,221,239,239,239],"floor_reached":22,"language":"ENG","playtime":2317,"items_purged":["Strike_R"],"score":215,"play_id":"b8b08df5-b117-4382-ab47-249475a7a736","local_time":"20210130130456","is_ascension_mode":false,"campfire_choices":[{"data":"Armaments","floor":7,"key":"SMITH"},{"data":"Body Slam","floor":13,"key":"SMITH"},{"floor":15,"key":"RECALL"}],"circlet_count":0,"master_deck":["Strike_R","Strike_R","Strike_R","Defend_R","Defend_R","Defend_R","Defend_R","Bash","Armaments+1","Body Slam+1","Shrug It Off","Uppercut","Dual Wield","True Grit","Demon Form","Sentinel","Shrug It Off","Enlightenment","Fire Breathing"],"relics":["Burning Blood","NeowsBlessing","Golden Idol","Question Card","Black Star"],"acts_visited":["Exordium","TheCity"],"potions_floor_usage":[22,22,22],"damage_taken":[{"damage":0,"enemies":"2 Louse","floor":1,"turns":2},{"damage":0,"enemies":"Small Slimes","floor":5,"turns":1},{"damage":0,"enemies":"Lagavulin","floor":6,"turns":1},{"damage":0,"enemies":"Cultist","floor":8,"turns":3},{"damage":2,"enemies":"Looter","floor":10,"turns":3},{"damage":28,"enemies":"Large Slime","floor":11,"turns":8},{"damage":3,"enemies":"3 Louse","floor":12,"turns":4},{"damage":0,"enemies":"Exordium Wildlife","floor":14,"turns":7},{"damage":27,"enemies":"The Guardian","floor":16,"turns":17},{"damage":33,"enemies":"Shell Parasite","floor":18,"turns":10},{"damage":19,"enemies":"Spheric Guardian","floor":20,"turns":10},{"damage":27,"enemies":"Shelled Parasite and Fungi","floor":21,"turns":7},{"damage":29,"enemies":"3 Cultists","floor":22,"turns":4}],"seed_played":"7007735867998173972","potions_obtained":[{"floor":4,"key":"Swift Potion"},{"floor":4,"key":"Ancient Potion"},{"floor":4,"key":"DuplicationPotion"},{"floor":5,"key":"Ancient Potion"},{"floor":11,"key":"Strength Potion"},{"floor":12,"key":"PowerPotion"},{"floor":14,"key":"BlessingOfTheForge"}],"is_trial":false,"path_per_floor":["M","?","?","?","M","E","R","M","T","M","M","M","R","M","R","B",null,"M","$","M","M","M"],"character_chosen":"IRONCLAD","items_purchased":["Shrug It Off","Enlightenment"],"campfire_rested":0,"item_purchase_floors":[19,19],"current_hp_per_floor":[80,60,60,60,66,72,72,78,78,80,58,61,61,67,67,46,80,53,53,40,19,0,0],"gold":239,"neow_bonus":"THREE_ENEMY_KILL","is_daily":false,"chose_seed":false,"campfire_upgraded":2,"win_rate":0.0,"timestamp":1612004696,"path_taken":["M","?","?","?","?","E","R","M","T","M","M","M","R","M","R","BOSS","M","$","M","M","M"],"items_purchased_type":["Card","Card"],"build_version":"2020-12-22","purchased_purges":1,"victory":false,"max_hp_per_floor":[80,80,80,80,80,80,80,80,80,80,80,80,80,80,80,80,80,80,80,80,80,80,80],"relic_stats":{"counters":[13,77],"Golden Idol":72,"Black Star":0,"Question Card":9,"obtain_stats":[{"NeowsBlessing":0,"Golden Idol":2,"Black Star":17,"Question Card":6,"Burning Blood":0},{"NeowsBlessing":0,"Golden Idol":1,"Black Star":9,"Question Card":3,"Burning Blood":0},{"NeowsBlessing":0,"Golden Idol":2,"Black Star":46,"Question Card":4,"Burning Blood":0}],"Burning Blood":64},"card_choices":[{"not_picked":["Twin Strike","Second Wind"],"picked":"Armaments","floor":1},{"not_picked":["Shrug It Off","Rampage"],"picked":"Body Slam","floor":5},{"not_picked":["Fiend Fire","Cleave"],"picked":"Shrug It Off","floor":6},{"not_picked":["True Grit","Rupture","Cleave"],"picked":"Uppercut","floor":8},{"not_picked":["Power Through","Clash","Second Wind"],"picked":"Dual Wield","floor":10},{"not_picked":["Corruption","Searing Blow","Rupture","Warcry"],"picked":"SKIP","floor":11},{"not_picked":["Blood for Blood","Sword Boomerang","Havoc","Clash"],"picked":"SKIP","floor":12},{"not_picked":["Sever Soul","Anger","Wild Strike"],"picked":"True Grit","floor":14},{"not_picked":["Offering","Immolate","Exhume"],"picked":"Demon Form","floor":16},{"not_picked":["Reckless Charge+1","Twin Strike","Headbutt"],"picked":"Sentinel","floor":18},{"not_picked":["Anger","Flex+1","Iron Wave","Rampage+1"],"picked":"SKIP","floor":20},{"not_picked":["Cleave","Shrug It Off+1","Clash"],"picked":"Fire Breathing","floor":21}],"player_experience":270327,"relics_obtained":[{"floor":6,"key":"Question Card"}],"event_choices":[{"damage_healed":0,"gold_gain":0,"player_choice":"Take Damage","damage_taken":20,"relics_obtained":["Golden Idol"],"max_hp_gain":0,"max_hp_loss":0,"event_name":"Golden Idol","floor":2,"gold_loss":0},{"cards_removed":["Strike_R"],"damage_healed":0,"gold_gain":0,"player_choice":"Forget","damage_taken":0,"max_hp_gain":0,"max_hp_loss":0,"event_name":"Living Wall","floor":3,"gold_loss":0},{"damage_healed":0,"gold_gain":0,"player_choice":"Got Potions","damage_taken":0,"max_hp_gain":0,"max_hp_loss":0,"event_name":"Lab","floor":4,"gold_loss":0}],"is_beta":false,"boss_relics":[{"not_picked":["Philosopher\u0027s Stone","Cursed Key"],"picked":"Black Star"}],"items_purged_floors":[19],"is_endless":false,"potions_floor_spawned":[5,11,12,14],"killed_by":"3 Cultists","ascension_level":0}}