{"host":"w3q5ijqu8eoknil3","time":1612025979,"event":{"mods":["AchievementEnabler","BaseMod","Block Reminder","Colored Map","Colored Powertips","Curses Come First","Dark Map","Minty Spire (QoL Compilation)","Quick Restart","Relic Stats","StSLib","ojb\u0027s Better Paths Mod","ojb\u0027s Info Mod","slay the spire mod where everything is the same but ironclad has a cowboy hat"],"gold_per_floor":[119,130,146,146,161,161,176,176,176,211,211,240,260,279,279,279,279],"floor_reached":16,"language":"ENG","playtime":419,"items_purged":[],"score":222,"play_id":"8dc09a1d-8b30-42dd-b3a6-4f9f7cbbc8ab","local_time":"20210130165939","is_ascension_mode":true,"campfire_choices":[{"data":"Poisoned Stab","floor":6,"key":"SMITH"},{"floor":8,"key":"REST"},{"floor":11,"key":"REST"},{"floor":15,"key":"REST"}],"circlet_count":0,"master_deck":["AscendersBane","Strike_G","Strike_G","Strike_G","Strike_G","Strike_G","Defend_G","Defend_G","Defend_G","Defend_G+1","Defend_G","Survivor","Neutralize","Bullet Time","Masterful Stab+1","Bane","Poisoned Stab+1","Dagger Spray","Corpse Explosion","Burst","Noxious Fumes","Poisoned Stab","Skewer"],"relics":["Ring of the Snake","Orichalcum","Happy Flower"],"acts_visited":["Exordium"],"potions_floor_usage":[5,16,16],"damage_taken":[{"damage":1,"enemies":"Small Slimes","floor":1,"turns":4},{"damage":2,"enemies":"Jaw Worm","floor":2,"turns":3},{"damage":3,"enemies":"2 Louse","floor":3,"turns":3},{"damage":0,"enemies":"2 Fungi Beasts","floor":5,"turns":3},{"damage":26,"enemies":"Gremlin Gang","floor":7,"turns":5},{"damage":20,"enemies":"Gremlin Nob","floor":10,"turns":4},{"damage":12,"enemies":"3 Sentries","floor":12,"turns":3},{"damage":0,"enemies":"3 Louse","floor":13,"turns":3},{"damage":3,"enemies":"Blue Slaver","floor":14,"turns":4},{"damage":31,"enemies":"Slime Boss","floor":16,"turns":5}],"seed_played":"-2290167704626958486","potions_obtained":[{"floor":2,"key":"Energy Potion"},{"floor":12,"key":"Swift Potion"},{"floor":13,"key":"Swift Potion"},{"floor":14,"key":"AttackPotion"}],"is_trial":false,"path_per_floor":["M","M","M","?","M","R","M","R","T","E","R","E","M","M","R","B"],"character_chosen":"THE_SILENT","items_purchased":[],"campfire_rested":3,"item_purchase_floors":[],"current_hp_per_floor":[58,56,53,35,35,35,9,27,27,7,25,13,13,10,28,0,0],"gold":279,"neow_bonus":"THREE_RARE_CARDS","is_daily":false,"chose_seed":false,"campfire_upgraded":1,"win_rate":0.0,"timestamp":1612025979,"path_taken":["M","M","M","?","M","R","M","R","T","E","R","E","M","M","R","BOSS"],"items_purchased_type":[],"build_version":"2020-12-22","purchased_purges":0,"victory":false,"max_hp_per_floor":[60,60,60,60,60,60,60,60,60,60,60,60,60,60,60,60,60],"relic_stats":{"Happy Flower":[5],"counters":[10,37],"Orichalcum":[48],"obtain_stats":[{"Happy Flower":10,"Orichalcum":9,"Ring of the Snake":0},{"Happy Flower":6,"Orichalcum":5,"Ring of the Snake":0},{"Happy Flower":22,"Orichalcum":18,"Ring of the Snake":0}],"Ring of the Snake":[20]},"card_choices":[{"not_picked":["Adrenaline","Malaise"],"picked":"Bullet Time","floor":0},{"not_picked":["Deflect","Distraction"],"picked":"Masterful Stab","floor":1},{"not_picked":["Dodge and Roll","Endless Agony"],"picked":"Bane","floor":2},{"not_picked":["Acrobatics","Deadly Poison"],"picked":"Poisoned Stab","floor":3},{"not_picked":["Blade Dance","Deadly Poison"],"picked":"Dagger Spray","floor":5},{"not_picked":["Bane","Sucker Punch"],"picked":"Corpse Explosion","floor":7},{"not_picked":["Blade Dance","Crippling Poison"],"picked":"Burst","floor":10},{"not_picked":["Slice","Distraction"],"picked":"Noxious Fumes","floor":12},{"not_picked":["Noxious Fumes","Deadly Poison"],"picked":"Poisoned Stab","floor":13},{"not_picked":["Distraction","Outmaneuver"],"picked":"Skewer","floor":14}],"player_experience":1024118,"relics_obtained":[{"floor":9,"key":"Orichalcum"},{"floor":10,"key":"Happy Flower"}],"event_choices":[{"damage_healed":0,"gold_gain":0,"player_choice":"Entered Light","damage_taken":18,"max_hp_gain":0,"max_hp_loss":0,"event_name":"Shining Light","floor":4,"gold_loss":0,"cards_upgraded":["Defend_G","Masterful Stab"]}],"is_beta":false,"boss_relics":[],"items_purged_floors":[],"is_endless":false,"potions_floor_spawned":[2,12,13,14],"killed_by":"Slime Boss","ascension_level":19}}