{"host":"sc0o2qwpf9j16a4i","time":1612018597,"event":{"mods":["AchievementEnabler","BaseMod","BetterRewards","Block Reminder","Colored Map","Colored Powertips","Custom Start","Highlight Path","Minty Spire (QoL Compilation)","Relic Stats"],"gold_per_floor":[119,139,139,139,162,193,193,193,193,236,276,276,6,72,72,203,203,239,282,282,300,369,369,437,437,460,473,536,51,51,105,105,201,201,217,1216,1235,1245,1321,1321,1331,1364,1387,1429,641,641,654,683,683,683],"floor_reached":51,"language":"ENG","playtime":2209,"items_purged":["Strike_R"],"score":1043,"play_id":"0955b416-4424-4322-b1f9-17b827729220","local_time":"20210130165637","daily_mods":["Allstar","Diverse","DeadlyEvents"],"is_ascension_mode":false,"campfire_choices":[{"data":"Apotheosis","floor":7,"key":"SMITH"},{"data":"Offering","floor":12,"key":"SMITH"},{"floor":15,"key":"REST"},{"data":"Wraith Form v2","floor":23,"key":"SMITH"},{"data":"Footwork","floor":25,"key":"SMITH"},{"data":"Skewer","floor":32,"key":"SMITH"},{"data":"Normality","floor":40,"key":"PURGE"},{"data":"Normality","floor":46,"key":"PURGE"},{"data":"Demon Form","floor":49,"key":"SMITH"}],"circlet_count":0,"master_deck":["Strike_R","Strike_R","Strike_R","Strike_R","Defend_R","Defend_R","Defend_R","Defend_R","Bash","Apotheosis+1","Bandage Up","The Bomb","Dark Shackles","Good Instincts","Skewer+1","Protect","SandsOfTime","Offering+1","Burning Pact+1","Consecrate","HandOfGreed","Wireheading","Wraith Form v2+1","Footwork+1","RitualDagger","DeceiveReality+1","PiercingWail+1","Reaper","Reinforced Body+1","WheelKick","Corruption","ConjureBlade+1","Burning Pact+1","Hologram+1","PiercingWail+1","Decay","Dual Wield+1","Panacea+1","Bouncing Flask+1","Protect+1","Demon Form+1"],"relics":["Burning Blood","Bloody Idol","StoneCalendar","Nunchaku","Peace Pipe","Toxic Egg 2","Shuriken","Blood Vial","Snecko Eye","Red Skull","Bag of Marbles","Bronze Scales","Singing Bowl","Orrery","Ornamental Fan","Cursed Key","Incense Burner","Boot","Oddly Smooth Stone","Bottled Tornado","OrangePellets","Meat on the Bone","Regal Pillow"],"acts_visited":["Exordium","TheCity","TheBeyond"],"potions_floor_usage":[11,11,19,31,33,39,47,50,50,50,50],"damage_taken":[{"damage":0,"enemies":"Small Slimes","floor":1,"turns":4},{"damage":0,"enemies":"2 Louse","floor":2,"turns":4},{"damage":6,"enemies":"Cultist","floor":5,"turns":5},{"damage":18,"enemies":"3 Sentries","floor":6,"turns":8},{"damage":20,"enemies":"Gremlin Nob","floor":10,"turns":4},{"damage":6,"enemies":"Lagavulin","floor":11,"turns":5},{"damage":24,"enemies":"Gremlin Nob","floor":14,"turns":3},{"damage":25,"enemies":"Slime Boss","floor":16,"turns":6},{"damage":8,"enemies":"2 Thieves","floor":18,"turns":3},{"damage":6,"enemies":"3 Byrds","floor":19,"turns":5},{"damage":18,"enemies":"3 Cultists","floor":21,"turns":3},{"damage":6,"enemies":"Chosen and Byrds","floor":22,"turns":4},{"damage":0,"enemies":"Gremlin Leader","floor":24,"turns":5},{"damage":11,"enemies":"Snecko","floor":27,"turns":4},{"damage":12,"enemies":"Book of Stabbing","floor":28,"turns":6},{"damage":0,"enemies":"Gremlin Leader","floor":31,"turns":4},{"damage":14,"enemies":"Automaton","floor":33,"turns":12},{"damage":1,"enemies":"3 Darklings","floor":35,"turns":4},{"damage":5,"enemies":"Orb Walker","floor":37,"turns":3},{"damage":7,"enemies":"Transient","floor":38,"turns":5},{"damage":19,"enemies":"2 Orb Walkers","floor":39,"turns":5},{"damage":1,"enemies":"4 Shapes","floor":41,"turns":5},{"damage":6,"enemies":"Giant Head","floor":42,"turns":10},{"damage":7,"enemies":"Writhing Mass","floor":44,"turns":3},{"damage":1,"enemies":"Spire Growth","floor":47,"turns":3},{"damage":1,"enemies":"Reptomancer","floor":48,"turns":3},{"damage":6,"enemies":"Donu and Deca","floor":50,"turns":7}],"seed_played":"4265039260492428911","potions_obtained":[{"floor":5,"key":"SteroidPotion"},{"floor":10,"key":"Ancient Potion"},{"floor":11,"key":"AttackPotion"},{"floor":16,"key":"Dexterity Potion"},{"floor":18,"key":"Block Potion"},{"floor":21,"key":"ElixirPotion"},{"floor":24,"key":"Explosive Potion"},{"floor":33,"key":"EntropicBrew"},{"floor":35,"key":"Block Potion"},{"floor":39,"key":"Swift Potion"}],"is_trial":true,"path_per_floor":["M","M","?","?","M","E","R","?","T","E","E","R","$","E","R","B",null,"M","M","?","M","M","R","E","R","T","M","E","$","?","E","R","B",null,"M","?","M","M","?","R","M","E","T","M","$","R","M","E","R","B",null],"character_chosen":"IRONCLAD","items_purchased":["HandOfGreed","Reinforced Body+1","Singing Bowl","Orrery","Bottled Tornado","OrangePellets","Meat on the Bone","Panacea+1","Bouncing Flask+1"],"campfire_rested":1,"item_purchase_floors":[13,29,29,29,45,45,45,45,45],"current_hp_per_floor":[80,80,60,60,66,60,60,57,57,47,51,51,51,33,57,46,80,78,80,74,70,78,78,80,80,80,75,77,85,85,88,88,88,88,88,88,90,92,92,92,94,94,94,94,94,94,94,94,94,94],"gold":683,"neow_bonus":"","is_daily":false,"chose_seed":false,"campfire_upgraded":6,"win_rate":0.0,"timestamp":1612018597,"path_taken":["M","M","?","?","M","E","R","?","T","?","E","R","$","E","R","BOSS","M","M","?","?","M","R","E","R","T","M","E","$","?","E","R","BOSS","M","?","?","M","?","R","M","E","T","M","$","R","?","E","R","BOSS"],"items_purchased_type":["Card","Card","Relic","Relic","Relic","Relic","Relic","Card","Card"],"build_version":"2020-12-22","purchased_purges":1,"victory":true,"max_hp_per_floor":[80,80,80,80,80,80,80,80,80,80,80,80,80,80,80,80,80,80,80,80,80,80,80,80,80,80,80,80,88,88,88,88,88,88,88,88,90,92,92,92,94,94,94,94,94,94,94,94,94,94],"relic_stats":{"Regal Pillow":0,"Singing Bowl":14,"counters":[27,133],"StoneCalendar":[118],"Cursed Key":1,"Boot":[0],"Burning Blood":94,"Peace Pipe":2,"Blood Vial":14,"OrangePellets":[6],"Nunchaku":[18],"Shuriken":[25],"Ornamental Fan":[56],"Bloody Idol":16,"Bronze Scales":[154],"Snecko Eye":[169,151,163,163],"obtain_stats":[{"Regal Pillow":48,"Singing Bowl":29,"Golden Idol":3,"Oddly Smooth Stone":43,"StoneCalendar":6,"Incense Burner":39,"Bottled Tornado":45,"Cursed Key":34,"Boot":42,"Burning Blood":0,"Peace Pipe":9,"Blood Vial":14,"OrangePellets":45,"Nunchaku":8,"Shuriken":11,"Ornamental Fan":31,"Bronze Scales":28,"Bloody Idol":30,"Snecko Eye":17,"Orrery":29,"Bag of Marbles":26,"Toxic Egg 2":10,"Red Skull":24,"Meat on the Bone":45},{"Regal Pillow":26,"Singing Bowl":15,"Golden Idol":2,"Oddly Smooth Stone":23,"StoneCalendar":4,"Incense Burner":21,"Bottled Tornado":24,"Cursed Key":17,"Boot":23,"Burning Blood":0,"Peace Pipe":4,"Blood Vial":7,"OrangePellets":24,"Nunchaku":4,"Shuriken":6,"Ornamental Fan":16,"Bronze Scales":15,"Bloody Idol":15,"Snecko Eye":8,"Orrery":15,"Bag of Marbles":13,"Toxic Egg 2":5,"Red Skull":13,"Meat on the Bone":24},{"Regal Pillow":126,"Singing Bowl":69,"Golden Idol":8,"Oddly Smooth Stone":117,"StoneCalendar":21,"Incense Burner":102,"Bottled Tornado":120,"Cursed Key":85,"Boot":117,"Burning Blood":0,"Peace Pipe":21,"Blood Vial":33,"OrangePellets":120,"Nunchaku":21,"Shuriken":30,"Ornamental Fan":73,"Bronze Scales":69,"Bloody Idol":69,"Snecko Eye":39,"Orrery":69,"Bag of Marbles":59,"Toxic Egg 2":25,"Red Skull":59,"Meat on the Bone":120}],"Meat on the Bone":0},"card_choices":[{"not_picked":["SashWhip","Coolheaded"],"picked":"Skewer","floor":1},{"not_picked":["Sucker Punch","Hologram"],"picked":"Protect","floor":2},{"not_picked":["Hologram","True Grit"],"picked":"SandsOfTime","floor":5},{"not_picked":["PathToVictory","Flex"],"picked":"Offering","floor":6},{"not_picked":["Combust","Distraction+1"],"picked":"Burning Pact+1","floor":10},{"not_picked":["Pommel Strike","Flex+1"],"picked":"Consecrate","floor":11},{"not_picked":["Tantrum","Clash"],"picked":"Wireheading","floor":14},{"not_picked":["Berserk","Multi-Cast+1"],"picked":"Wraith Form v2","floor":16},{"not_picked":["Body Slam","Blade Dance+1","Deadly Poison+1"],"picked":"SKIP","floor":18},{"not_picked":["Outmaneuver+1","Darkness+1"],"picked":"Footwork","floor":19},{"not_picked":["Caltrops","JustLucky"],"picked":"DeceiveReality+1","floor":21},{"not_picked":["Streamline","Evaluate+1"],"picked":"PiercingWail+1","floor":22},{"not_picked":["Intimidate+1","Heavy Blade","Rampage+1"],"picked":"SKIP","floor":24},{"not_picked":["Tempest+1","Acrobatics+1","Pummel"],"picked":"SKIP","floor":27},{"not_picked":["Flex+1","Heel Hook"],"picked":"Reaper","floor":28},{"not_picked":["Anger","Dodge and Roll+1","Vengeance+1"],"picked":"Singing Bowl","floor":29},{"not_picked":["Gash","Vengeance+1"],"picked":"WheelKick","floor":29},{"not_picked":["Armaments+1","FlurryOfBlows","Undo+1"],"picked":"Singing Bowl","floor":29},{"not_picked":["Turbo+1","SandsOfTime","All Out Attack"],"picked":"Singing Bowl","floor":29},{"not_picked":["Aggregate+1","Clash","Static Discharge"],"picked":"Singing Bowl","floor":29},{"not_picked":["Acrobatics+1","Outmaneuver+1"],"picked":"Corruption","floor":31},{"not_picked":["Blasphemy+1","Corruption"],"picked":"ConjureBlade+1","floor":33},{"not_picked":["Weave","Halt+1"],"picked":"Burning Pact+1","floor":35},{"not_picked":["Sweeping Beam","Scrape+1","Steam+1"],"picked":"Singing Bowl","floor":37},{"not_picked":["Sword Boomerang","Barrage+1","CrushJoints+1"],"picked":"Singing Bowl","floor":38},{"not_picked":["Streamline","Setup+1"],"picked":"Hologram+1","floor":39},{"not_picked":["Storm+1","Reinforced Body+1","Prostrate+1"],"picked":"Singing Bowl","floor":41},{"not_picked":["Crescendo+1","Dagger Spray+1"],"picked":"PiercingWail+1","floor":42},{"not_picked":["Prepared+1","Tools of the Trade"],"picked":"Dual Wield+1","floor":44},{"not_picked":["FlyingSleeves","BattleHymn+1"],"picked":"Protect+1","floor":47},{"not_picked":["Cold Snap","Cloak And Dagger+1"],"picked":"Demon Form","floor":48}],"player_experience":1090638,"relics_obtained":[{"floor":6,"key":"StoneCalendar"},{"floor":9,"key":"Peace Pipe"},{"floor":10,"key":"Toxic Egg 2"},{"floor":11,"key":"Shuriken"},{"floor":14,"key":"Blood Vial"},{"floor":24,"key":"Red Skull"},{"floor":26,"key":"Bag of Marbles"},{"floor":28,"key":"Bronze Scales"},{"floor":31,"key":"Ornamental Fan"},{"floor":39,"key":"Incense Burner"},{"floor":42,"key":"Boot"},{"floor":43,"key":"Oddly Smooth Stone"},{"floor":48,"key":"Regal Pillow"}],"event_choices":[{"damage_healed":0,"gold_gain":0,"player_choice":"Take Damage","damage_taken":20,"relics_obtained":["Golden Idol"],"max_hp_gain":0,"max_hp_loss":0,"event_name":"Golden Idol","floor":3,"gold_loss":0},{"damage_healed":0,"gold_gain":0,"player_choice":"Ignored","damage_taken":0,"max_hp_gain":0,"max_hp_loss":0,"event_name":"Liars Game","floor":4,"gold_loss":0},{"damage_healed":0,"gold_gain":0,"player_choice":"Success","damage_taken":3,"relics_obtained":["Nunchaku"],"max_hp_gain":0,"max_hp_loss":0,"event_name":"Scrap Ooze","floor":8,"gold_loss":0},{"damage_healed":0,"gold_gain":0,"player_choice":"Joined the Cult","damage_taken":6,"max_hp_gain":0,"max_hp_loss":0,"event_name":"Nest","floor":20,"gold_loss":0,"cards_obtained":["RitualDagger"]},{"damage_healed":0,"gold_gain":0,"player_choice":"Gave Idol","damage_taken":0,"relics_obtained":["Bloody Idol"],"max_hp_gain":0,"max_hp_loss":0,"event_name":"Forgotten Altar","floor":30,"relics_lost":["Golden Idol"],"gold_loss":0},{"damage_healed":0,"gold_gain":999,"player_choice":"Gold","damage_taken":0,"max_hp_gain":0,"max_hp_loss":0,"event_name":"MindBloom","floor":36,"gold_loss":0,"cards_obtained":["Normality","Normality"]},{"damage_healed":0,"gold_gain":0,"player_choice":"Fight","damage_taken":0,"max_hp_gain":0,"max_hp_loss":0,"event_name":"Mysterious Sphere","floor":39,"gold_loss":0}],"is_beta":false,"boss_relics":[{"not_picked":["Ectoplasm","Fusion Hammer"],"picked":"Snecko Eye"},{"not_picked":["Runic Cube","Runic Dome"],"picked":"Cursed Key"}],"items_purged_floors":[13],"is_endless":false,"potions_floor_spawned":[5,10,11,16,18,21,24,33,35,38,39,44],"ascension_level":0}}