{"host":"q206iib20se9i6w7","time":1612032803,"event":{"mods":["AchievementEnabler","BaseMod","Bestiary","Block Reminder","Colored Map","Colored Powertips","Curses Come First","Highlight Path","Key Reminder","Minty Spire (QoL Compilation)","Quick Restart","Random Character Button","Relic Stats","StSLib","SuperFastMode","Unceasing Turn Reminder"],"gold_per_floor":[117,117,132,145,70,100,100,133,158,171,171,171,199,19,19,122,122,133,133,133,158,178,178,178],"floor_reached":23,"language":"ENG","playtime":1286,"items_purged":["Pain","Strike_P"],"score":331,"play_id":"796f6795-cf8b-4a52-a733-7472b27d6bbf","local_time":"20210130125323","is_ascension_mode":true,"campfire_choices":[{"data":"TalkToTheHand","floor":7,"key":"SMITH"},{"floor":11,"key":"REST"},{"floor":15,"key":"REST"}],"circlet_count":0,"master_deck":["AscendersBane","Strike_P+1","Strike_P+1","Defend_P+1","Defend_P+1","Defend_P+1","Defend_P+1","Eruption","Vigilance","Prostrate","MentalFortress","BowlingBash","Adaptation","TalkToTheHand+1","FlurryOfBlows","FlurryOfBlows","CutThroughFate","EmptyMind","Finesse","DevaForm","Tantrum","EmptyBody","MentalFortress"],"relics":["PureWater","WarpedTongs","Smiling Mask","Damaru","Blood Vial","Vajra","Cursed Key","Red Mask"],"acts_visited":["Exordium","TheCity"],"potions_floor_usage":[10,10,21,21,23],"damage_taken":[{"damage":0,"enemies":"2 Louse","floor":1,"turns":3},{"damage":7,"enemies":"Cultist","floor":3,"turns":5},{"damage":2,"enemies":"Small Slimes","floor":4,"turns":2},{"damage":14,"enemies":"3 Sentries","floor":6,"turns":10},{"damage":14,"enemies":"Lagavulin","floor":8,"turns":8},{"damage":11,"enemies":"Exordium Thugs","floor":10,"turns":5},{"damage":36,"enemies":"Gremlin Nob","floor":13,"turns":6},{"damage":1,"enemies":"Hexaghost","floor":16,"turns":6},{"damage":2,"enemies":"3 Byrds","floor":18,"turns":4},{"damage":27,"enemies":"Masked Bandits","floor":21,"turns":3},{"damage":6,"enemies":"2 Thieves","floor":22,"turns":3},{"damage":41,"enemies":"Gremlin Leader","floor":23,"turns":3}],"seed_played":"8154707123121147768","potions_obtained":[{"floor":1,"key":"Block Potion"},{"floor":8,"key":"LiquidMemories"},{"floor":10,"key":"BottledMiracle"},{"floor":12,"key":"Explosive Potion"},{"floor":16,"key":"GamblersBrew"},{"floor":21,"key":"Fruit Juice"}],"is_trial":false,"path_per_floor":["M","?","M","M","$","E","R","E","T","M","R","?","E","$","R","B",null,"M","?","?","?","M","E"],"character_chosen":"WATCHER","items_purchased":["EmptyMind","Finesse"],"campfire_rested":2,"item_purchase_floors":[14,14],"current_hp_per_floor":[65,65,58,56,56,42,42,28,28,19,40,40,6,6,27,28,61,61,61,61,36,32,0,0],"gold":178,"neow_bonus":"TRANSFORM_CARD","is_daily":false,"chose_seed":false,"campfire_upgraded":1,"win_rate":0.0,"timestamp":1612032803,"path_taken":["M","?","M","M","$","E","R","E","T","?","R","?","E","?","R","BOSS","M","?","?","?","M","E"],"items_purchased_type":["Card","Card"],"build_version":"2020-12-22","purchased_purges":2,"victory":false,"max_hp_per_floor":[72,72,72,72,72,72,72,72,72,72,72,72,72,72,72,72,72,72,72,72,72,72,77,77],"relic_stats":{"Blood Vial":14,"counters":[12,58],"Smiling Mask":50,"Cursed Key":0,"obtain_stats":[{"Blood Vial":9,"Damaru":8,"Vajra":13,"Red Mask":21,"PureWater":0,"Smiling Mask":6,"Cursed Key":17,"WarpedTongs":2},{"Blood Vial":5,"Damaru":5,"Vajra":7,"Red Mask":10,"PureWater":0,"Smiling Mask":4,"Cursed Key":8,"WarpedTongs":1},{"Blood Vial":28,"Damaru":28,"Vajra":39,"Red Mask":52,"PureWater":0,"Smiling Mask":20,"Cursed Key":45,"WarpedTongs":3}],"WarpedTongs":[55]},"card_choices":[{"not_picked":["Prostrate","CrushJoints"],"picked":"MentalFortress","floor":1},{"not_picked":["DeceiveReality","WreathOfFlame"],"picked":"BowlingBash","floor":3},{"not_picked":["FlyingSleeves","DeceiveReality"],"picked":"Adaptation","floor":4},{"not_picked":["Swivel","ReachHeaven"],"picked":"TalkToTheHand","floor":6},{"not_picked":["CutThroughFate","ForeignInfluence"],"picked":"FlurryOfBlows","floor":8},{"not_picked":["JustLucky","Protect"],"picked":"FlurryOfBlows","floor":10},{"not_picked":["ThirdEye","FlyingSleeves"],"picked":"CutThroughFate","floor":13},{"not_picked":["LessonLearned","DeusExMachina"],"picked":"DevaForm","floor":16},{"not_picked":["FlurryOfBlows","Conclude","CrushJoints+1"],"picked":"SKIP","floor":18},{"not_picked":["ForeignInfluence","Crescendo"],"picked":"EmptyBody","floor":21},{"not_picked":["InnerPeace","Swivel+1"],"picked":"MentalFortress","floor":22}],"player_experience":297490,"relics_obtained":[{"floor":6,"key":"Smiling Mask"},{"floor":8,"key":"Damaru"},{"floor":9,"key":"Blood Vial"},{"floor":13,"key":"Vajra"},{"floor":21,"key":"Red Mask"}],"event_choices":[{"damage_healed":0,"gold_gain":0,"player_choice":"Rummage","damage_taken":0,"relics_obtained":["WarpedTongs"],"max_hp_gain":0,"max_hp_loss":0,"event_name":"Accursed Blacksmith","floor":2,"gold_loss":0,"cards_obtained":["Pain"]},{"damage_healed":0,"gold_gain":0,"player_choice":"Got Potions","damage_taken":0,"max_hp_gain":0,"max_hp_loss":0,"event_name":"Lab","floor":12,"gold_loss":0},{"damage_healed":0,"gold_gain":0,"player_choice":"Simplicity","damage_taken":0,"max_hp_gain":0,"max_hp_loss":0,"event_name":"Back to Basics","floor":19,"gold_loss":0,"cards_upgraded":["Strike_P","Strike_P","Defend_P","Defend_P","Defend_P","Defend_P"]},{"damage_healed":0,"gold_gain":0,"player_choice":"Read","damage_taken":0,"max_hp_gain":0,"max_hp_loss":0,"event_name":"The Library","floor":20,"gold_loss":0,"cards_obtained":["Tantrum"]},{"damage_healed":0,"gold_gain":0,"player_choice":"Fought Bandits","damage_taken":0,"max_hp_gain":0,"max_hp_loss":0,"event_name":"Masked Bandits","floor":21,"gold_loss":0}],"is_beta":false,"boss_relics":[{"not_picked":["Busted Crown","Calling Bell"],"picked":"Cursed Key"}],"items_purged_floors":[5,14],"is_endless":false,"potions_floor_spawned":[1,8,10,16,21],"killed_by":"Gremlin Leader","ascension_level":12}}