{"host":"q9718omregw4er46","time":1612035805,"event":{"mods":["BaseMod","Bestiary","Colored Powertips","Custom Start","Minty Spire (QoL Compilation)","Practice Mode","Quick Restart","Relic Stats"],"gold_per_floor":[116,13,30,30,30,57,57,77,126,157,171,196,209,229,229,303,303,315,315,71,89,108,108,120,155,155,155,180,18,47,76,76,150,150,160,171,226,236,255,255,255],"floor_reached":40,"language":"ENG","playtime":1995,"items_purged":["Strike_P"],"score":1211,"play_id":"5112d167-e236-4da4-96b8-25e72523d8da","local_time":"20210131004325","is_ascension_mode":true,"campfire_choices":[{"data":"FollowUp","floor":7.0,"key":"SMITH"},{"data":"Vigilance","floor":15.0,"key":"SMITH"},{"data":"Blasphemy","floor":23.0,"key":"SMITH"},{"data":"Meditate","floor":27.0,"key":"SMITH"},{"data":"Wallop","floor":32.0,"key":"SMITH"}],"circlet_count":0,"master_deck":["AscendersBane","Strike_P","Defend_P","Defend_P","Defend_P","Defend_P","Eruption","Vigilance+1","FollowUp+1","EmptyFist+1","DeusExMachina","Tantrum","FlurryOfBlows","Omniscience","Adaptation","Blasphemy+1","Meditate+1","Omniscience","Conclude","EmptyMind","Halt","Wallop+1","FlurryOfBlows","FearNoEvil","DeusExMachina","DevaForm","Sanctity"],"relics":["HolyWater","NeowsBlessing","Akabeko","Happy Flower","Bag of Preparation","Singing Bowl","VioletLotus","DollysMirror","Gremlin Horn","Du-Vu Doll","Kunai","Lee\u0027s Waffle","Thread and Needle","Red Mask","CloakClasp"],"acts_visited":["Exordium","TheCity","TheBeyond"],"potions_floor_usage":[40],"damage_taken":[{"damage":0.0,"enemies":"2 Louse","floor":1.0,"turns":1.0},{"damage":0.0,"enemies":"Jaw Worm","floor":3.0,"turns":1.0},{"damage":0.0,"enemies":"Lagavulin","floor":6.0,"turns":2.0},{"damage":0.0,"enemies":"Cultist","floor":8.0,"turns":3.0},{"damage":22.0,"enemies":"3 Sentries","floor":10.0,"turns":10.0},{"damage":0.0,"enemies":"Red Slaver","floor":11.0,"turns":1.0},{"damage":0.0,"enemies":"Lagavulin","floor":12.0,"turns":3.0},{"damage":0.0,"enemies":"Looter","floor":13.0,"turns":1.0},{"damage":0.0,"enemies":"Exordium Wildlife","floor":14.0,"turns":2.0},{"damage":1.0,"enemies":"Slime Boss","floor":16.0,"turns":6.0},{"damage":1.0,"enemies":"2 Thieves","floor":18.0,"turns":2.0},{"damage":11.0,"enemies":"Shell Parasite","floor":21.0,"turns":2.0},{"damage":0.0,"enemies":"Chosen and Byrds","floor":22.0,"turns":5.0},{"damage":15.0,"enemies":"Shelled Parasite and Fungi","floor":24.0,"turns":3.0},{"damage":0.0,"enemies":"Gremlin Leader","floor":25.0,"turns":4.0},{"damage":0.0,"enemies":"Book of Stabbing","floor":28.0,"turns":3.0},{"damage":12.0,"enemies":"Slavers","floor":30.0,"turns":2.0},{"damage":0.0,"enemies":"Masked Bandits","floor":31.0,"turns":1.0},{"damage":11.0,"enemies":"Automaton","floor":33.0,"turns":8.0},{"damage":22.0,"enemies":"3 Darklings","floor":35.0,"turns":3.0},{"damage":0.0,"enemies":"Orb Walker","floor":36.0,"turns":2.0},{"damage":0,"enemies":"2 Orb Walkers","floor":37,"turns":2},{"damage":27,"enemies":"4 Shapes","floor":38,"turns":6},{"damage":11,"enemies":"Sphere and 2 Shapes","floor":39,"turns":5},{"damage":33,"enemies":"Nemesis","floor":40,"turns":4}],"seed_played":"-8283663993512275344","potions_obtained":[{"floor":10.0,"key":"FearPotion"},{"floor":12.0,"key":"SmokeBomb"},{"floor":14.0,"key":"Dexterity Potion"},{"floor":16.0,"key":"LiquidMemories"},{"floor":24.0,"key":"Explosive Potion"},{"floor":28.0,"key":"SpeedPotion"},{"floor":37,"key":"DuplicationPotion"},{"floor":39,"key":"Swift Potion"}],"is_trial":false,"path_per_floor":["M","$","M","?","?","E","R","M","T","E","M","E","M","M","R","B",null,"M","?","$","M","M","R","M","E","T","R","E","$","E","?","R","B",null,"M","M","?","M","M","E"],"character_chosen":"WATCHER","items_purchased":["EmptyFist","DollysMirror","Conclude","Lee\u0027s Waffle"],"campfire_rested":0,"item_purchase_floors":[2,20,20,29],"current_hp_per_floor":[61,61,61,61,54,54,54,54,54,32,32,34,34,34,34,33,61,60,60,60,49,49,49,34,34,34,34,34,77,65,67,67,56,73,53,55,55,30,21,0,0],"gold":255,"neow_bonus":"THREE_ENEMY_KILL","is_daily":false,"chose_seed":false,"campfire_upgraded":5,"win_rate":0.0,"timestamp":1612035805,"path_taken":["M","$","M","?","?","E","R","M","T","E","M","E","M","M","R","BOSS","M","?","$","?","M","R","M","E","T","R","E","?","E","?","R","BOSS","M","M","?","M","M","E"],"items_purchased_type":["Card","Relic","Card","Relic"],"build_version":"2020-12-22","purchased_purges":1,"victory":false,"max_hp_per_floor":[68,68,68,68,68,68,68,68,68,68,68,70,70,70,70,70,70,70,70,70,70,70,70,70,70,70,70,70,77,77,79,79,79,79,81,83,83,85,87,87,87],"relic_stats":{"Lee\u0027s Waffle":43,"Happy Flower":[25],"Singing Bowl":12,"Gremlin Horn":[14,13],"counters":[25,82],"VioletLotus":[28],"Bag of Preparation":[39],"CloakClasp":[67],"Kunai":[35],"obtain_stats":[{"Lee\u0027s Waffle":29,"NeowsBlessing":0,"Happy Flower":9,"Singing Bowl":12,"Gremlin Horn":25,"Thread and Needle":30,"Bag of Preparation":10,"CloakClasp":37,"Akabeko":6,"Du-Vu Doll":26,"DollysMirror":20,"HolyWater":34,"VioletLotus":17,"Red Mask":31,"Kunai":28,"PureWater":0},{"Lee\u0027s Waffle":16,"NeowsBlessing":0,"Happy Flower":4,"Singing Bowl":7,"Gremlin Horn":15,"Thread and Needle":17,"Bag of Preparation":5,"CloakClasp":22,"Akabeko":3,"Du-Vu Doll":15,"DollysMirror":11,"HolyWater":19,"VioletLotus":10,"Red Mask":18,"Kunai":16,"PureWater":0},{"Lee\u0027s Waffle":49,"NeowsBlessing":0,"Happy Flower":7,"Singing Bowl":21,"Gremlin Horn":46,"Thread and Needle":51,"Bag of Preparation":17,"CloakClasp":67,"Akabeko":4,"Du-Vu Doll":46,"DollysMirror":32,"HolyWater":60,"VioletLotus":30,"Red Mask":52,"Kunai":49,"PureWater":0}]},"card_choices":[{"not_picked":["Crescendo","Halt"],"picked":"FollowUp","floor":1.0},{"not_picked":["InnerPeace","Perseverance","Nirvana"],"picked":"SKIP","floor":3.0},{"not_picked":["Consecrate","Ragnarok"],"picked":"DeusExMachina","floor":6.0},{"not_picked":["Fasting2","InnerPeace","ThirdEye"],"picked":"SKIP","floor":8.0},{"not_picked":["FollowUp","Halt"],"picked":"Tantrum","floor":10.0},{"not_picked":["Prostrate","ThirdEye"],"picked":"FlurryOfBlows","floor":11.0},{"not_picked":["Weave","JustLucky","FollowUp"],"picked":"Singing Bowl","floor":12.0},{"not_picked":["CarveReality","SashWhip"],"picked":"Omniscience","floor":13.0},{"not_picked":["ClearTheMind","DeceiveReality"],"picked":"Adaptation","floor":14.0},{"not_picked":["SpiritShield","Establishment"],"picked":"Blasphemy","floor":16.0},{"not_picked":["WaveOfTheHand+1","ReachHeaven"],"picked":"Meditate","floor":18.0},{"not_picked":["WindmillStrike","FollowUp"],"picked":"EmptyMind","floor":21.0},{"not_picked":["JustLucky","Protect"],"picked":"Halt","floor":22.0},{"not_picked":["Collect","EmptyBody"],"picked":"Wallop","floor":24.0},{"not_picked":["InnerPeace","Weave"],"picked":"FlurryOfBlows","floor":25.0},{"not_picked":["Protect","Wallop"],"picked":"FearNoEvil","floor":28.0},{"not_picked":["CrushJoints+1","ClearTheMind"],"picked":"DeusExMachina","floor":30.0},{"not_picked":["EmptyBody","Nirvana","FlurryOfBlows"],"picked":"Singing Bowl","floor":31.0},{"not_picked":["Judgement","Establishment"],"picked":"DevaForm","floor":33.0},{"not_picked":["SashWhip+1","Adaptation+1","Prostrate"],"picked":"Singing Bowl","floor":35.0},{"not_picked":["Evaluate","CrushJoints+1","Adaptation"],"picked":"Singing Bowl","floor":36.0},{"not_picked":["FearNoEvil","Swivel"],"picked":"Sanctity","floor":37},{"not_picked":["SashWhip","FlurryOfBlows+1","BattleHymn"],"picked":"Singing Bowl","floor":38},{"not_picked":["FollowUp","BowlingBash","EmptyBody"],"picked":"Singing Bowl","floor":39}],"player_experience":765567,"relics_obtained":[{"floor":6.0,"key":"Akabeko"},{"floor":9.0,"key":"Happy Flower"},{"floor":10.0,"key":"Bag of Preparation"},{"floor":12.0,"key":"Singing Bowl"},{"floor":25.0,"key":"Gremlin Horn"},{"floor":26.0,"key":"Du-Vu Doll"},{"floor":28.0,"key":"Kunai"},{"floor":30.0,"key":"Thread and Needle"},{"floor":31.0,"key":"Red Mask"},{"floor":37,"key":"CloakClasp"}],"event_choices":[{"damage_healed":0.0,"max_hp_gain":0.0,"max_hp_loss":0.0,"gold_gain":0.0,"event_name":"Living Wall","player_choice":"Grow","floor":4.0,"gold_loss":0.0,"damage_taken":0.0,"cards_upgraded":["EmptyFist"]},{"cards_removed":["Strike_P"],"damage_healed":0.0,"max_hp_gain":0.0,"max_hp_loss":0.0,"gold_gain":0.0,"event_name":"Golden Wing","player_choice":"Card Removal","floor":5.0,"gold_loss":0.0,"damage_taken":7.0},{"cards_removed":["Strike_P"],"damage_healed":0.0,"max_hp_gain":0.0,"max_hp_loss":0.0,"gold_gain":0.0,"event_name":"Bonfire Elementals","player_choice":"Offered Basic","floor":19.0,"gold_loss":0.0,"damage_taken":0.0},{"damage_healed":0.0,"max_hp_gain":0.0,"max_hp_loss":0.0,"gold_gain":0.0,"event_name":"Masked Bandits","player_choice":"Fought Bandits","floor":31.0,"gold_loss":0.0,"damage_taken":0.0},{"damage_healed":0,"gold_gain":0,"player_choice":"Fight","damage_taken":0,"max_hp_gain":0,"max_hp_loss":0,"event_name":"Mysterious Sphere","floor":37,"gold_loss":0}],"is_beta":false,"boss_relics":[{"not_picked":["Busted Crown","SlaversCollar"],"picked":"VioletLotus"},{"not_picked":["Empty Cage","Velvet Choker"],"picked":"HolyWater"}],"items_purged_floors":[2],"is_endless":false,"potions_floor_spawned":[10,12,14,16,24,28,30,37,39],"killed_by":"Nemesis","ascension_level":20}}