{"host":"oigynbtg272c19pw","time":1612035911,"event":{"mods":["BaseMod","Colored Map","Minty Spire (QoL Compilation)","Relic Stats","Slay the Relics Exporter","StSLib"],"gold_per_floor":[110,110,129,2,2,2,2,33,33,33,63,28,46,46,46,141,141,166,182,182,182,195,239,239,270,270,270,295,420,420,463,463,557,557,576,592,623,638,47,78,78,112,186,186,206,206,242,256,256,256,256,256,256,27,65,65],"floor_reached":57,"playtime":5743,"items_purged":["Strike_P","Bite","Doubt"],"score":3183,"play_id":"41124b15-b3d8-4101-92b2-08cb25addc3a","local_time":"20210130204511","is_ascension_mode":true,"campfire_choices":[{"data":"TalkToTheHand","floor":6.0,"key":"SMITH"},{"data":"Consecrate","floor":10.0,"key":"SMITH"},{"data":"Meditate","floor":15.0,"key":"SMITH"},{"floor":24.0,"key":"REST"},{"data":"TalkToTheHand","floor":27.0,"key":"SMITH"},{"data":"Scrawl","floor":30.0,"key":"SMITH"},{"data":"WaveOfTheHand","floor":32.0,"key":"SMITH"},{"floor":41.0,"key":"RECALL"},{"data":"TalkToTheHand","floor":44.0,"key":"SMITH"},{"data":"Vault","floor":49.0,"key":"SMITH"},{"data":"Devotion","floor":53.0,"key":"SMITH"}],"circlet_count":0,"master_deck":["AscendersBane","Eruption","Vigilance","FlurryOfBlows","Consecrate+1","TalkToTheHand+1","Devotion+1","Meditate+1","ThirdEye","Scrawl+1","WaveOfTheHand+1","TalkToTheHand+1","Bite","Bite","Bite","Bite","DeceiveReality","CutThroughFate","Vault+1","Prostrate+1","EmptyFist+1","DevaForm","Omniscience+1","BattleHymn+1","Conclude+1","TalkToTheHand+1","Wireheading+1","Clumsy"],"relics":["PureWater","NeowsBlessing","The Courier","Dead Branch","White Beast Statue","Yang","Golden Idol","Cursed Key","MealTicket","Vajra","Pocketwatch","TungstenRod","Letter Opener","Singing Bowl","Astrolabe","Torii","OrangePellets","Bronze Scales","Lantern","Toy Ornithopter","Potion Belt","StrikeDummy","Calipers","Bag of Marbles","Lizard Tail"],"acts_visited":["Exordium","TheCity","TheBeyond","TheEnding"],"potions_floor_usage":[56,56,56],"damage_taken":[{"damage":0.0,"enemies":"2 Louse","floor":1.0,"turns":1.0},{"damage":0.0,"enemies":"Small Slimes","floor":3.0,"turns":1.0},{"damage":0.0,"enemies":"Gremlin Nob","floor":8.0,"turns":1.0},{"damage":10.0,"enemies":"3 Sentries","floor":11.0,"turns":5.0},{"damage":0.0,"enemies":"Jaw Worm","floor":13.0,"turns":2.0},{"damage":0.0,"enemies":"Hexaghost","floor":16.0,"turns":8.0},{"damage":0.0,"enemies":"Shell Parasite","floor":18.0,"turns":4.0},{"damage":3.0,"enemies":"Spheric Guardian","floor":19.0,"turns":4.0},{"damage":0.0,"enemies":"Snecko","floor":22.0,"turns":5.0},{"damage":46.0,"enemies":"Slavers","floor":23.0,"turns":6.0},{"damage":24.0,"enemies":"Book of Stabbing","floor":25.0,"turns":6.0},{"damage":0.0,"enemies":"Centurion and Healer","floor":28.0,"turns":4.0},{"damage":0.0,"enemies":"Colosseum Slavers","floor":29.0,"turns":3.0},{"damage":0.0,"enemies":"Colosseum Nobs","floor":29.0,"turns":6.0},{"damage":2.0,"enemies":"Slavers","floor":31.0,"turns":5.0},{"damage":11.0,"enemies":"Collector","floor":33.0,"turns":10.0},{"damage":0.0,"enemies":"3 Darklings","floor":35.0,"turns":4.0},{"damage":0.0,"enemies":"Orb Walker","floor":36.0,"turns":4.0},{"damage":1.0,"enemies":"Mind Bloom Boss Battle","floor":37.0,"turns":8.0},{"damage":0.0,"enemies":"Transient","floor":38.0,"turns":8.0},{"damage":0.0,"enemies":"Giant Head","floor":40.0,"turns":8.0},{"damage":0.0,"enemies":"Reptomancer","floor":42.0,"turns":5.0},{"damage":1.0,"enemies":"4 Shapes","floor":45.0,"turns":8.0},{"damage":0.0,"enemies":"Giant Head","floor":47.0,"turns":6.0},{"damage":0.0,"enemies":"Writhing Mass","floor":48.0,"turns":6.0},{"damage":23.0,"enemies":"Time Eater","floor":50.0,"turns":10.0},{"damage":16.0,"enemies":"Awakened One","floor":51.0,"turns":15.0},{"damage":0,"enemies":"Shield and Spear","floor":55,"turns":1},{"damage":37,"enemies":"The Heart","floor":56,"turns":10}],"seed_played":"-3587946682935121218","potions_obtained":[{"floor":3.0,"key":"AttackPotion"},{"floor":8.0,"key":"GamblersBrew"},{"floor":11.0,"key":"Fire Potion"},{"floor":23.0,"key":"Energy Potion"},{"floor":25.0,"key":"SkillPotion"},{"floor":28.0,"key":"Energy Potion"},{"floor":29.0,"key":"Explosive Potion"},{"floor":31.0,"key":"Strength Potion"},{"floor":33.0,"key":"BlessingOfTheForge"},{"floor":35.0,"key":"SkillPotion"},{"floor":36.0,"key":"DuplicationPotion"},{"floor":37.0,"key":"BottledMiracle"},{"floor":38.0,"key":"SpeedPotion"},{"floor":40.0,"key":"SteroidPotion"},{"floor":42.0,"key":"BottledMiracle"},{"floor":45.0,"key":"Dexterity Potion"},{"floor":47.0,"key":"PowerPotion"},{"floor":55,"key":"ColorlessPotion"}],"is_trial":false,"path_per_floor":["M","?","M","$","?","R","$","E","T","R","E","?","M","?","R","B",null,"M","M","?","?","M","E","R","E","T","R","M","?","R","E","R","B",null,"M","M","?","M","$","E","R","E","T","R","M","?","E","M","R","B","B",null,"R","$","E","B",null],"character_chosen":"WATCHER","items_purchased":["TalkToTheHand","OrangePellets","Bronze Scales","Lantern","Toy Ornithopter","Bag of Marbles"],"campfire_rested":1,"item_purchase_floors":[4,39,39,39,39,54],"current_hp_per_floor":[61,56,56,56,49,49,49,49,49,49,39,56,56,33,33,33,59,59,56,56,47,47,10,24,20,20,20,26,42,42,46,46,42,46,48,51,53,53,53,53,53,55,55,55,57,54,56,58,58,44,40,54,54,58,60,33],"gold":65,"neow_bonus":"THREE_ENEMY_KILL","is_daily":false,"chose_seed":false,"campfire_upgraded":9,"win_rate":0.0,"timestamp":1612035911,"path_taken":["M","?","M","$","?","R","$","E","T","R","E","?","M","?","R","BOSS","M","M","?","?","M","E","R","E","T","R","M","?","R","E","R","BOSS","M","M","?","M","$","E","R","E","T","R","M","?","E","M","R","BOSS","BOSS","R","$","E","BOSS"],"items_purchased_type":["Card","Relic","Relic","Relic","Relic","Relic"],"build_version":"2020-12-13","purchased_purges":3,"victory":true,"max_hp_per_floor":[68,68,68,68,68,68,68,68,68,68,68,68,68,68,68,68,68,68,68,68,47,47,47,47,47,47,47,47,47,47,47,47,47,47,49,51,53,53,53,53,53,55,55,55,57,54,56,58,58,58,58,58,58,58,60,60],"relic_stats":{"Singing Bowl":16,"Torii":3,"counters":[29,164],"Golden Idol":214,"Dead Branch":[281],"Astrolabe":["Omniscience","BattleHymn","Conclude"],"Yang":[488],"Letter Opener":[277],"Cursed Key":2,"OrangePellets":[38],"Lizard Tail":0,"Bronze Scales":[285],"MealTicket":4,"obtain_stats":[{"Lantern":39,"Calipers":47,"Singing Bowl":31,"Torii":37,"Vajra":25,"Yang":11,"Cursed Key":17,"Lizard Tail":55,"MealTicket":23,"Potion Belt":40,"NeowsBlessing":0,"Golden Idol":14,"Dead Branch":8,"Astrolabe":34,"The Courier":2,"Letter Opener":29,"White Beast Statue":9,"OrangePellets":39,"Bronze Scales":39,"Bag of Marbles":54,"PureWater":0,"StrikeDummy":42,"TungstenRod":29,"Toy Ornithopter":39,"Pocketwatch":26},{"Lantern":20,"Calipers":24,"Singing Bowl":15,"Torii":19,"Vajra":11,"Yang":4,"Cursed Key":6,"Lizard Tail":28,"MealTicket":10,"Potion Belt":21,"NeowsBlessing":0,"Golden Idol":5,"Dead Branch":3,"Astrolabe":16,"The Courier":1,"Letter Opener":14,"White Beast Statue":3,"OrangePellets":20,"Bronze Scales":20,"Bag of Marbles":27,"PureWater":0,"StrikeDummy":22,"TungstenRod":14,"Toy Ornithopter":20,"Pocketwatch":11},{"Lantern":95,"Calipers":122,"Singing Bowl":61,"Torii":87,"Vajra":43,"Yang":8,"Cursed Key":18,"Lizard Tail":154,"MealTicket":37,"Potion Belt":103,"NeowsBlessing":0,"Golden Idol":10,"Dead Branch":3,"Astrolabe":71,"The Courier":1,"Letter Opener":56,"White Beast Statue":3,"OrangePellets":95,"Bronze Scales":95,"Bag of Marbles":153,"PureWater":0,"StrikeDummy":108,"TungstenRod":56,"Toy Ornithopter":95,"Pocketwatch":43}],"TungstenRod":17,"Toy Ornithopter":5,"Pocketwatch":[28]},"card_choices":[{"not_picked":["Study","Protect"],"picked":"FlurryOfBlows","floor":1.0},{"not_picked":["ReachHeaven","SashWhip"],"picked":"Consecrate","floor":3.0},{"not_picked":["CrushJoints","Wish"],"picked":"Devotion","floor":8.0},{"not_picked":["ThirdEye","SashWhip"],"picked":"Meditate","floor":11.0},{"not_picked":["Collect","Protect"],"picked":"ThirdEye","floor":13.0},{"not_picked":["Brilliance","Vault"],"picked":"Scrawl","floor":16.0},{"not_picked":["SandsOfTime","Protect","FollowUp"],"picked":"SKIP","floor":18.0},{"not_picked":["EmptyBody","CutThroughFate"],"picked":"WaveOfTheHand","floor":19.0},{"not_picked":["Nirvana","FlyingSleeves","FlurryOfBlows"],"picked":"SKIP","floor":22.0},{"not_picked":["Pray","Study"],"picked":"DeceiveReality","floor":23.0},{"not_picked":["BowlingBash","PathToVictory"],"picked":"CutThroughFate","floor":25.0},{"not_picked":["Study","EmptyFist"],"picked":"Vault","floor":28.0},{"not_picked":["Swivel","Collect"],"picked":"Prostrate+1","floor":29.0},{"not_picked":["Ragnarok","Weave"],"picked":"EmptyFist+1","floor":31.0},{"not_picked":["SpiritShield","Vault"],"picked":"DevaForm","floor":33.0},{"not_picked":["FlurryOfBlows+1","BowlingBash+1","FollowUp+1"],"picked":"Singing Bowl","floor":35.0},{"not_picked":["JustLucky","WindmillStrike","FlyingSleeves+1"],"picked":"Singing Bowl","floor":36.0},{"not_picked":["CutThroughFate","CrushJoints","Consecrate+1"],"picked":"Singing Bowl","floor":37.0},{"not_picked":["Collect","SignatureMove+1"],"picked":"TalkToTheHand","floor":38.0},{"not_picked":["FearNoEvil+1","ThirdEye"],"picked":"Wireheading+1","floor":40.0},{"not_picked":["Prostrate","Sanctity+1","Perseverance"],"picked":"Singing Bowl","floor":42.0},{"not_picked":["CutThroughFate+1","FlurryOfBlows","Halt+1"],"picked":"Singing Bowl","floor":45.0},{"not_picked":["FlurryOfBlows","CrushJoints","Perseverance+1"],"picked":"Singing Bowl","floor":47.0},{"not_picked":["Vengeance","Pray+1","Nirvana+1"],"picked":"Singing Bowl","floor":48.0},{"not_picked":["Protect+1","ClearTheMind+1","FlurryOfBlows+1"],"picked":"Singing Bowl","floor":55}],"player_experience":1510408,"relics_obtained":[{"floor":8.0,"key":"Dead Branch"},{"floor":9.0,"key":"White Beast Statue"},{"floor":11.0,"key":"Yang"},{"floor":23.0,"key":"MealTicket"},{"floor":25.0,"key":"Vajra"},{"floor":26.0,"key":"Pocketwatch"},{"floor":29.0,"key":"TungstenRod"},{"floor":29.0,"key":"Letter Opener"},{"floor":31.0,"key":"Singing Bowl"},{"floor":37.0,"key":"Torii"},{"floor":40.0,"key":"Potion Belt"},{"floor":42.0,"key":"StrikeDummy"},{"floor":47.0,"key":"Calipers"},{"floor":55,"key":"Lizard Tail"}],"event_choices":[{"damage_healed":0.0,"max_hp_gain":0.0,"max_hp_loss":0.0,"gold_gain":0.0,"event_name":"Scrap Ooze","player_choice":"Success","floor":2.0,"gold_loss":0.0,"damage_taken":5.0,"relics_obtained":["The Courier"]},{"cards_removed":["Defend_P"],"damage_healed":0.0,"max_hp_gain":0.0,"max_hp_loss":0.0,"gold_gain":0.0,"event_name":"Golden Wing","player_choice":"Card Removal","floor":5.0,"gold_loss":0.0,"damage_taken":7.0},{"damage_healed":17.0,"max_hp_gain":0.0,"max_hp_loss":0.0,"gold_gain":0.0,"event_name":"The Cleric","player_choice":"Healed","floor":12.0,"gold_loss":35.0,"damage_taken":0.0},{"damage_healed":0.0,"max_hp_gain":0.0,"max_hp_loss":0.0,"gold_gain":0.0,"event_name":"Golden Idol","player_choice":"Take Damage","floor":14.0,"gold_loss":0.0,"damage_taken":23.0,"relics_obtained":["Golden Idol"]},{"damage_healed":0.0,"max_hp_gain":0.0,"max_hp_loss":0.0,"gold_gain":0.0,"event_name":"The Library","player_choice":"Read","floor":20.0,"gold_loss":0.0,"damage_taken":0.0,"cards_obtained":["TalkToTheHand"]},{"damage_healed":0.0,"max_hp_gain":0.0,"max_hp_loss":21.0,"gold_gain":0.0,"event_name":"Vampires","player_choice":"Became a vampire","floor":21.0,"gold_loss":0.0,"damage_taken":0.0,"cards_obtained":["Bite","Bite","Bite","Bite","Bite"]},{"damage_healed":0.0,"max_hp_gain":0.0,"max_hp_loss":0.0,"gold_gain":0.0,"event_name":"Colosseum","player_choice":"Fight","floor":29.0,"gold_loss":0.0,"damage_taken":0.0},{"damage_healed":0.0,"max_hp_gain":0.0,"max_hp_loss":0.0,"gold_gain":0.0,"event_name":"Colosseum","player_choice":"Fought Nobs","floor":29.0,"gold_loss":0.0,"damage_taken":0.0},{"damage_healed":0.0,"max_hp_gain":0.0,"max_hp_loss":0.0,"gold_gain":0.0,"event_name":"MindBloom","player_choice":"Fight","floor":37.0,"gold_loss":0.0,"damage_taken":0.0},{"damage_healed":0.0,"max_hp_gain":0.0,"max_hp_loss":3.0,"gold_gain":0.0,"event_name":"Winding Halls","player_choice":"Max HP","floor":46.0,"gold_loss":0.0,"damage_taken":0.0}],"is_beta":false,"boss_relics":[{"not_picked":["Busted Crown","Empty Cage"],"picked":"Cursed Key"},{"not_picked":["HolyWater","Pandora\u0027s Box"],"picked":"Astrolabe"}],"items_purged_floors":[4,39,54],"is_endless":false,"potions_floor_spawned":[3,8,11,13,16,18,19,22,23,25,28,29,29,31,33,35,36,37,38,40,42,45,47,48,55],"ascension_level":20}}