{"host":"kdt6w7ix8lwe69i9","time":1612031822,"event":{"mods":["100% Spire Juice","BaseMod","ChefMod","Evolution","Minty Spire (QoL Compilation)","Poor People Problems","Reimu（博丽灵梦）","Robot Space Explorer","Shade Mod","StSLib","The Dragonkin","The Gatherer","TheSurvivalist"],"gold_per_floor":[213,213,228,228,244,244,244,244,291,309,343,34,45,45,45,147,147,163,163,179,179,230,230,250,12,38,61,61,75,88,187,187,286,286,296,296,256,269,280,305,323,333,358,358,154,165,12,62,62,62,62,62,4,31,31],"floor_reached":56,"language":"ENG","playtime":4397,"items_purged":[],"score":1177,"play_id":"7f704858-2a95-4c5a-a8af-c6585c24ce9d","local_time":"20210130133702","is_ascension_mode":false,"campfire_choices":[{"data":"theDragonkin:DivineVision","floor":6,"key":"SMITH"},{"data":"theDragonkin:Ashfall","floor":15,"key":"SMITH"},{"floor":23,"key":"RECALL"},{"data":"theDragonkin:HolySmite","floor":32,"key":"SMITH"},{"floor":44,"key":"REST"},{"floor":49,"key":"REST"},{"data":"Mind Blast","floor":52,"key":"SMITH"}],"circlet_count":0,"master_deck":["theDragonkin:AcidBreath+1","theDragonkin:Strike+1","theDragonkin:Strike+1","theDragonkin:Defend+1","theDragonkin:Defend+1","theDragonkin:Defend+1","theDragonkin:Defend+1","theDragonkin:HolySmite+1","theDragonkin:BlazingBreath","theDragonkin:DivineVision+1","theDragonkin:MiasmicBreath+1","theDragonkin:SlowBurn+1","theDragonkin:DivineBreath+1","theDragonkin:HolyFlask+1","theDragonkin:Ashfall+1","theDragonkin:RevelationBreath","theDragonkin:GooGrip+1","theDragonkin:AshenArmor","theDragonkin:MagnussCorona","theDragonkin:SlowBurn+1","theDragonkin:SandBreath","theDragonkin:Sizzle","theDragonkin:PrismaticBreath","theDragonkin:CorrosiveBelch","theDragonkin:AshenArmor","theDragonkin:AcidArmor+1","Good Instincts","Mind Blast+1","Flash of Steel","theDragonkin:DivineFire+1","theDragonkin:SandBreath+1","theDragonkin:StormFront","theDragonkin:MiasmicBreath","theDragonkin:BurningRage","theDragonkin:GooGrip","theDragonkin:StormFront","theDragonkin:AcidBreath+1","theDragonkin:SandBreath+1","theDragonkin:SandBreath","theDragonkin:RevelationBreath","theDragonkin:RevelationBreath+1"],"relics":["theDragonkin:ObsidianScale","EVO:Axolotl","theDragonkin:BottledVoice","Mastiff:ReiMu","RuthlessExorcism:ReiMu","CrazyTorch:ReiMu","Membership Card","Boot","Philosopher\u0027s Stone","theDragonkin:EmberCore","Bird Faced Urn","Lee\u0027s Waffle","Whetstone","Ancient Tea Set","Centennial Puzzle","theDragonkin:MukySludge","Oddly Smooth Stone","ClockworkSouvenir","Lizard Tail","Bronze Scales"],"acts_visited":["Exordium","TheCity","TheBeyond","TheEnding"],"potions_floor_usage":[11,24,33,33,38,46,50,50,55],"damage_taken":[{"damage":0,"enemies":"2 Louse","floor":1,"turns":2},{"damage":0,"enemies":"Cultist","floor":3,"turns":2},{"damage":3,"enemies":"Jaw Worm","floor":5,"turns":2},{"damage":0,"enemies":"Blue Slaver","floor":10,"turns":1},{"damage":8,"enemies":"Gremlin Nob","floor":11,"turns":3},{"damage":0,"enemies":"Lots of Slimes","floor":13,"turns":1},{"damage":18,"enemies":"Hexaghost","floor":16,"turns":6},{"damage":0,"enemies":"Spheric Guardian","floor":18,"turns":2},{"damage":0,"enemies":"Chosen","floor":20,"turns":2},{"damage":6,"enemies":"Snake Plant","floor":24,"turns":3},{"damage":0,"enemies":"Centurion and Healer","floor":29,"turns":3},{"damage":0,"enemies":"Snecko","floor":30,"turns":4},{"damage":7,"enemies":"Champ","floor":33,"turns":7},{"damage":0,"enemies":"3 Shapes","floor":35,"turns":3},{"damage":2,"enemies":"Orb Walker","floor":38,"turns":3},{"damage":10,"enemies":"Writhing Mass","floor":39,"turns":3},{"damage":4,"enemies":"Reptomancer","floor":40,"turns":5},{"damage":39,"enemies":"Spire Growth","floor":41,"turns":5},{"damage":0,"enemies":"Sphere and 2 Shapes","floor":42,"turns":2},{"damage":20,"enemies":"3 Darklings","floor":46,"turns":3},{"damage":15,"enemies":"Mind Bloom Boss Battle","floor":48,"turns":4},{"damage":71,"enemies":"TheAcolyte","floor":50,"turns":8},{"damage":55,"enemies":"Shield and Spear","floor":54,"turns":4},{"damage":28,"enemies":"The Heart","floor":55,"turns":8}],"seed_played":"-1572473010724746469","potions_obtained":[{"floor":3,"key":"SteroidPotion"},{"floor":5,"key":"Regen Potion"},{"floor":11,"key":"Dexterity Potion"},{"floor":16,"key":"Energy Potion"},{"floor":24,"key":"Strength Potion"},{"floor":33,"key":"ColorlessPotion"},{"floor":40,"key":"CultistPotion"},{"floor":41,"key":"Energy Potion"},{"floor":48,"key":"SpeedPotion"},{"floor":54,"key":"FairyPotion"}],"is_trial":false,"path_per_floor":["M","?","M","?","M","R","?","?","T","M","E","$","M","$","R","B",null,"M","?","M","?","T","R","M","$","T","T","?","M","M","?","R","B",null,"M","?","?","M","M","E","M","M","T","R","$","M","$","?","R","B",null,"R","$","E","B",null],"character_chosen":"THE_DRAGONKIN","items_purchased":["Membership Card","theDragonkin:Ashfall","Boot","theDragonkin:RevelationBreath","Bird Faced Urn","Lee\u0027s Waffle","theDragonkin:Sizzle","theDragonkin:MukySludge","theDragonkin:GooGrip","theDragonkin:StormFront","Oddly Smooth Stone","ClockworkSouvenir","theDragonkin:SandBreath","theDragonkin:RevelationBreath"],"campfire_rested":2,"item_purchase_floors":[12,12,12,12,25,25,25,45,45,45,47,47,53,53],"current_hp_per_floor":[85,85,85,68,65,65,58,58,58,58,62,62,62,62,62,44,85,85,85,85,85,85,85,79,92,92,92,92,92,92,92,92,87,92,92,82,82,84,76,74,37,39,39,66,66,48,48,37,64,3,92,92,92,37,11],"gold":31,"neow_bonus":"HUNDRED_GOLD","is_daily":false,"chose_seed":false,"campfire_upgraded":4,"win_rate":0.0,"timestamp":1612031822,"path_taken":["M","?","?","?","M","R","?","?","T","M","E","$","?","$","R","BOSS","M","?","M","?","?","R","?","$","T","?","?","M","?","?","R","BOSS","M","?","?","M","?","E","M","M","T","R","$","M","$","?","R","BOSS","R","$","E","BOSS"],"items_purchased_type":["Relic","Card","Relic","Card","Relic","Relic","Card","Relic","Card","Card","Relic","Relic","Card","Card"],"build_version":"2020-12-22","purchased_purges":0,"victory":true,"max_hp_per_floor":[85,85,85,85,85,85,85,85,85,85,85,85,85,85,85,85,85,85,85,85,85,85,85,85,92,92,92,92,92,92,92,92,92,92,92,92,92,92,92,92,92,92,92,92,92,92,92,92,92,92,92,92,92,92,92],"card_choices":[{"not_picked":["theDragonkin:ControlledBreath","theDragonkin:ChainsOfTruth"],"picked":"theDragonkin:DivineVision","floor":1},{"not_picked":["theDragonkin:VoiceofOrder","theDragonkin:HolyWordBarrier"],"picked":"theDragonkin:MiasmicBreath","floor":3},{"not_picked":["theDragonkin:HolyWordBarrier","theDragonkin:FlameBreath"],"picked":"theDragonkin:SlowBurn","floor":5},{"not_picked":["theDragonkin:ShieldGlare","theDragonkin:Ravage"],"picked":"theDragonkin:DivineBreath","floor":10},{"not_picked":["theDragonkin:DivineVision","theDragonkin:Sizzle"],"picked":"theDragonkin:HolyFlask","floor":11},{"not_picked":["theDragonkin:HolyWordBarrier","theDragonkin:Condemnation"],"picked":"theDragonkin:GooGrip","floor":13},{"not_picked":["theDragonkin:CinderStorm","theDragonkin:FlashofLight"],"picked":"theDragonkin:AshenArmor","floor":16},{"not_picked":["theDragonkin:DivineFire+1","theDragonkin:FlameBreath+1"],"picked":"theDragonkin:MagnussCorona","floor":18},{"not_picked":["theDragonkin:Sizzle","theDragonkin:FlameBreath"],"picked":"theDragonkin:SlowBurn","floor":20},{"not_picked":["theDragonkin:FlameWard","theDragonkin:AncestralSeance"],"picked":"theDragonkin:SandBreath","floor":24},{"not_picked":["theDragonkin:DeepBreath","theDragonkin:DivineFire"],"picked":"theDragonkin:PrismaticBreath","floor":29},{"not_picked":["theDragonkin:SandBreath","theDragonkin:GooGrip"],"picked":"theDragonkin:CorrosiveBelch","floor":30},{"not_picked":["theDragonkin:ShieldBash","theDragonkin:InfernoWard"],"picked":"theDragonkin:AshenArmor","floor":33},{"not_picked":["theDragonkin:PlagueSwipe+1","theDragonkin:DivineFire"],"picked":"theDragonkin:AcidArmor+1","floor":35},{"not_picked":["Blind","Dramatic Entrance"],"picked":"Good Instincts","floor":36},{"not_picked":["Finesse","Deep Breath"],"picked":"Mind Blast","floor":36},{"not_picked":["Chrysalis","Good Instincts"],"picked":"Flash of Steel","floor":36},{"not_picked":["theDragonkin:EmberSwipe","theDragonkin:CorrosiveBelch"],"picked":"theDragonkin:DivineFire+1","floor":38},{"not_picked":["theDragonkin:ControlledBreath+1","theDragonkin:Sizzle+1"],"picked":"theDragonkin:SandBreath+1","floor":39},{"not_picked":["theDragonkin:Sizzle+1","theDragonkin:HallowedGround+1"],"picked":"theDragonkin:StormFront","floor":40},{"not_picked":["theDragonkin:LightArmor+1","theDragonkin:SandBreath"],"picked":"theDragonkin:MiasmicBreath","floor":41},{"not_picked":["theDragonkin:Subdue","theDragonkin:DivineFire"],"picked":"theDragonkin:BurningRage","floor":42},{"not_picked":["theDragonkin:EmberSwipe","theDragonkin:CorrosiveBelch+1"],"picked":"theDragonkin:AcidBreath+1","floor":46},{"not_picked":["theDragonkin:FlameBreath","theDragonkin:ChainsOfTruth"],"picked":"theDragonkin:SandBreath+1","floor":48},{"not_picked":["theDragonkin:Subdue","theDragonkin:HallowedGround+1"],"picked":"theDragonkin:RevelationBreath+1","floor":54}],"player_experience":1152367,"relics_obtained":[{"floor":9,"key":"RuthlessExorcism:ReiMu"},{"floor":11,"key":"CrazyTorch:ReiMu"},{"floor":22,"key":"theDragonkin:EmberCore"},{"floor":27,"key":"Whetstone"},{"floor":40,"key":"Ancient Tea Set"},{"floor":43,"key":"Centennial Puzzle"},{"floor":48,"key":"Lizard Tail"},{"floor":54,"key":"Bronze Scales"}],"event_choices":[{"cards_removed":["theDragonkin:AcidBreath"],"damage_healed":0,"gold_gain":0,"player_choice":"Gave Card","damage_taken":0,"relics_obtained":["theDragonkin:BottledVoice"],"max_hp_gain":0,"max_hp_loss":0,"event_name":"WeMeetAgain","floor":2,"gold_loss":0},{"damage_healed":0,"gold_gain":0,"player_choice":"Entered Light","damage_taken":17,"max_hp_gain":0,"max_hp_loss":0,"event_name":"Shining Light","floor":4,"gold_loss":0,"cards_upgraded":["theDragonkin:MiasmicBreath","theDragonkin:AcidBreath"]},{"damage_healed":0,"gold_gain":0,"player_choice":"Success","damage_taken":7,"relics_obtained":["Mastiff:ReiMu"],"max_hp_gain":0,"max_hp_loss":0,"event_name":"Scrap Ooze","floor":7,"gold_loss":0},{"damage_healed":0,"gold_gain":0,"player_choice":"Upgraded","damage_taken":0,"max_hp_gain":0,"max_hp_loss":0,"event_name":"Upgrade Shrine","floor":8,"gold_loss":0,"cards_upgraded":["theDragonkin:SlowBurn"]},{"damage_healed":0,"gold_gain":0,"player_choice":"Ignored","damage_taken":0,"max_hp_gain":0,"max_hp_loss":0,"event_name":"Ghosts","floor":19,"gold_loss":0},{"damage_healed":0,"gold_gain":0,"player_choice":"Simplicity","damage_taken":0,"max_hp_gain":0,"max_hp_loss":0,"event_name":"Back to Basics","floor":21,"gold_loss":0,"cards_upgraded":["theDragonkin:Strike","theDragonkin:Strike","theDragonkin:Defend","theDragonkin:Defend","theDragonkin:Defend","theDragonkin:Defend"]},{"damage_healed":0,"gold_gain":0,"player_choice":"Ignored","damage_taken":0,"max_hp_gain":0,"max_hp_loss":0,"event_name":"N\u0027loth","floor":28,"gold_loss":0},{"damage_healed":0,"gold_gain":99,"player_choice":"Stole From Cult","damage_taken":0,"max_hp_gain":0,"max_hp_loss":0,"event_name":"Nest","floor":31,"gold_loss":0},{"damage_healed":0,"gold_gain":0,"player_choice":"Memory 3","damage_taken":10,"max_hp_gain":0,"max_hp_loss":0,"event_name":"SensoryStone","floor":36,"gold_loss":0},{"damage_healed":0,"gold_gain":0,"player_choice":"Upgraded Two","damage_taken":0,"max_hp_gain":0,"max_hp_loss":0,"event_name":"Designer","floor":37,"gold_loss":40,"cards_upgraded":["theDragonkin:SlowBurn","theDragonkin:HolyFlask"]},{"damage_healed":0,"gold_gain":0,"player_choice":"Fight","damage_taken":0,"max_hp_gain":0,"max_hp_loss":0,"event_name":"MindBloom","floor":48,"gold_loss":0}],"is_beta":false,"boss_relics":[{"not_picked":["Snecko Eye","Velvet Choker"],"picked":"Philosopher\u0027s Stone"},{"not_picked":["Runic Pyramid","Busted Crown"],"picked":"theDragonkin:ObsidianScale"}],"items_purged_floors":[],"is_endless":false,"potions_floor_spawned":[3,5,11,16,24,29,33,40,41,48,54],"ascension_level":0}}