{"host":"z9a4j4a70g1iinja","time":1612035570,"event":{"mods":["BaseMod","Better Note","Colored Map","Colored Powertips","Downfall","Minty Spire (QoL Compilation)","Quick Restart","Rare Cards Sparkle","StSLib"],"gold_per_floor":[99,109,109,122,122,122,176,186,186,336,236,236,236,254,267,267,267,267],"floor_reached":16,"language":"ENG","playtime":643,"items_purged":[],"score":90,"play_id":"06c6d46d-641c-406e-be96-975a8b64a273","local_time":"20210130143930","is_ascension_mode":false,"campfire_choices":[{"floor":1,"key":"RECALL"},{"data":"Guardian:PiercingHide","floor":11,"key":"SMITH"},{"data":"Guardian:CurlUp","floor":13,"key":"SMITH"}],"circlet_count":0,"master_deck":["Guardian:Strike_Guardian","Guardian:Strike_Guardian+1","Guardian:Strike_Guardian","Guardian:Defend_Guardian","Guardian:Defend_Guardian+1","Guardian:Defend_Guardian","Guardian:Defend_Guardian+1","Guardian:CurlUp+1","Guardian:TwinSlam+1","Guardian:PiercingHide+1","Guardian:ExploitGems","downfall:Malfunctioning","downfall:Icky","Guardian:Gem_Red","Guardian:MultiBeam"],"relics":["Guardian:ModeShifter","Juzu Bracelet","downfall:HeartBlessingRed"],"acts_visited":["Exordium"],"potions_floor_usage":[16],"damage_taken":[{"damage":4,"enemies":"Small Slimes","floor":2,"turns":5},{"damage":0,"enemies":"Cultist","floor":4,"turns":4},{"damage":0,"enemies":"2 Louse","floor":8,"turns":3},{"damage":2,"enemies":"2 Fungi Beasts","floor":14,"turns":5},{"damage":5,"enemies":"3 Louse","floor":15,"turns":4},{"damage":84,"enemies":"WA_ARCHETYPE_RETAIN","floor":16,"turns":18}],"seed_played":"5258348977851543441","potions_obtained":[{"floor":8,"key":"Block Potion"},{"floor":15,"key":"EssenceOfSteel"}],"is_trial":false,"path_per_floor":["R","M","?","M","?","?","T","M","?","?","R","?","R","M","M","B"],"character_chosen":"GUARDIAN","items_purchased":[],"campfire_rested":0,"item_purchase_floors":[],"current_hp_per_floor":[88,84,84,84,89,89,89,89,89,89,89,89,89,87,82,0,0,0],"gold":267,"neow_bonus":"TEN_PERCENT_HP_BONUS","is_daily":false,"chose_seed":false,"campfire_upgraded":2,"win_rate":0.0,"timestamp":1612035570,"path_taken":["R","M","?","?","?","?","T","M","?","?","R","?","R","M","M","BOSS"],"items_purchased_type":[],"build_version":"2020-12-22","purchased_purges":0,"victory":false,"max_hp_per_floor":[88,88,88,88,93,93,93,93,93,93,93,93,93,93,93,93,93,93],"card_choices":[{"not_picked":["Guardian:TemporalStrike","Guardian:PolyBeam"],"picked":"Guardian:PiercingHide","floor":2},{"not_picked":["Guardian:RollAttack","Guardian:TemporalStrike"],"picked":"Guardian:Gem_Green","floor":4},{"not_picked":["Guardian:TemporalShield","Guardian:Incinerate"],"picked":"Guardian:ExploitGems","floor":8},{"not_picked":["Guardian:TimeCapacitor","Guardian:WalkerClaw"],"picked":"Guardian:Gem_Red","floor":14},{"not_picked":["Guardian:WalkerClaw","Guardian:Incinerate"],"picked":"Guardian:MultiBeam","floor":15}],"player_experience":11329,"relics_obtained":[{"floor":7,"key":"Juzu Bracelet"}],"event_choices":[{"damage_healed":0,"gold_gain":0,"player_choice":"Donut","damage_taken":0,"max_hp_gain":5,"max_hp_loss":0,"event_name":"Big Fish","floor":5,"gold_loss":0},{"cards_removed":["Guardian:Strike_Guardian"],"damage_healed":0,"gold_gain":0,"player_choice":"Card Removal","damage_taken":0,"max_hp_gain":0,"max_hp_loss":0,"event_name":"The Cleric","floor":6,"gold_loss":0}],"is_beta":false,"boss_relics":[],"items_purged_floors":[],"is_endless":false,"potions_floor_spawned":[8,15],"killed_by":"WA_ARCHETYPE_RETAIN","ascension_level":0}}