{"host":"jmumkimrafwvkspb","time":1612022438,"event":{"mods":["AchievementEnabler","BaseMod","Colored Map","Minty Spire (QoL Compilation)","Replay The Spire","StSLib"],"gold_per_floor":[112,130,142,160,160,160,160,194,276,466,500,519,519,549,549,549,549],"floor_reached":16,"language":"ENG","playtime":672,"items_purged":[],"score":240,"play_id":"54347168-1ef5-4997-a7bc-f8298f176798","local_time":"20210130170038","is_ascension_mode":true,"campfire_choices":[{"data":"Flame Barrier","floor":6.0,"key":"SMITH"},{"floor":15,"key":"REST"}],"circlet_count":0,"master_deck":["AscendersBane","Strike_R","Strike_R","Strike_R","Strike_R","Strike_R","Defend_R","Defend_R","Defend_R","Defend_R","Bash","Survivor","Vigilance","Flame Barrier+1","Second Wind","Battle Trance","Feel No Pain","Bludgeon","ReplayTheSpireMod:Limb From Limb","ReplayTheSpireMod:Limb From Limb","Seeing Red"],"relics":["Burning Blood","Charon\u0027s Ashes","Champion Belt","Replay:Bottled Snecko","Ancient Tea Set","Gremlin Horn","Tiny Chest"],"acts_visited":["Exordium"],"potions_floor_usage":[11,12,16],"damage_taken":[{"damage":6.0,"enemies":"Cultist","floor":1.0,"turns":4.0},{"damage":0.0,"enemies":"2 Louse","floor":2.0,"turns":6.0},{"damage":13.0,"enemies":"Small Slimes","floor":3.0,"turns":6.0},{"damage":10.0,"enemies":"Gremlin Gang","floor":4.0,"turns":5.0},{"damage":21.0,"enemies":"Gremlin Nob","floor":8.0,"turns":4.0},{"damage":26,"enemies":"Lagavulin","floor":11,"turns":9},{"damage":1,"enemies":"Looter","floor":12,"turns":4},{"damage":6,"enemies":"Gremlin Nob","floor":14,"turns":3},{"damage":47,"enemies":"Fading Forest","floor":16,"turns":9}],"seed_played":"202146692486789896","potions_obtained":[{"floor":1.0,"key":"Strength Potion"},{"floor":8.0,"key":"Dexterity Potion"},{"floor":11,"key":"Dexterity Potion"},{"floor":14,"key":"Energy Potion"}],"is_trial":false,"path_per_floor":["M","M","M","M","?","R","?","E","T","?","E","M","?","E","R","B"],"character_chosen":"IRONCLAD","items_purchased":[],"campfire_rested":1,"item_purchase_floors":[],"current_hp_per_floor":[68,74,67,63,68,68,68,53,53,27,7,12,12,12,36,0,0],"gold":549,"neow_bonus":"ONE_RARE_RELIC","is_daily":false,"chose_seed":false,"campfire_upgraded":1,"win_rate":0.0,"timestamp":1612022438,"path_taken":["M","M","?","M","?","R","?","E","T","?","E","?","?","E","R","BOSS"],"items_purchased_type":[],"build_version":"2020-12-22","purchased_purges":0,"victory":false,"max_hp_per_floor":[75,75,75,75,80,80,80,80,80,80,80,80,80,80,80,80,80],"card_choices":[{"not_picked":["Life Link","Defy Death"],"picked":"Flame Barrier","floor":1.0},{"not_picked":["Burning Pact","Pummel"],"picked":"Second Wind","floor":2.0},{"not_picked":["Reckless Charge","Warcry"],"picked":"Battle Trance","floor":3.0},{"not_picked":["Run Through","Anger","Carnage"],"picked":"SKIP","floor":4.0},{"not_picked":["Iron Wave","Warcry"],"picked":"Feel No Pain","floor":8.0},{"not_picked":["Anger","Wild Strike"],"picked":"Bludgeon","floor":10.0},{"not_picked":["Iron Wave","Burning Pact"],"picked":"ReplayTheSpireMod:Limb From Limb","floor":11},{"not_picked":["Anger","Headbutt"],"picked":"ReplayTheSpireMod:Limb From Limb","floor":12},{"not_picked":["Combust","Thunderclap"],"picked":"Seeing Red","floor":14}],"player_experience":1629381,"relics_obtained":[{"floor":8.0,"key":"Champion Belt"},{"floor":9.0,"key":"Replay:Bottled Snecko"},{"floor":11,"key":"Ancient Tea Set"},{"floor":14,"key":"Tiny Chest"}],"event_choices":[{"damage_healed":0.0,"max_hp_gain":5.0,"max_hp_loss":0.0,"gold_gain":0.0,"event_name":"Big Fish","player_choice":"Donut","floor":5.0,"gold_loss":0.0,"damage_taken":0.0},{"damage_healed":0.0,"max_hp_gain":0.0,"max_hp_loss":0.0,"gold_gain":0.0,"event_name":"Liars Game","player_choice":"Ignored","floor":7.0,"gold_loss":0.0,"damage_taken":0.0},{"damage_healed":0,"gold_gain":0,"player_choice":"Searched \u00271\u0027 times","damage_taken":0,"relics_obtained":["Gremlin Horn"],"max_hp_gain":0,"max_hp_loss":0,"event_name":"Dead Adventurer","floor":13,"gold_loss":0}],"is_beta":false,"boss_relics":[],"items_purged_floors":[],"is_endless":false,"potions_floor_spawned":[1,8,11,14],"killed_by":"Fading Forest","ascension_level":20}}