{"host":"osk2oboccoevp2u5","time":1612027866,"event":{"mods":["AchievementEnabler","Alarm Clock","BaseMod","Colored Powertips","Disable Question Mark Monsters","Displayed Cursed Tome","Hermit","Key Reminder","Minty Spire (QoL Compilation)","Potion Indicator Mod","Quick Restart","Rare Cards Sparkle","Reorder Act Four","StSLib","Useless Jewels Mod"],"gold_per_floor":[109,124,124,4,14,27,27,46,46,46,61,71,71,84,84,189,189,205,222,222,222,222,222,240,240,240,251,251,251,251,25,25,130,130,146,196,208,208,28,28,28,28],"floor_reached":41,"language":"ENG","playtime":2332,"items_purged":["hermit:Strike_Hermit","hermit:Defend_Hermit","hermit:Defend_Hermit"],"score":540,"play_id":"7c15e26a-34c9-421f-91b1-51c2c92e47c0","local_time":"20210130133106","is_ascension_mode":true,"campfire_choices":[{"data":"hermit:GhostlyPresence","floor":7,"key":"SMITH"},{"floor":10,"key":"REST"},{"floor":15,"key":"REST"},{"data":"hermit:Gestalt","floor":23,"key":"SMITH"},{"floor":25,"key":"REST"},{"floor":28,"key":"REST"},{"floor":32,"key":"REST"},{"floor":40,"key":"REST"}],"circlet_count":0,"master_deck":["hermit:Strike_Hermit+1","hermit:Strike_Hermit+1","hermit:Snapshot","hermit:Covet","hermit:Glare","hermit:BigShot","hermit:Midnight","hermit:GhostlyPresence+1","hermit:SprayPray","hermit:Grudge","hermit:Glare","hermit:Gestalt+1","hermit:FromBeyond","hermit:Quickdraw","hermit:BigShot","hermit:BigShot","hermit:Vantage+1","hermit:BlackWind","hermit:GoldenBullet","hermit:WideOpen","hermit:BlackWind","hermit:TrackingShot+1","hermit:Dive+1","Writhe"],"relics":["hermit:ClaspedLocket","The Courier","Lizard Tail","Enchiridion","Lantern","Bag of Marbles","hermit:DentedPlate","Gambling Chip"],"acts_visited":["Exordium","TheCity","TheBeyond"],"potions_floor_usage":[16,16,18,19,24,24,33,36,41,41],"damage_taken":[{"damage":5,"enemies":"Small Slimes","floor":1,"turns":4},{"damage":4,"enemies":"Jaw Worm","floor":2,"turns":2},{"damage":0,"enemies":"2 Louse","floor":5,"turns":3},{"damage":3,"enemies":"Blue Slaver","floor":6,"turns":4},{"damage":7,"enemies":"2 Fungi Beasts","floor":8,"turns":5},{"damage":9,"enemies":"Red Slaver","floor":11,"turns":2},{"damage":6,"enemies":"3 Louse","floor":12,"turns":2},{"damage":3,"enemies":"Looter","floor":14,"turns":3},{"damage":53,"enemies":"Hexaghost","floor":16,"turns":9},{"damage":0,"enemies":"Spheric Guardian","floor":18,"turns":3},{"damage":3,"enemies":"Chosen","floor":19,"turns":5},{"damage":13,"enemies":"Sentry and Sphere","floor":24,"turns":8},{"damage":17,"enemies":"Shelled Parasite and Fungi","floor":27,"turns":4},{"damage":116,"enemies":"Champ","floor":33,"turns":10},{"damage":28,"enemies":"3 Darklings","floor":35,"turns":5},{"damage":0,"enemies":"Mind Bloom Boss Battle","floor":36,"turns":3},{"damage":26,"enemies":"3 Shapes","floor":37,"turns":4},{"damage":59,"enemies":"Nemesis","floor":41,"turns":6}],"seed_played":"-8404110397660543441","potions_obtained":[{"floor":0,"key":"Block Potion"},{"floor":0,"key":"Regen Potion"},{"floor":0,"key":"DistilledChaos"},{"floor":1,"key":"hermit:Tonic"},{"floor":16,"key":"Fire Potion"},{"floor":18,"key":"SkillPotion"},{"floor":19,"key":"PowerPotion"},{"floor":27,"key":"PowerPotion"},{"floor":35,"key":"EssenceOfSteel"},{"floor":36,"key":"Weak Potion"}],"is_trial":false,"path_per_floor":["M","M","?","$","M","M","R","M","T","R","M","M","?","M","R","B",null,"M","M","?","?","?","R","M","R","T","M","R","?","?","$","R","B",null,"M","?","M","?","$","R","E"],"character_chosen":"HERMIT","items_purchased":["hermit:Midnight","Bag of Marbles","hermit:WideOpen","Explosive Potion","Strength Potion"],"campfire_rested":6,"item_purchase_floors":[4,31,31,39,39],"current_hp_per_floor":[70,66,63,63,63,60,60,53,53,75,66,60,45,42,64,26,75,75,72,72,56,56,56,43,65,65,48,70,70,56,56,80,38,70,42,42,16,44,44,77,18,18],"gold":28,"neow_bonus":"THREE_SMALL_POTIONS","is_daily":false,"chose_seed":false,"campfire_upgraded":2,"win_rate":0.0,"timestamp":1612027866,"path_taken":["M","M","?","$","M","M","R","M","T","R","M","M","?","?","R","BOSS","M","M","?","?","?","R","?","R","T","M","R","?","?","$","R","BOSS","M","?","M","?","$","R","E"],"items_purchased_type":["Card","Relic","Card","Potion","Potion"],"build_version":"2020-12-22","purchased_purges":3,"victory":false,"max_hp_per_floor":[75,75,75,75,75,75,75,75,75,75,75,75,75,75,75,75,75,75,75,75,75,75,75,75,75,75,75,75,75,80,80,80,80,112,112,112,112,112,112,112,112,112],"card_choices":[{"not_picked":["hermit:Maintenance","hermit:Snipe"],"picked":"hermit:Glare","floor":1},{"not_picked":["hermit:NoHoldsBarred","hermit:CalledShot"],"picked":"hermit:BigShot","floor":2},{"not_picked":["hermit:HoleUp","hermit:LowProfile","hermit:Roulette"],"picked":"SKIP","floor":5},{"not_picked":["hermit:TakeAim","hermit:CalledShot"],"picked":"hermit:GhostlyPresence","floor":6},{"not_picked":["hermit:Manifest","hermit:LuckOfTheDraw"],"picked":"hermit:SprayPray","floor":8},{"not_picked":["hermit:Dive","hermit:GoldenBullet"],"picked":"hermit:Grudge","floor":11},{"not_picked":["hermit:Midnight","hermit:TakeCover"],"picked":"hermit:Glare","floor":12},{"not_picked":["hermit:Showdown","hermit:PistolWhip"],"picked":"hermit:Gestalt","floor":14},{"not_picked":["hermit:Roughhouse","hermit:OverwhelmingPower"],"picked":"hermit:FromBeyond","floor":16},{"not_picked":["hermit:Snipe","hermit:TrackingShot","hermit:Showdown+1"],"picked":"SKIP","floor":18},{"not_picked":["hermit:Roulette+1","hermit:LowProfile+1"],"picked":"hermit:Quickdraw","floor":19},{"not_picked":["hermit:FlashPowder","hermit:Feint"],"picked":"hermit:BigShot","floor":24},{"not_picked":["hermit:HeroicBravado","hermit:Horror"],"picked":"hermit:Vantage+1","floor":27},{"not_picked":["hermit:RoundhouseKick","hermit:Reprieve"],"picked":"hermit:BlackWind","floor":33},{"not_picked":["hermit:WideOpen","hermit:Roulette"],"picked":"hermit:TrackingShot+1","floor":35},{"not_picked":["hermit:Ricochet","hermit:Brawl"],"picked":"hermit:Dive+1","floor":37}],"player_experience":995023,"relics_obtained":[{"floor":9,"key":"Lizard Tail"},{"floor":26,"key":"Lantern"},{"floor":36,"key":"Gambling Chip"}],"event_choices":[{"damage_healed":0,"gold_gain":0,"player_choice":"Success","damage_taken":3,"relics_obtained":["The Courier"],"max_hp_gain":0,"max_hp_loss":0,"event_name":"Scrap Ooze","floor":3,"gold_loss":0},{"damage_healed":0,"gold_gain":0,"player_choice":"Entered Light","damage_taken":15,"max_hp_gain":0,"max_hp_loss":0,"event_name":"Shining Light","floor":13,"gold_loss":0,"cards_upgraded":["hermit:Strike_Hermit","hermit:Strike_Hermit"]},{"cards_removed":["hermit:Strike_Hermit"],"damage_healed":0,"gold_gain":0,"player_choice":"Elegance","damage_taken":0,"max_hp_gain":0,"max_hp_loss":0,"event_name":"Back to Basics","floor":20,"gold_loss":0},{"damage_healed":0,"gold_gain":0,"player_choice":"Obtained Book","damage_taken":16,"max_hp_gain":0,"max_hp_loss":0,"event_name":"Cursed Tome","floor":21,"gold_loss":0},{"damage_healed":0,"gold_gain":0,"player_choice":"Copied","damage_taken":0,"max_hp_gain":0,"max_hp_loss":0,"event_name":"Duplicator","floor":22,"gold_loss":0,"cards_obtained":["hermit:BigShot"]},{"damage_healed":0,"gold_gain":0,"cards_transformed":["hermit:Defend_Hermit","hermit:Defend_Hermit"],"player_choice":"Became Test Subject","damage_taken":0,"max_hp_gain":0,"max_hp_loss":0,"event_name":"Drug Dealer","floor":29,"gold_loss":0,"cards_obtained":["hermit:BlackWind","hermit:GoldenBullet"]},{"damage_healed":0,"gold_gain":0,"player_choice":"Shed Blood","damage_taken":19,"max_hp_gain":5,"max_hp_loss":0,"event_name":"Forgotten Altar","floor":30,"gold_loss":0},{"damage_healed":0,"gold_gain":0,"player_choice":"Fight","damage_taken":0,"max_hp_gain":0,"max_hp_loss":0,"event_name":"MindBloom","floor":36,"gold_loss":0},{"damage_healed":28,"gold_gain":0,"player_choice":"Writhe","damage_taken":0,"max_hp_gain":0,"max_hp_loss":0,"event_name":"Winding Halls","floor":38,"gold_loss":0,"cards_obtained":["Writhe"]}],"is_beta":false,"boss_relics":[{"not_picked":["Pandora\u0027s Box","Tiny House"],"picked":"hermit:ClaspedLocket"},{"not_picked":["Black Star","SlaversCollar"],"picked":"hermit:DentedPlate"}],"items_purged_floors":[4,31,39],"is_endless":false,"potions_floor_spawned":[1,11,14,16,18,19,27,35,36],"killed_by":"Nemesis","ascension_level":4}}