{"host":"htqwg582tjjtn9p7","time":1612004840,"event":{"mods":["2.2 Compatiblity","AchievementEnabler","Act Like it!","Aspiration","BaseMod","Better Third Choice","Colored Map","Conspire","Curses Come First","Displayed Cursed Tome","Energized Spire","Force Act Four","Fox Events","GifTheSpireLib","Hermit","Highlight Path","JesterMod","Mad Scientist","Minty Spire (QoL Compilation)","Pale of the Ancients","Permanent Neow","Random Character Button","Relic Stats","Reliquary","Replay The Spire","Robot Space Explorer","Somnambulant","Spicy Shops","Spikes Relics","StSLib","Stuff the Spire","The Blue Laboratory","The Bug Knight","The Forsaken","The Gatherer","The Judge","The Jungle","The Marked","The Runesmith","The Servant 0.9.4","Uncapped"],"gold_per_floor":[118,149,5,20,20,20,20],"floor_reached":6,"language":"ENG","playtime":184,"items_purged":[],"score":49,"play_id":"543e8428-dd25-4eca-9c7a-a1e08322a26d","local_time":"20210130120720","is_ascension_mode":true,"campfire_choices":[],"circlet_count":0,"master_deck":["RobotSpaceExplorer:Strike","RobotSpaceExplorer:Strike","RobotSpaceExplorer:Strike","RobotSpaceExplorer:Strike","RobotSpaceExplorer:Defend","RobotSpaceExplorer:Defend","RobotSpaceExplorer:Defend","RobotSpaceExplorer:Defend","RobotSpaceExplorer:Scan","RobotSpaceExplorer:MiniLasers","RobotSpaceExplorer:StunGrenade","RobotSpaceExplorer:DualCore"],"relics":["energizedSpire:MagnifyingGlass","foxEvents:LuckyCharm","Membership Card"],"acts_visited":["Exordium"],"potions_floor_usage":[],"damage_taken":[{"damage":0,"enemies":"Cultist","floor":1,"turns":5},{"damage":9,"enemies":"Colosseum Slavers","floor":2,"turns":4},{"damage":11,"enemies":"Jaw Worm","floor":4,"turns":4},{"damage":25,"enemies":"Gremlin Nob","floor":6,"turns":4}],"seed_played":"-8299868002962058568","potions_obtained":[],"is_trial":false,"path_per_floor":["M","?","$","M","?","E"],"character_chosen":"RobotSpaceExplorer","items_purchased":["Membership Card"],"campfire_rested":0,"item_purchase_floors":[3],"current_hp_per_floor":[68,59,59,48,48,23,23],"gold":20,"neow_bonus":"BOSS_RELIC","is_daily":false,"chose_seed":false,"campfire_upgraded":0,"win_rate":0.0,"timestamp":1612004840,"path_taken":["M","?","$","M","?","E"],"items_purchased_type":["Relic"],"build_version":"2020-12-22","purchased_purges":0,"victory":false,"max_hp_per_floor":[75,75,75,75,75,75,75],"relic_stats":{"counters":[4,16],"obtain_stats":[{"RobotSpaceExplorer:RoboCore":0,"energizedSpire:MagnifyingGlass":0,"foxEvents:LuckyCharm":2,"Membership Card":3},{"RobotSpaceExplorer:RoboCore":0,"energizedSpire:MagnifyingGlass":0,"foxEvents:LuckyCharm":2,"Membership Card":2},{"RobotSpaceExplorer:RoboCore":0,"energizedSpire:MagnifyingGlass":0,"foxEvents:LuckyCharm":9,"Membership Card":9}]},"card_choices":[{"not_picked":["RobotSpaceExplorer:FranticSearch","RobotSpaceExplorer:SurgingShield"],"picked":"RobotSpaceExplorer:StunGrenade","floor":1},{"not_picked":["RobotSpaceExplorer:Calculate","RobotSpaceExplorer:ImprovisedAttack"],"picked":"RobotSpaceExplorer:DualCore","floor":4}],"player_experience":1980239,"relics_obtained":[{"floor":2,"key":"foxEvents:LuckyCharm"}],"event_choices":[],"is_beta":false,"boss_relics":[],"items_purged_floors":[],"is_endless":false,"potions_floor_spawned":[],"killed_by":"Gremlin Nob","ascension_level":9}}