{"host":"4pckc3u5mqcilakq","time":1612028819,"event":{"mods":["AchievementEnabler","BaseMod","Colored Map","Colored Powertips","Highlight Path","Minty Spire (QoL Compilation)"],"gold_per_floor":[118,132,142,154,154,183,193,218,218,229,229,229],"floor_reached":11,"language":"ENG","playtime":437,"items_purged":[],"score":113,"play_id":"f8cb4f17-424c-49b4-a599-c4b1669bbbd6","local_time":"20210130204659","is_ascension_mode":true,"campfire_choices":[],"circlet_count":0,"master_deck":["Strike_P","Strike_P","Strike_P","Strike_P","Defend_P","Defend_P","Defend_P","Defend_P","Eruption","Vigilance","Prostrate","CrushJoints","EmptyMind","Crescendo","ForeignInfluence","Evaluate","FearNoEvil"],"relics":["SacredBark","Shuriken","Nunchaku","Shovel"],"acts_visited":["Exordium"],"potions_floor_usage":[7,8],"damage_taken":[{"damage":0.0,"enemies":"Jaw Worm","floor":1.0,"turns":3.0},{"damage":2.0,"enemies":"Small Slimes","floor":2.0,"turns":3.0},{"damage":0.0,"enemies":"2 Louse","floor":3.0,"turns":2.0},{"damage":0.0,"enemies":"2 Fungi Beasts","floor":4.0,"turns":3.0},{"damage":9.0,"enemies":"Lagavulin","floor":6.0,"turns":7.0},{"damage":4,"enemies":"Blue Slaver","floor":7,"turns":3},{"damage":33,"enemies":"Gremlin Nob","floor":8,"turns":4},{"damage":14,"enemies":"Large Slime","floor":10,"turns":2},{"damage":16,"enemies":"3 Sentries","floor":11,"turns":2}],"seed_played":"-3220480256210274385","potions_obtained":[{"floor":1.0,"key":"StancePotion"},{"floor":3.0,"key":"AttackPotion"},{"floor":6.0,"key":"AttackPotion"},{"floor":8,"key":"Ancient Potion"}],"is_trial":false,"path_per_floor":["M","M","M","M","?","E","M","E","T","M","E"],"character_chosen":"WATCHER","items_purchased":[],"campfire_rested":0,"item_purchase_floors":[],"current_hp_per_floor":[65,63,63,63,63,54,50,17,17,3,0,0],"gold":229,"neow_bonus":"BOSS_RELIC","is_daily":false,"chose_seed":false,"campfire_upgraded":0,"win_rate":0.0,"timestamp":1612028819,"path_taken":["M","M","M","M","?","E","M","E","T","M","E"],"items_purchased_type":[],"build_version":"2020-12-22","purchased_purges":0,"victory":false,"max_hp_per_floor":[72,72,72,72,72,72,72,72,72,72,72,72],"card_choices":[{"not_picked":["FlurryOfBlows","ThirdEye"],"picked":"Prostrate","floor":1.0},{"not_picked":["Fasting2","Meditate"],"picked":"CrushJoints","floor":2.0},{"not_picked":["Halt","Fasting2"],"picked":"EmptyMind","floor":3.0},{"not_picked":["Nirvana","JustLucky"],"picked":"Crescendo","floor":4.0},{"not_picked":["Collect","Blasphemy"],"picked":"ForeignInfluence","floor":6.0},{"not_picked":["Crescendo","SashWhip"],"picked":"Evaluate","floor":7},{"not_picked":["WreathOfFlame","FollowUp"],"picked":"FearNoEvil","floor":8},{"not_picked":["Crescendo","JustLucky","PathToVictory"],"picked":"SKIP","floor":10}],"player_experience":226151,"relics_obtained":[{"floor":6.0,"key":"Shuriken"},{"floor":8,"key":"Nunchaku"},{"floor":9,"key":"Shovel"}],"event_choices":[{"damage_healed":0.0,"max_hp_gain":0.0,"max_hp_loss":0.0,"gold_gain":0.0,"event_name":"Liars Game","player_choice":"Ignored","floor":5.0,"gold_loss":0.0,"damage_taken":0.0}],"is_beta":false,"boss_relics":[],"items_purged_floors":[],"is_endless":false,"potions_floor_spawned":[1,3,6,8],"killed_by":"3 Sentries","ascension_level":6}}