{"host":"y76x98twjnyyxs83","time":1612025079,"event":{"mods":["BaseMod","Colored Powertips","Minty Spire (QoL Compilation)","Permanent Neow","Quick Restart","Rare Cards Sparkle","Relic Stats","StSLib"],"gold_per_floor":[111,126,141,141,158,158,186,186,186,212,263,294,294,311,311,388,388,407,422,184,184,80,80,97,97,97],"floor_reached":25,"language":"ENG","playtime":951,"items_purged":["Strike_P","Strike_P"],"score":492,"play_id":"09adbec4-ce39-467d-a416-6bcbf96f4f91","local_time":"20210131004439","is_ascension_mode":true,"campfire_choices":[{"data":"WheelKick","floor":6.0,"key":"SMITH"},{"data":"EmptyFist","floor":8.0,"key":"SMITH"},{"floor":15.0,"key":"REST"},{"floor":23,"key":"REST"}],"circlet_count":0,"master_deck":["AscendersBane","Strike_P","Strike_P+1","Defend_P+1","Defend_P","Defend_P","Defend_P+1","Eruption","Vigilance","CurseOfTheBell","Tantrum+1","EmptyFist+1","BowlingBash","WheelKick+1","LessonLearned+1","Vengeance+1","Meditate","CutThroughFate","Establishment","ThirdEye","MentalFortress","TalkToTheHand","FearNoEvil","FlurryOfBlows","EmptyMind"],"relics":["Calling Bell","Strawberry","Question Card","Shovel","Lantern","Nunchaku","The Courier","Toy Ornithopter","Vajra","CultistMask","Cursed Key"],"acts_visited":["Exordium","TheCity"],"potions_floor_usage":[],"damage_taken":[{"damage":9.0,"enemies":"Jaw Worm","floor":1.0,"turns":6.0},{"damage":0.0,"enemies":"Cultist","floor":2.0,"turns":2.0},{"damage":2.0,"enemies":"Small Slimes","floor":3.0,"turns":4.0},{"damage":20.0,"enemies":"Gremlin Gang","floor":5.0,"turns":3.0},{"damage":7.0,"enemies":"3 Sentries","floor":7.0,"turns":4.0},{"damage":25.0,"enemies":"Lagavulin","floor":10.0,"turns":5.0},{"damage":0.0,"enemies":"Gremlin Nob","floor":12.0,"turns":2.0},{"damage":8.0,"enemies":"Lots of Slimes","floor":14.0,"turns":3.0},{"damage":23.0,"enemies":"Hexaghost","floor":16.0,"turns":7.0},{"damage":22.0,"enemies":"2 Thieves","floor":18.0,"turns":2.0},{"damage":27.0,"enemies":"Spheric Guardian","floor":19.0,"turns":5.0},{"damage":26,"enemies":"Cultist and Chosen","floor":24,"turns":6},{"damage":5,"enemies":"Book of Stabbing","floor":25,"turns":2}],"seed_played":"-2239844223644296838","potions_obtained":[{"floor":5.0,"key":"Fire Potion"},{"floor":7.0,"key":"SteroidPotion"},{"floor":10.0,"key":"BlessingOfTheForge"},{"floor":16.0,"key":"BlessingOfTheForge"},{"floor":18.0,"key":"Ancient Potion"}],"is_trial":false,"path_per_floor":["M","M","M","?","M","R","E","R","T","E","T","E","?","M","R","B",null,"M","M","$","T","$","R","M","E"],"character_chosen":"WATCHER","items_purchased":["MentalFortress","TalkToTheHand","FearNoEvil","FlurryOfBlows"],"campfire_rested":2,"item_purchase_floors":[20,20,20,22],"current_hp_per_floor":[59,59,57,57,37,37,30,30,30,5,5,10,10,2,24,6,58,36,9,9,9,9,31,5,0,0],"gold":97,"neow_bonus":"BOSS_RELIC","is_daily":false,"chose_seed":false,"campfire_upgraded":2,"win_rate":0.0,"timestamp":1612025079,"path_taken":["M","M","M","?","?","R","E","R","T","E","?","E","?","?","R","BOSS","M","M","$","?","$","R","M","E"],"items_purchased_type":["Card","Card","Card","Card"],"build_version":"2020-12-22","purchased_purges":2,"victory":false,"max_hp_per_floor":[75,75,75,75,75,75,75,75,75,75,75,75,75,75,75,75,75,75,75,75,75,75,75,75,75,75],"relic_stats":{"Nunchaku":[6],"Shovel":0,"counters":[13,51],"Question Card":12,"Cursed Key":0,"obtain_stats":[{"Calling Bell":0,"Lantern":7,"Nunchaku":9,"Shovel":0,"Strawberry":0,"Vajra":12,"The Courier":10,"CultistMask":13,"PureWater":0,"Question Card":0,"Cursed Key":17,"Toy Ornithopter":11},{"Calling Bell":0,"Lantern":5,"Nunchaku":5,"Shovel":0,"Strawberry":0,"Vajra":7,"The Courier":6,"CultistMask":7,"PureWater":0,"Question Card":0,"Cursed Key":9,"Toy Ornithopter":6},{"Calling Bell":0,"Lantern":19,"Nunchaku":19,"Shovel":0,"Strawberry":0,"Vajra":26,"The Courier":24,"CultistMask":26,"PureWater":0,"Question Card":0,"Cursed Key":36,"Toy Ornithopter":24}],"Toy Ornithopter":10},"card_choices":[{"not_picked":["Evaluate","CrushJoints","EmptyBody"],"picked":"Tantrum","floor":1.0},{"not_picked":["EmptyBody","Wireheading","SandsOfTime"],"picked":"EmptyFist","floor":2.0},{"not_picked":["DevaForm","EmptyBody","WindmillStrike"],"picked":"BowlingBash","floor":3.0},{"not_picked":["Crescendo","Prostrate","ThirdEye"],"picked":"WheelKick","floor":5.0},{"not_picked":["Wireheading","EmptyBody","SandsOfTime"],"picked":"LessonLearned","floor":7.0},{"not_picked":["EmptyFist","BowlingBash","SashWhip"],"picked":"Vengeance","floor":10.0},{"not_picked":["Halt","ClearTheMind","EmptyFist"],"picked":"Meditate","floor":12.0},{"not_picked":["Conclude","Halt","Protect"],"picked":"CutThroughFate","floor":14.0},{"not_picked":["SpiritShield","Ragnarok","Brilliance"],"picked":"Establishment","floor":16.0},{"not_picked":["Study","Halt","PathToVictory+1","JustLucky"],"picked":"SKIP","floor":18.0},{"not_picked":["JustLucky","Study","ReachHeaven"],"picked":"ThirdEye","floor":19.0},{"not_picked":["Pray","BowlingBash","EmptyBody"],"picked":"EmptyMind","floor":24}],"player_experience":1170800,"relics_obtained":[{"floor":0.0,"key":"Strawberry"},{"floor":0.0,"key":"Question Card"},{"floor":0.0,"key":"Shovel"},{"floor":7.0,"key":"Lantern"},{"floor":9.0,"key":"Nunchaku"},{"floor":10.0,"key":"The Courier"},{"floor":11.0,"key":"Toy Ornithopter"},{"floor":12.0,"key":"Vajra"}],"event_choices":[{"damage_healed":0.0,"max_hp_gain":0.0,"max_hp_loss":0.0,"gold_gain":0.0,"event_name":"Match and Keep!","player_choice":"0 cards matched","floor":4.0,"gold_loss":0.0,"damage_taken":0.0,"cards_obtained":[]},{"damage_healed":0.0,"max_hp_gain":0.0,"max_hp_loss":0.0,"gold_gain":0.0,"event_name":"FaceTrader","player_choice":"Trade","floor":13.0,"gold_loss":0.0,"damage_taken":0.0,"relics_obtained":["CultistMask"]}],"is_beta":false,"boss_relics":[{"not_picked":["Empty Cage","Tiny House"],"picked":"Cursed Key"}],"items_purged_floors":[20,22],"is_endless":false,"potions_floor_spawned":[5,7,10,16,18],"killed_by":"Book of Stabbing","ascension_level":20}}