{"host":"twbuyd87gsx4w7po","time":1612005496,"event":{"mods":["BaseMod","Downfall","Minty Spire (QoL Compilation)","StSLib"],"gold_per_floor":[99,117,134,154,172,172,227,241,274,114,146,169,181,209,231,243,243,243],"floor_reached":16,"language":"ENG","playtime":1448,"items_purged":["champ:Strike"],"score":128,"play_id":"7fae5447-c097-4d9b-a766-abc08afa816d","local_time":"20210130031816","is_ascension_mode":true,"campfire_choices":[{"data":"champ:Taunt","floor":1,"key":"SMITH"},{"data":"champ:Execute","floor":6,"key":"SMITH"},{"floor":13,"key":"REST"}],"circlet_count":0,"master_deck":["champ:Strike","champ:Strike","champ:Strike","champ:Defend","champ:Defend","champ:Defend","champ:Defend","champ:Execute+1","champ:Taunt+1","champ:RisingSlash","champ:BerserkerStyle","champ:ShieldSigil","champ:ShieldSlam","champ:Shatter","champ:TripleStrike","champ:Haymaker","champ:FaceSlap","champ:EnragedBash","champ:AdrenalArmor","champ:EndlessRage"],"relics":["champ:ChampionCrown","Lantern","Blood Vial","MawBank"],"acts_visited":["Exordium"],"potions_floor_usage":[5,11,12,16],"damage_taken":[{"damage":18,"enemies":"2 Louse","floor":2,"turns":3},{"damage":24,"enemies":"Jaw Worm","floor":3,"turns":3},{"damage":19,"enemies":"Small Slimes","floor":4,"turns":4},{"damage":80,"enemies":"Gremlin Gang","floor":5,"turns":5},{"damage":37,"enemies":"2 Fungi Beasts","floor":8,"turns":4},{"damage":63,"enemies":"Lagavulin","floor":9,"turns":6},{"damage":44,"enemies":"downfall:FleeingMerchant","floor":10,"turns":4},{"damage":45,"enemies":"3 Sentries","floor":11,"turns":7},{"damage":16,"enemies":"Red Slaver","floor":12,"turns":3},{"damage":41,"enemies":"Gremlin Gang","floor":14,"turns":5},{"damage":38,"enemies":"Blue Slaver","floor":15,"turns":4},{"damage":67,"enemies":"DF_ARCHETYPE_STREAMLINE","floor":16,"turns":8}],"seed_played":"1102279099786348509","potions_obtained":[{"floor":3,"key":"LiquidBronze"},{"floor":8,"key":"Block Potion"},{"floor":9,"key":"Guardian:BlockOnCardUsePotion"},{"floor":15,"key":"champ:UltimateStancePotion"}],"is_trial":false,"path_per_floor":["R","M","M","M","M","R","T","M","E","$","E","M","R","M","M","B"],"character_chosen":"THE_CHAMP","items_purchased":["champ:FaceSlap"],"campfire_rested":1,"item_purchase_floors":[10],"current_hp_per_floor":[90,82,78,74,50,50,50,48,34,31,15,11,38,34,30,0,0,0],"gold":243,"neow_bonus":"THREE_CARDS","is_daily":false,"chose_seed":false,"campfire_upgraded":2,"win_rate":0.0,"timestamp":1612005496,"path_taken":["R","M","M","M","M","R","T","M","E","$","E","M","R","M","M","BOSS"],"items_purchased_type":["Card"],"build_version":"2020-12-22","purchased_purges":1,"victory":false,"max_hp_per_floor":[90,90,90,90,90,90,90,90,90,90,90,90,90,90,90,90,90,90],"card_choices":[{"not_picked":["champ:FalseCounter","champ:BladeFlurry"],"picked":"champ:RisingSlash","floor":0},{"not_picked":["champ:DefensiveShout","champ:RisingSlash"],"picked":"champ:BerserkerStyle","floor":2},{"not_picked":["champ:Backstep","champ:Circumvent"],"picked":"champ:ShieldSigil","floor":3},{"not_picked":["champ:CrownThrow","champ:Backstep"],"picked":"champ:ShieldSlam","floor":4},{"not_picked":["champ:FancyFootwork","champ:GutPunch","champ:CrownThrow"],"picked":"SKIP","floor":5},{"not_picked":["champ:Backstep","champ:FlashCut"],"picked":"champ:Shatter","floor":8},{"not_picked":["champ:Parry","champ:DefensiveShout"],"picked":"champ:TripleStrike","floor":9},{"not_picked":["champ:CalledShot","champ:SkillfulDodge"],"picked":"champ:Haymaker","floor":10},{"not_picked":["champ:BladeFlurry","champ:Haymaker","champ:Parry"],"picked":"SKIP","floor":11},{"not_picked":["champ:Lariat","champ:SwordSigil"],"picked":"champ:EnragedBash","floor":12},{"not_picked":["champ:BerserkersShout","champ:Circumvent"],"picked":"champ:AdrenalArmor","floor":14},{"not_picked":["champ:Shatter","champ:SwordSigil"],"picked":"champ:EndlessRage","floor":15}],"player_experience":392263,"relics_obtained":[{"floor":7,"key":"Lantern"},{"floor":9,"key":"Blood Vial"},{"floor":11,"key":"MawBank"}],"event_choices":[],"is_beta":false,"boss_relics":[],"items_purged_floors":[10],"is_endless":false,"potions_floor_spawned":[3,8,9,15],"killed_by":"DF_ARCHETYPE_STREAMLINE","ascension_level":2}}