{"host":"qm4rv4rkpk76sbxu","time":1612022106,"event":{"mods":["BaseMod","Bestiary","Block Reminder","DeckTracker","Filter the Spire","Keyboard Shortcuts","Minty Spire (QoL Compilation)","MonsterHotkey","Quick Restart","Random Character Button","Relic Stats","Slay-I","StSLib","Unceasing Turn Reminder","ojb\u0027s Better Paths Mod","ojb\u0027s Info Mod"],"gold_per_floor":[118,193,24,24,48,79,90,100,400,365,365,383,396,70,70,144,144,154,23,36,55,330,330,365,365,435,463,480,495,495,523,523,601,601,620,620,636,650,650,682,682,682,682,682,719,738,751,775,775,775,775,775,775,49,84,84,84],"floor_reached":56,"language":"ENG","playtime":2978,"items_purged":["Strike_G","Regret"],"score":2034,"play_id":"74d2cd37-d79c-431f-878b-7c203a2f1f3c","local_time":"20210130165506","is_ascension_mode":true,"campfire_choices":[{"data":"Quick Slash","floor":11.0,"key":"SMITH"},{"data":"Leg Sweep","floor":15.0,"key":"SMITH"},{"data":"Doppelganger","floor":23.0,"key":"SMITH"},{"data":"Night Terror","floor":25.0,"key":"SMITH"},{"data":"After Image","floor":32.0,"key":"SMITH"},{"data":"Adrenaline","floor":41.0,"key":"SMITH"},{"floor":44.0,"key":"RECALL"},{"data":"Blade Dance","floor":49.0,"key":"SMITH"},{"data":"Blade Dance","floor":53.0,"key":"SMITH"}],"circlet_count":0,"master_deck":["AscendersBane","Defend_G","Defend_G","Defend_G","Defend_G","Survivor","Neutralize","Leg Sweep+1","Blade Dance+1","Blade Dance+1","Quick Slash+1","Predator","After Image+1","Night Terror+1","Blade Dance","Doppelganger+1","Slice+1","Well Laid Plans+1","Finisher+1","Leg Sweep","Adrenaline+1","Leg Sweep+1","Malaise+1","Calculated Gamble+1","Acrobatics+1","Eviscerate+1","Finisher+1","Glass Knife","Blur","Blur+1","Prepared+1","Well Laid Plans","Blade Dance","Accuracy"],"relics":["Philosopher\u0027s Stone","Medical Kit","Vajra","Blue Candle","Old Coin","Lee\u0027s Waffle","WristBlade","Bronze Scales","Eternal Feather","FossilizedHelix","Mummified Hand","Astrolabe","Bag of Marbles","CeramicFish","Shuriken","Blood Vial","Ornamental Fan"],"acts_visited":["Exordium","TheCity","TheBeyond","TheEnding"],"potions_floor_usage":[56,56],"damage_taken":[{"damage":0.0,"enemies":"Small Slimes","floor":1.0,"turns":4.0},{"damage":24.0,"enemies":"Lagavulin","floor":6.0,"turns":9.0},{"damage":0.0,"enemies":"Jaw Worm","floor":7.0,"turns":3.0},{"damage":0.0,"enemies":"Cultist","floor":8.0,"turns":2.0},{"damage":14.0,"enemies":"Exordium Wildlife","floor":12.0,"turns":4.0},{"damage":0.0,"enemies":"Exordium Thugs","floor":13.0,"turns":3.0},{"damage":8.0,"enemies":"The Guardian","floor":16.0,"turns":12.0},{"damage":7.0,"enemies":"Shell Parasite","floor":18.0,"turns":5.0},{"damage":6.0,"enemies":"3 Byrds","floor":20.0,"turns":4.0},{"damage":2.0,"enemies":"Snake Plant","floor":21.0,"turns":5.0},{"damage":17.0,"enemies":"Gremlin Leader","floor":24.0,"turns":4.0},{"damage":25.0,"enemies":"Book of Stabbing","floor":27.0,"turns":5.0},{"damage":0.0,"enemies":"Centurion and Healer","floor":28.0,"turns":4.0},{"damage":0.0,"enemies":"Chosen and Byrds","floor":29.0,"turns":4.0},{"damage":3.0,"enemies":"Slavers","floor":31.0,"turns":4.0},{"damage":23.0,"enemies":"Automaton","floor":33.0,"turns":8.0},{"damage":0.0,"enemies":"3 Shapes","floor":35.0,"turns":9.0},{"damage":0.0,"enemies":"Orb Walker","floor":37.0,"turns":3.0},{"damage":0.0,"enemies":"Maw","floor":38.0,"turns":6.0},{"damage":0.0,"enemies":"Giant Head","floor":40.0,"turns":4.0},{"damage":12.0,"enemies":"Nemesis","floor":45.0,"turns":3.0},{"damage":0.0,"enemies":"3 Darklings","floor":46.0,"turns":3.0},{"damage":0.0,"enemies":"Jaw Worm Horde","floor":47.0,"turns":2.0},{"damage":21.0,"enemies":"Maw","floor":48.0,"turns":6.0},{"damage":8.0,"enemies":"Awakened One","floor":50.0,"turns":10.0},{"damage":29.0,"enemies":"Donu and Deca","floor":51.0,"turns":12.0},{"damage":8.0,"enemies":"Shield and Spear","floor":55.0,"turns":5.0},{"damage":69,"enemies":"The Heart","floor":56,"turns":6}],"seed_played":"-6956316063689696922","potions_obtained":[{"floor":1.0,"key":"SteroidPotion"},{"floor":6.0,"key":"DistilledChaos"},{"floor":13.0,"key":"DistilledChaos"},{"floor":20.0,"key":"Fire Potion"},{"floor":24.0,"key":"GamblersBrew"},{"floor":27.0,"key":"SkillPotion"},{"floor":33.0,"key":"DistilledChaos"},{"floor":36.0,"key":"FearPotion"},{"floor":37.0,"key":"Strength Potion"},{"floor":45.0,"key":"AttackPotion"},{"floor":47.0,"key":"Dexterity Potion"},{"floor":55.0,"key":"Ancient Potion"}],"is_trial":false,"path_per_floor":["M","?","$","?","T","E","M","M","T","?","R","M","M","$","R","B",null,"M","$","M","M","?","R","E","R","T","E","M","M","?","E","R","B",null,"M","?","M","M","?","E","R","?","T","R","E","M","M","M","R","B","B",null,"R","$","E","B"],"character_chosen":"THE_SILENT","items_purchased":["Medical Kit","Lee\u0027s Waffle","After Image","AttackPotion","Shuriken","Energy Potion","Well Laid Plans","Blade Dance","Blood Vial"],"campfire_rested":0,"item_purchase_floors":[3,14,14,19,54,54,54,54,54],"current_hp_per_floor":[59,48,48,41,41,17,17,17,17,33,33,19,19,73,73,65,71,64,64,58,56,56,56,39,39,39,14,14,14,14,11,26,3,56,56,56,56,56,56,56,71,71,71,73,61,61,61,40,58,50,21,60,73,73,65,0,0],"gold":84,"neow_bonus":"BOSS_RELIC","is_daily":false,"chose_seed":false,"campfire_upgraded":8,"win_rate":0.0,"timestamp":1612022106,"path_taken":["M","?","$","?","?","E","M","?","T","?","R","M","M","?","R","BOSS","M","$","M","M","?","R","E","R","T","E","M","?","?","E","R","BOSS","M","?","M","?","?","E","R","?","T","R","E","M","M","M","R","BOSS","BOSS","R","$","E","BOSS"],"items_purchased_type":["Relic","Relic","Card","Potion","Relic","Potion","Card","Card","Relic"],"build_version":"2020-12-22","purchased_purges":2,"victory":false,"max_hp_per_floor":[66,66,66,66,66,66,66,66,66,66,66,66,66,73,73,73,73,73,73,73,73,73,73,73,73,73,73,73,73,73,73,73,73,73,73,73,73,73,73,73,73,73,73,73,73,73,73,73,73,73,73,73,73,73,73,73,73],"relic_stats":{"Lee\u0027s Waffle":54,"counters":[28,149],"Blue Candle":[7],"Astrolabe":["Leg Sweep","Malaise","Calculated Gamble"],"CeramicFish":54,"Eternal Feather":63,"Medical Kit":[4],"Blood Vial":2,"Mummified Hand":[37],"Shuriken":[13],"Ornamental Fan":[24],"Bronze Scales":[288],"obtain_stats":[{"Lee\u0027s Waffle":14,"Blue Candle":6,"Astrolabe":34,"CeramicFish":45,"Vajra":5,"Eternal Feather":26,"Medical Kit":3,"Old Coin":9,"Blood Vial":54,"WristBlade":17,"Mummified Hand":31,"Shuriken":54,"Ornamental Fan":55,"Bronze Scales":24,"Philosopher\u0027s Stone":0,"Bag of Marbles":40,"FossilizedHelix":27,"Ring of the Snake":0},{"Lee\u0027s Waffle":6,"Blue Candle":2,"Astrolabe":16,"CeramicFish":21,"Vajra":1,"Eternal Feather":11,"Medical Kit":1,"Old Coin":4,"Blood Vial":26,"WristBlade":7,"Mummified Hand":15,"Shuriken":26,"Ornamental Fan":27,"Bronze Scales":11,"Philosopher\u0027s Stone":0,"Bag of Marbles":20,"FossilizedHelix":12,"Ring of the Snake":0},{"Lee\u0027s Waffle":25,"Blue Candle":13,"Astrolabe":80,"CeramicFish":105,"Vajra":4,"Eternal Feather":55,"Medical Kit":4,"Old Coin":18,"Blood Vial":138,"WristBlade":37,"Mummified Hand":72,"Shuriken":138,"Ornamental Fan":143,"Bronze Scales":55,"Philosopher\u0027s Stone":0,"Bag of Marbles":102,"FossilizedHelix":60,"Ring of the Snake":0}]},"card_choices":[{"not_picked":["Deflect","Cloak And Dagger"],"picked":"Leg Sweep","floor":1.0},{"not_picked":["Quick Slash","Eviscerate"],"picked":"Blade Dance","floor":6.0},{"not_picked":["Sucker Punch","Tactician"],"picked":"Blade Dance","floor":7.0},{"not_picked":["Outmaneuver","Deadly Poison"],"picked":"Quick Slash","floor":8.0},{"not_picked":["Blade Dance","Outmaneuver"],"picked":"Predator","floor":12.0},{"not_picked":["Slice","Backstab","Dagger Throw"],"picked":"SKIP","floor":13.0},{"not_picked":["Glass Knife","Doppelganger"],"picked":"Night Terror","floor":16.0},{"not_picked":["Slice","Flying Knee"],"picked":"Blade Dance","floor":18.0},{"not_picked":["PiercingWail","Distraction","Noxious Fumes"],"picked":"SKIP","floor":20.0},{"not_picked":["Quick Slash","Sucker Punch"],"picked":"Doppelganger","floor":21.0},{"not_picked":["Flechettes","Deadly Poison"],"picked":"Slice+1","floor":24.0},{"not_picked":["Blade Dance","Skewer","Prepared"],"picked":"SKIP","floor":27.0},{"not_picked":["Quick Slash+1","Cloak And Dagger"],"picked":"Well Laid Plans+1","floor":28.0},{"not_picked":["Backflip","Deadly Poison"],"picked":"Finisher+1","floor":29.0},{"not_picked":["Blade Dance","Outmaneuver"],"picked":"Leg Sweep","floor":31.0},{"not_picked":["Glass Knife","Doppelganger"],"picked":"Adrenaline","floor":33.0},{"not_picked":["Deadly Poison+1","Prepared+1"],"picked":"Acrobatics+1","floor":35.0},{"not_picked":["Deflect","Skewer"],"picked":"Eviscerate+1","floor":37.0},{"not_picked":["Well Laid Plans+1","Blade Dance+1"],"picked":"Finisher+1","floor":38.0},{"not_picked":["Expertise","PiercingWail","Cloak And Dagger"],"picked":"SKIP","floor":40.0},{"not_picked":["Sucker Punch","Doppelganger"],"picked":"Blur","floor":45.0},{"not_picked":["PiercingWail+1","Quick Slash"],"picked":"Blur+1","floor":46.0},{"not_picked":["Infinite Blades+1","Leg Sweep","Deadly Poison"],"picked":"SKIP","floor":47.0},{"not_picked":["Dagger Throw","Flying Knee+1"],"picked":"Prepared+1","floor":48.0},{"not_picked":["Underhanded Strike","Expertise"],"picked":"Accuracy","floor":55.0}],"player_experience":1448552,"relics_obtained":[{"floor":5.0,"key":"Vajra"},{"floor":6.0,"key":"Blue Candle"},{"floor":9.0,"key":"Old Coin"},{"floor":24.0,"key":"Bronze Scales"},{"floor":26.0,"key":"Eternal Feather"},{"floor":27.0,"key":"FossilizedHelix"},{"floor":31.0,"key":"Mummified Hand"},{"floor":40.0,"key":"Bag of Marbles"},{"floor":45.0,"key":"CeramicFish"},{"floor":55.0,"key":"Ornamental Fan"}],"event_choices":[{"damage_healed":0.0,"max_hp_gain":0.0,"max_hp_loss":0.0,"gold_gain":75.0,"event_name":"World of Goop","player_choice":"Gather Gold","floor":2.0,"gold_loss":0.0,"damage_taken":11.0},{"cards_removed":["Defend_G"],"damage_healed":0.0,"max_hp_gain":0.0,"max_hp_loss":0.0,"gold_gain":0.0,"event_name":"Golden Wing","player_choice":"Card Removal","floor":4.0,"gold_loss":0.0,"damage_taken":7.0},{"damage_healed":16.0,"max_hp_gain":0.0,"max_hp_loss":0.0,"gold_gain":0.0,"event_name":"The Cleric","player_choice":"Healed","floor":10.0,"gold_loss":35.0,"damage_taken":0.0},{"damage_healed":0.0,"max_hp_gain":0.0,"max_hp_loss":0.0,"gold_gain":275.0,"event_name":"Golden Shrine","player_choice":"Desecrate","floor":22.0,"gold_loss":0.0,"damage_taken":0.0,"cards_obtained":["Regret"]},{"damage_healed":0.0,"max_hp_gain":0.0,"max_hp_loss":0.0,"gold_gain":0.0,"event_name":"Cursed Tome","player_choice":"Ignored","floor":30.0,"gold_loss":0.0,"damage_taken":0.0},{"damage_healed":0.0,"max_hp_gain":0.0,"max_hp_loss":0.0,"gold_gain":0.0,"event_name":"Lab","player_choice":"Got Potions","floor":36.0,"gold_loss":0.0,"damage_taken":0.0},{"damage_healed":0.0,"max_hp_gain":0.0,"max_hp_loss":0.0,"gold_gain":0.0,"event_name":"Tomb of Lord Red Mask","player_choice":"Ignored","floor":39.0,"gold_loss":0.0,"damage_taken":0.0},{"damage_healed":0.0,"max_hp_gain":0.0,"max_hp_loss":0.0,"gold_gain":0.0,"cards_transformed":["Strike_G"],"event_name":"Transmorgrifier","player_choice":"Transformed","floor":42.0,"gold_loss":0.0,"damage_taken":0.0,"cards_obtained":["Glass Knife"]}],"is_beta":false,"boss_relics":[{"not_picked":["Snecko Eye","Runic Pyramid"],"picked":"WristBlade"},{"not_picked":["Tiny House","SlaversCollar"],"picked":"Astrolabe"}],"items_purged_floors":[19,54],"is_endless":false,"potions_floor_spawned":[1,6,13,20,24,27,33,37,38,45,47,48,55],"killed_by":"The Heart","ascension_level":20}}