{"host":"hkj1blq6xqcrzx6o","time":1612020028,"event":{"mods":["BaseMod","Downfall","Lobotomy","Minty Spire (QoL Compilation)","Replay The Spire","StSLib","The Cursed","The Servant 0.9.4"],"gold_per_floor":[368,388,358,370,383,416,416,691,772,791,82,82,82,98,98,98,98],"floor_reached":16,"language":"ZHS","playtime":1001,"items_purged":["TheCursedMod:Defend_TheCursed"],"score":104,"play_id":"11faea81-e611-4e7b-914a-b77636d1903f","local_time":"20210130232028","is_ascension_mode":false,"campfire_choices":[{"floor":7,"key":"REST"},{"floor":15,"key":"REST"}],"circlet_count":0,"master_deck":["TheCursedMod:Strike_TheCursed","TheCursedMod:Strike_TheCursed","TheCursedMod:Strike_TheCursed","TheCursedMod:Strike_TheCursed","TheCursedMod:Defend_TheCursed","TheCursedMod:Defend_TheCursed","TheCursedMod:Defend_TheCursed","TheCursedMod:CursedWand","TheCursedMod:CleanUpWorkshop","TheCursedMod:Dregs","ReplayTheSpireMod:Splinters","TheCursedMod:SpitefulPray","TheCursedMod:CircleOfFlame","TheCursedMod:ForbiddenAlchemy","TheCursedMod:CursedShiv","TheCursedMod:ManaBullet","Regret","TheCursedMod:HellsGateOpen","Violence","TheCursedMod:CircleOfCorruption","TheCursedMod:CircleOfBlood"],"relics":["TheCursedMod:BlackMagic101","Gambling Chip","HornCleat","ClockworkSouvenir","Letter Opener","Centennial Puzzle"],"acts_visited":["Exordium"],"potions_floor_usage":[3,6,6,12,16,16,16,16],"damage_taken":[{"damage":2,"enemies":"Cultist","floor":1,"turns":4},{"damage":7,"enemies":"Small Slimes","floor":2,"turns":3},{"damage":6,"enemies":"Jaw Worm","floor":4,"turns":4},{"damage":38,"enemies":"Exordium Thugs","floor":5,"turns":8},{"damage":22,"enemies":"Lagavulin","floor":6,"turns":6},{"damage":0,"enemies":"Exordium Wildlife","floor":10,"turns":4},{"damage":0,"enemies":"Blue Slaver","floor":12,"turns":1},{"damage":0,"enemies":"2 Fungi Beasts","floor":14,"turns":4},{"damage":56,"enemies":"Fading Forest","floor":16,"turns":8}],"seed_played":"4666321395268063458","potions_obtained":[{"floor":2,"key":"SmokeBomb"},{"floor":3,"key":"Fire Potion"},{"floor":3,"key":"Fruit Juice"},{"floor":4,"key":"FearPotion"},{"floor":10,"key":"SkillPotion"}],"is_trial":false,"path_per_floor":["M","M","?","M","M","E","R","?","T","M","$","M","T","M","R","B"],"character_chosen":"THE_CURSED","items_purchased":["Violence","ClockworkSouvenir","Letter Opener","TheCursedMod:CircleOfCorruption"],"campfire_rested":2,"item_purchase_floors":[11,11,11,11],"current_hp_per_floor":[73,66,71,65,27,5,29,29,29,29,29,29,29,29,53,24,24],"gold":98,"neow_bonus":"TWO_FIFTY_GOLD","is_daily":false,"chose_seed":false,"campfire_upgraded":0,"win_rate":0.0,"timestamp":1612020028,"path_taken":["M","?","?","?","M","E","R","?","T","M","?","M","?","M","R","BOSS"],"items_purchased_type":["Card","Relic","Relic","Card"],"build_version":"2020-12-22","purchased_purges":1,"victory":false,"max_hp_per_floor":[75,75,80,80,80,80,80,80,80,80,80,80,80,80,80,80,80],"card_choices":[{"not_picked":["TheCursedMod:FuryStrike","TheCursedMod:DoubleShield"],"picked":"TheCursedMod:SpitefulPray","floor":1},{"not_picked":["TheCursedMod:CursedBlade","TheCursedMod:CursedMace"],"picked":"TheCursedMod:CircleOfFlame","floor":2},{"not_picked":["TheCursedMod:WearCloak","TheCursedMod:Torture"],"picked":"TheCursedMod:ForbiddenAlchemy","floor":4},{"not_picked":["TheCursedMod:HellsGateOpen","TheCursedMod:CursedMace"],"picked":"TheCursedMod:CursedShiv","floor":5},{"not_picked":["TheCursedMod:TacticalStrike","TheCursedMod:SpitefulStrike"],"picked":"TheCursedMod:ManaBullet","floor":6},{"not_picked":["TheCursedMod:CursedMace","TheCursedMod:SpitefulStrike"],"picked":"TheCursedMod:HellsGateOpen","floor":10},{"not_picked":["TheCursedMod:BlessingInDisguise","TheCursedMod:ForbiddenAlchemy"],"picked":"TheCursedMod:CircleOfBlood","floor":14}],"player_experience":16063,"relics_obtained":[{"floor":6,"key":"Gambling Chip"},{"floor":9,"key":"HornCleat"},{"floor":13,"key":"Centennial Puzzle"}],"event_choices":[{"damage_healed":0,"gold_gain":0,"player_choice":"Bought 2 Potions","damage_taken":0,"max_hp_gain":0,"max_hp_loss":0,"event_name":"The Woman in Blue","floor":3,"gold_loss":0},{"damage_healed":0,"gold_gain":275,"player_choice":"Desecrate","damage_taken":0,"max_hp_gain":0,"max_hp_loss":0,"event_name":"Golden Shrine","floor":8,"gold_loss":0,"cards_obtained":["Regret"]}],"is_beta":false,"boss_relics":[],"items_purged_floors":[11],"is_endless":false,"potions_floor_spawned":[2,4,10],"killed_by":"Fading Forest","ascension_level":0}}