{"host":"i0avyit1s6jb1siw","time":1612001605,"event":{"mods":["BaseMod","DeckTracker","Dota2Spire","Highlight Path","Minty Spire (QoL Compilation)","Quick Restart","StSLib","SuperFastMode"],"gold_per_floor":[367,367,367,6,24,24,60,21,75,25,25,39,55,5,5,103,103,103,202,202,227,201,201,201,215,215,248,248,324,364,387,387,403,442,442,442,535,535,559,559,17,42,62,62,103,103,53,77,77,77,142,142,156,190,190,190,190,190,190,46,82,82],"floor_reached":63,"language":"ENG","playtime":1793,"items_purged":["Strike_R","Defend_R","Strike_R","Bash","Dropkick"],"score":3742,"play_id":"e5eb27f2-00eb-4090-82c8-977e3e493cb1","local_time":"20210130111325","is_ascension_mode":true,"campfire_choices":[{"data":"Apotheosis","floor":6,"key":"SMITH"},{"data":"Pommel Strike","floor":15,"key":"SMITH"},{"data":"Reckless Charge","floor":18,"key":"SMITH"},{"floor":26,"key":"REST"},{"floor":28,"key":"REST"},{"floor":32,"key":"REST"},{"data":"Barricade","floor":35,"key":"SMITH"},{"data":"Corruption","floor":36,"key":"SMITH"},{"floor":44,"key":"REST"},{"floor":46,"key":"REST"},{"floor":50,"key":"RECALL"},{"data":"Fire Breathing","floor":55,"key":"SMITH"},{"floor":59,"key":"REST"}],"circlet_count":0,"master_deck":["AscendersBane","Feel No Pain","Apotheosis+1","Flame Barrier","Reckless Charge+1","Flame Barrier","Dropkick","Clothesline","Pommel Strike+1","Impervious","CurseOfTheBell","Corruption+1","Limit Break","Armaments","Spot Weakness","Battle Trance","Rage","Shockwave","Fire Breathing+1","Inflame","True Grit","Barricade+1","Disarm","Pommel Strike","Body Slam","Body Slam","Exhume","Burning Pact+1","Sentinel","Burning Pact","Flame Barrier+1","Shockwave","Parasite","Second Wind","Shrug It Off","Sentinel"],"relics":["Burning Blood","Golden Idol","Question Card","Smiling Mask","Dota2Spire:PowerTreads","Calling Bell","Dream Catcher","Mercury Hourglass","Pocketwatch","Pandora\u0027s Box","Unceasing Top","Nilry\u0027s Codex","Blood Vial","Mummified Hand","Bird Faced Urn","Dota2Spire:BladeMail","Dota2Spire:Bloodstone","Dota2Spire:MonkeyKingBar","ClockworkSouvenir","Thread and Needle","HornCleat","Du-Vu Doll","Torii","Boot"],"acts_visited":["Exordium","TheCity","TheBeyond","TheEnding"],"potions_floor_usage":[7,39,56],"damage_taken":[{"damage":12,"enemies":"Jaw Worm","floor":1,"turns":4},{"damage":3,"enemies":"Small Slimes","floor":5,"turns":5},{"damage":12,"enemies":"Gremlin Nob","floor":7,"turns":4},{"damage":0,"enemies":"2 Louse","floor":12,"turns":3},{"damage":12,"enemies":"Large Slime","floor":13,"turns":5},{"damage":12,"enemies":"The Guardian","floor":16,"turns":10},{"damage":0,"enemies":"The Guardian","floor":19,"turns":12},{"damage":0,"enemies":"3 Byrds","floor":21,"turns":3},{"damage":18,"enemies":"2 Thieves","floor":22,"turns":4},{"damage":8,"enemies":"Snake Plant","floor":25,"turns":2},{"damage":17,"enemies":"Book of Stabbing","floor":27,"turns":4},{"damage":18,"enemies":"Slavers","floor":30,"turns":5},{"damage":0,"enemies":"3 Cultists","floor":31,"turns":4},{"damage":11,"enemies":"Chosen and Byrds","floor":33,"turns":6},{"damage":19,"enemies":"Book of Stabbing","floor":34,"turns":5},{"damage":0,"enemies":"Champ","floor":37,"turns":8},{"damage":59,"enemies":"3 Darklings","floor":39,"turns":4},{"damage":6,"enemies":"3 Shapes","floor":42,"turns":6},{"damage":0,"enemies":"Maw","floor":43,"turns":4},{"damage":27,"enemies":"Reptomancer","floor":45,"turns":5},{"damage":92,"enemies":"2 Orb Walkers","floor":51,"turns":6},{"damage":0,"enemies":"Writhing Mass","floor":53,"turns":5},{"damage":0,"enemies":"Giant Head","floor":54,"turns":3},{"damage":5,"enemies":"Donu and Deca","floor":56,"turns":4},{"damage":21,"enemies":"Awakened One","floor":57,"turns":6},{"damage":32,"enemies":"Shield and Spear","floor":61,"turns":7},{"damage":42,"enemies":"The Heart","floor":62,"turns":7}],"seed_played":"1312771729089061824","potions_obtained":[{"floor":1,"key":"Swift Potion"},{"floor":5,"key":"FairyPotion"},{"floor":13,"key":"ColorlessPotion"},{"floor":21,"key":"Strength Potion"},{"floor":34,"key":"DistilledChaos"},{"floor":42,"key":"SteroidPotion"},{"floor":54,"key":"DistilledChaos"},{"floor":61,"key":"SneckoOil"}],"is_trial":false,"path_per_floor":["M","?","?","$","M","R","E","$","T","$","?","M","M","$","R","B",null,"R","B",null,"M","M","?","?","M","R","E","R","T","E","M","R","M","E","R","R","B",null,"M","?","$","M","M","R","E","R","$","T","T","R","?","?","M","E","R","B","B",null,"R","$","E","B",null],"character_chosen":"IRONCLAD","items_purchased":["Apotheosis","Flame Barrier","Dropkick","Dota2Spire:MonkeyKingBar","ClockworkSouvenir","Sentinel","Shrug It Off","Sentinel"],"campfire_rested":6,"item_purchase_floors":[4,4,8,41,41,41,60,60],"current_hp_per_floor":[62,62,55,55,58,58,52,52,52,52,52,58,52,52,52,46,46,46,52,60,62,50,50,29,27,45,34,52,52,42,58,62,62,59,59,59,62,62,15,15,15,25,43,61,43,61,61,61,61,61,26,51,51,51,51,51,44,49,51,51,35,11],"gold":82,"neow_bonus":"TWO_FIFTY_GOLD","is_daily":false,"chose_seed":false,"campfire_upgraded":6,"win_rate":0.0,"timestamp":1612001605,"path_taken":["M","?","?","$","M","R","E","$","T","?","?","M","M","$","R","BOSS","R","BOSS","M","M","?","?","M","R","E","R","T","E","M","R","M","E","R","R","BOSS","M","?","?","M","M","R","E","R","$","T","T","R","?","?","?","E","R","BOSS","BOSS","R","$","E","BOSS"],"items_purchased_type":["Card","Card","Card","Relic","Relic","Card","Card","Card"],"build_version":"2020-12-22","purchased_purges":5,"victory":true,"max_hp_per_floor":[68,62,62,62,62,62,62,62,62,62,62,62,62,62,62,62,62,62,62,62,62,62,62,62,62,62,62,62,62,62,62,62,62,62,62,62,62,62,62,62,62,62,62,62,62,62,62,62,62,62,62,51,51,51,51,51,51,51,51,51,51,51],"card_choices":[{"not_picked":["Intimidate","Havoc"],"picked":"Feel No Pain","floor":1},{"not_picked":["Anger","Whirlwind"],"picked":"Reckless Charge","floor":5},{"not_picked":["Thunderclap","Feel No Pain"],"picked":"Flame Barrier","floor":7},{"not_picked":["True Grit","Entrench","Battle Trance"],"picked":"Clothesline","floor":12},{"not_picked":["Body Slam","Havoc","Shrug It Off"],"picked":"Pommel Strike","floor":13},{"not_picked":["Fiend Fire","Berserk","Reaper"],"picked":"Impervious","floor":16},{"not_picked":["Offering","Berserk","Juggernaut"],"picked":"Corruption","floor":19},{"not_picked":["Perfected Strike","Armaments+1","Havoc"],"picked":"Rage","floor":21},{"not_picked":["Flex","Iron Wave","Seeing Red"],"picked":"Shockwave","floor":22},{"not_picked":["Perfected Strike","Rage","Flex"],"picked":"Fire Breathing","floor":25},{"not_picked":["Perfected Strike+1","Clash","Headbutt"],"picked":"Inflame","floor":26},{"not_picked":["Infernal Blade","Rupture","Thunderclap"],"picked":"True Grit","floor":27},{"not_picked":["Entrench","Metallicize+1","Infernal Blade"],"picked":"Barricade","floor":30},{"not_picked":["Warcry","Perfected Strike+1","Carnage"],"picked":"Disarm","floor":31},{"not_picked":["Cleave","Flex","Clothesline"],"picked":"Pommel Strike","floor":32},{"not_picked":["Iron Wave","Thunderclap","Warcry"],"picked":"Body Slam","floor":33},{"not_picked":["Wild Strike+1","Cleave","Perfected Strike"],"picked":"Body Slam","floor":34},{"not_picked":["Double Tap","Bludgeon","Demon Form"],"picked":"Exhume","floor":37},{"not_picked":["Pommel Strike","Body Slam","Whirlwind"],"picked":"Burning Pact+1","floor":39},{"not_picked":["Twin Strike+1","Armaments+1","Pummel+1","Sever Soul"],"picked":"SKIP","floor":42},{"not_picked":["Headbutt","Havoc","Flex"],"picked":"Burning Pact","floor":43},{"not_picked":["Rampage","Rage","Demon Form","Uppercut"],"picked":"SKIP","floor":45},{"not_picked":["Anger","Metallicize","Warcry"],"picked":"Flame Barrier+1","floor":46},{"not_picked":["Clothesline","Anger","True Grit"],"picked":"Shockwave","floor":51},{"not_picked":["Infernal Blade+1","Twin Strike+1","Uppercut+1","Havoc"],"picked":"SKIP","floor":53},{"not_picked":["Sword Boomerang","Double Tap","Flex","Thunderclap+1"],"picked":"SKIP","floor":54},{"not_picked":["Twin Strike+1","Heavy Blade+1","Iron Wave"],"picked":"Second Wind","floor":59},{"not_picked":["Fire Breathing","Metallicize","Second Wind","Twin Strike"],"picked":"SKIP","floor":61}],"player_experience":2380265,"relics_obtained":[{"floor":7,"key":"Question Card"},{"floor":9,"key":"Smiling Mask"},{"floor":17,"key":"Dream Catcher"},{"floor":17,"key":"Mercury Hourglass"},{"floor":17,"key":"Pocketwatch"},{"floor":24,"key":"Nilry\u0027s Codex"},{"floor":27,"key":"Blood Vial"},{"floor":29,"key":"Mummified Hand"},{"floor":30,"key":"Bird Faced Urn"},{"floor":34,"key":"Dota2Spire:BladeMail"},{"floor":45,"key":"Thread and Needle"},{"floor":49,"key":"HornCleat"},{"floor":51,"key":"Du-Vu Doll"},{"floor":54,"key":"Torii"},{"floor":61,"key":"Boot"}],"event_choices":[{"damage_healed":0,"gold_gain":0,"player_choice":"Lose Max HP","damage_taken":0,"relics_obtained":["Golden Idol"],"max_hp_gain":0,"max_hp_loss":6,"event_name":"Golden Idol","floor":2,"gold_loss":0},{"cards_removed":["Strike_R"],"damage_healed":0,"gold_gain":0,"player_choice":"Card Removal","damage_taken":7,"max_hp_gain":0,"max_hp_loss":0,"event_name":"Golden Wing","floor":3,"gold_loss":0},{"damage_healed":0,"gold_gain":0,"player_choice":"Searched \u00271\u0027 times","damage_taken":0,"relics_obtained":["Dota2Spire:PowerTreads"],"max_hp_gain":0,"max_hp_loss":0,"event_name":"Dead Adventurer","floor":11,"gold_loss":0},{"damage_healed":0,"gold_gain":0,"player_choice":"Opened","damage_taken":0,"relics_obtained":["Unceasing Top"],"max_hp_gain":0,"max_hp_loss":0,"event_name":"The Mausoleum","floor":23,"gold_loss":0,"cards_obtained":["Writhe"]},{"damage_healed":0,"gold_gain":0,"player_choice":"Obtained Book","damage_taken":21,"max_hp_gain":0,"max_hp_loss":0,"event_name":"Cursed Tome","floor":24,"gold_loss":0},{"cards_removed":["Writhe"],"damage_healed":0,"gold_gain":0,"player_choice":"Purged","damage_taken":0,"max_hp_gain":0,"max_hp_loss":0,"event_name":"Purifier","floor":40,"gold_loss":0},{"damage_healed":0,"gold_gain":0,"player_choice":"Fight","damage_taken":0,"max_hp_gain":0,"max_hp_loss":0,"event_name":"Mysterious Sphere","floor":51,"gold_loss":0},{"damage_healed":51,"gold_gain":0,"player_choice":"Heal","damage_taken":0,"max_hp_gain":0,"max_hp_loss":11,"event_name":"The Moai Head","floor":52,"gold_loss":0}],"is_beta":false,"boss_relics":[{"not_picked":["Coffee Dripper","SacredBark"],"picked":"Calling Bell"},{"not_picked":["Philosopher\u0027s Stone","Velvet Choker"],"picked":"Pandora\u0027s Box"},{"not_picked":["Runic Dome","Runic Pyramid"],"picked":"Dota2Spire:Bloodstone"}],"items_purged_floors":[4,10,14,41,47],"is_endless":false,"potions_floor_spawned":[1,5,13,21,25,31,33,34,42,43,45,54,61],"ascension_level":20}}