{"host":"6xsbn6ynqlzwllfm","time":1612019180,"event":{"mods":["2.2 Compatiblity","BaseMod","Bestiary","Colored Map","Colored Powertips","Curses Come First","Highlight Path","Keyboard Shortcuts","Minty Spire (QoL Compilation)","Relic Stats","Slay the Relics Exporter","StSLib","SuperFastMode"],"gold_per_floor":[113,33,45,59,72,100,100,100,100],"floor_reached":8,"language":"ENG","playtime":294,"items_purged":[],"score":113,"play_id":"9271fb55-b7e8-4c34-a7cd-37d1b18db136","local_time":"20210130100620","is_ascension_mode":true,"campfire_choices":[{"floor":7,"key":"REST"}],"circlet_count":0,"master_deck":["AscendersBane","Strike_B","Strike_B","Strike_B","Strike_B","Defend_B","Defend_B","Defend_B","Defend_B","Zap","Dualcast","Gash","Cold Snap","Genetic Algorithm","Melter","Capacitor"],"relics":["SacredBark","Ice Cream"],"acts_visited":["Exordium"],"potions_floor_usage":[5,6,6],"damage_taken":[{"damage":14.0,"enemies":"Jaw Worm","floor":1.0,"turns":4.0},{"damage":19.0,"enemies":"Small Slimes","floor":3.0,"turns":4.0},{"damage":0.0,"enemies":"Cultist","floor":4.0,"turns":4.0},{"damage":22,"enemies":"Gremlin Gang","floor":5,"turns":8},{"damage":8,"enemies":"Gremlin Nob","floor":6,"turns":3},{"damage":31,"enemies":"Lagavulin","floor":8,"turns":7}],"seed_played":"4641536614777910298","potions_obtained":[{"floor":3.0,"key":"FocusPotion"},{"floor":5,"key":"LiquidMemories"}],"is_trial":false,"path_per_floor":["M","$","M","M","M","E","R","E"],"character_chosen":"DEFECT","items_purchased":["LiquidMemories"],"campfire_rested":1,"item_purchase_floors":[2],"current_hp_per_floor":[50,50,31,31,9,1,22,0,0],"gold":100,"neow_bonus":"BOSS_RELIC","is_daily":false,"chose_seed":false,"campfire_upgraded":0,"win_rate":0.0,"timestamp":1612019180,"path_taken":["M","$","M","M","M","E","R","E"],"items_purchased_type":["Potion"],"build_version":"2020-12-22","purchased_purges":0,"victory":false,"max_hp_per_floor":[71,71,71,71,71,71,71,71,71],"relic_stats":{"counters":[6,30],"obtain_stats":[{"Ice Cream":6,"SacredBark":0,"Cracked Core":0},{"Ice Cream":5,"SacredBark":0,"Cracked Core":0},{"Ice Cream":23,"SacredBark":0,"Cracked Core":0}]},"card_choices":[{"not_picked":["Turbo","Go for the Eyes"],"picked":"Gash","floor":1.0},{"not_picked":["Chaos","Rebound"],"picked":"Cold Snap","floor":3.0},{"not_picked":["Ball Lightning","Gash"],"picked":"Genetic Algorithm","floor":4.0},{"not_picked":["Genetic Algorithm","Skim"],"picked":"Melter","floor":5},{"not_picked":["Gash","Turbo"],"picked":"Capacitor","floor":6}],"player_experience":1283996,"relics_obtained":[{"floor":6,"key":"Ice Cream"}],"event_choices":[],"is_beta":false,"boss_relics":[],"items_purged_floors":[],"is_endless":false,"potions_floor_spawned":[3,4,5],"killed_by":"Lagavulin","ascension_level":19}}