{"host":"61r95uy0hn86b9iu","time":1612045431,"event":{"mods":["AchievementEnabler","BaseMod","Better Vampires","BetterRewards","Colored Powertips","Hubris","Minty Spire (QoL Compilation)","Shop Mod","StSLib"],"gold_per_floor":[42,53,53,53,72,72,104,104,183,183,213,228,67,32,32,108,108,118,118,118,138,138,138,150,166,166,185,185,222,222,248,248,331,390,409,424,14,26,26,60,60,86,86,86,86,104,13,47,47,47,47,47,14,14,14],"floor_reached":54,"language":"ENG","playtime":2079,"items_purged":["Strike_B","Defend_B"],"score":1772,"play_id":"5b56c67a-3a9a-40e6-980e-1d0d542a25b3","local_time":"20210130162351","is_ascension_mode":true,"campfire_choices":[{"floor":6.0,"key":"REST"},{"floor":8.0,"key":"REST"},{"data":"1","floor":10.0,"key":"LIFT"},{"data":"Apotheosis","floor":15.0,"key":"SMITH"},{"data":"2","floor":23.0,"key":"LIFT"},{"floor":28.0,"key":"REST"},{"data":"3","floor":30.0,"key":"LIFT"},{"floor":32.0,"key":"RECALL"},{"floor":41.0,"key":"REST"},{"floor":44,"key":"REST"},{"floor":49,"key":"REST"},{"floor":52,"key":"REST"}],"circlet_count":0,"master_deck":["AscendersBane","Defend_B","Defend_B","Defend_B","Zap","Dualcast","Static Discharge","Apotheosis+1","Defragment","Reboot","Leap","Loop","Static Discharge","Capacitor","Thunder Strike+1","Conserve Battery","Bite","Bite","Barrage","Echo Form","Reinforced Body","Rainbow","Chaos","Madness","Madness","Thunder Strike+1","hubris:Ukulele"],"relics":["Cracked Core","DataDisk","Runic Capacitor","hubris:BallOfYels","Girya","Torii","hubris:PeanutButter","Boot","Fusion Hammer","hubris:Icosahedron","CeramicFish","MerchantsRug","hubris:SoftwareUpdate","Incense Burner","OrangePellets"],"acts_visited":["Exordium","TheCity","TheBeyond","TheEnding"],"potions_floor_usage":[42,42,42],"damage_taken":[{"damage":0.0,"enemies":"Cultist","floor":1.0,"turns":3.0},{"damage":12.0,"enemies":"Jaw Worm","floor":2.0,"turns":2.0},{"damage":0.0,"enemies":"Small Slimes","floor":5.0,"turns":2.0},{"damage":11.0,"enemies":"3 Sentries","floor":7.0,"turns":4.0},{"damage":12.0,"enemies":"Lagavulin","floor":11.0,"turns":4.0},{"damage":0.0,"enemies":"Exordium Wildlife","floor":12.0,"turns":3.0},{"damage":34.0,"enemies":"Hexaghost","floor":16.0,"turns":4.0},{"damage":20.0,"enemies":"Spheric Guardian","floor":18.0,"turns":3.0},{"damage":0.0,"enemies":"2 Thieves","floor":21.0,"turns":4.0},{"damage":0.0,"enemies":"Snake Plant","floor":24.0,"turns":3.0},{"damage":31.0,"enemies":"Centurion and Healer","floor":25.0,"turns":5.0},{"damage":9.0,"enemies":"Shelled Parasite and Fungi","floor":27.0,"turns":4.0},{"damage":14.0,"enemies":"Book of Stabbing","floor":29.0,"turns":4.0},{"damage":1.0,"enemies":"Cultist and Chosen","floor":31.0,"turns":5.0},{"damage":27.0,"enemies":"Champ","floor":33.0,"turns":8.0},{"damage":8.0,"enemies":"Orb Walker","floor":35.0,"turns":4.0},{"damage":0.0,"enemies":"3 Shapes","floor":36.0,"turns":6.0},{"damage":0.0,"enemies":"Transient","floor":38.0,"turns":6.0},{"damage":11.0,"enemies":"Giant Head","floor":40.0,"turns":6.0},{"damage":9,"enemies":"Nemesis","floor":42,"turns":7},{"damage":8,"enemies":"Mind Bloom Boss Battle","floor":48,"turns":4},{"damage":80,"enemies":"Time Eater","floor":50,"turns":9},{"damage":90,"enemies":"Shield and Spear","floor":54,"turns":4}],"seed_played":"-2377754550979024330","potions_obtained":[{"floor":1.0,"key":"Fire Potion"},{"floor":5.0,"key":"Block Potion"},{"floor":12.0,"key":"BlessingOfTheForge"},{"floor":16.0,"key":"CultistPotion"},{"floor":21.0,"key":"LiquidMemories"},{"floor":25.0,"key":"BlessingOfTheForge"},{"floor":31.0,"key":"Block Potion"},{"floor":34.0,"key":"FocusPotion"},{"floor":40.0,"key":"EntropicBrew"},{"floor":42,"key":"Fire Potion"}],"is_trial":false,"path_per_floor":["M","M","?","?","M","R","E","R","T","R","E","M","$","?","R","B",null,"M","?","?","M","?","R","M","M","T","M","R","E","R","M","R","B",null,"M","M","$","M","$","E","R","E","T","R","?","?","$","?","R","B",null,"R","$","E"],"character_chosen":"DEFECT","items_purchased":["DataDisk","Fruit Juice","Runic Capacitor","Static Discharge","hubris:BallOfYels","Apotheosis","Defragment","Regal Pillow","Reboot","Capacitor","MerchantsRug","MealTicket","Thunder Strike+1","OrangePellets"],"campfire_rested":7,"item_purchase_floors":[0,0,0,0,0,0,0,0,0,13,37,37,47,53],"current_hp_per_floor":[27,15,18,18,18,56,45,79,79,79,67,69,69,79,79,45,71,53,53,53,55,55,55,58,34,34,31,69,66,66,74,74,53,78,79,84,84,84,84,73,84,84,84,84,84,69,84,76,84,16,67,84,84,0,0],"gold":14,"neow_bonus":"","is_daily":false,"chose_seed":false,"campfire_upgraded":1,"win_rate":0.0,"timestamp":1612045431,"path_taken":["M","M","?","?","?","R","E","R","T","R","E","M","$","?","R","BOSS","M","?","?","M","?","R","M","M","T","M","R","E","R","?","R","BOSS","M","M","$","M","$","E","R","E","T","R","?","?","$","?","R","BOSS","R","$","E"],"items_purchased_type":["Relic","Potion","Relic","Card","Relic","Card","Card","Relic","Card","Card","Relic","Relic","Card","Relic"],"build_version":"2020-12-22","purchased_purges":2,"victory":false,"max_hp_per_floor":[76,76,79,79,79,79,79,79,79,79,79,79,79,79,79,79,79,79,79,79,79,79,79,79,79,79,79,79,79,79,79,79,79,84,84,84,84,84,84,84,84,84,84,84,84,84,84,84,84,84,84,84,84,84,84],"card_choices":[{"not_picked":["Redo","Hologram","Cold Snap"],"picked":"SKIP","floor":1.0},{"not_picked":["Double Energy","White Noise"],"picked":"Leap","floor":2.0},{"not_picked":["Heatsinks","Cold Snap"],"picked":"Loop","floor":5.0},{"not_picked":["Go for the Eyes","Steam","Fusion"],"picked":"SKIP","floor":7.0},{"not_picked":["Compile Driver","Steam"],"picked":"Static Discharge","floor":11.0},{"not_picked":["Go for the Eyes","Loop","Scrape"],"picked":"SKIP","floor":12.0},{"not_picked":["Machine Learning","Fission"],"picked":"Thunder Strike","floor":16.0},{"not_picked":["Storm+1","Lockon"],"picked":"Conserve Battery","floor":18.0},{"not_picked":["Auto Shields","Darkness","Sweeping Beam"],"picked":"SKIP","floor":21.0},{"not_picked":["BootSequence","Genetic Algorithm"],"picked":"Barrage","floor":24.0},{"not_picked":["Conserve Battery","Barrage","Steam"],"picked":"SKIP","floor":25.0},{"not_picked":["Heatsinks","Compile Driver","Genetic Algorithm+1"],"picked":"SKIP","floor":27.0},{"not_picked":["Blizzard","Loop"],"picked":"Echo Form","floor":29.0},{"not_picked":["Rebound+1","Conserve Battery"],"picked":"Reinforced Body","floor":31.0},{"not_picked":["All For One","Hyperbeam"],"picked":"Rainbow","floor":33.0},{"not_picked":["Streamline","Turbo"],"picked":"Chaos","floor":34.0},{"not_picked":["Stack","Ball Lightning+1"],"picked":"Coolheaded+1","floor":35.0},{"not_picked":["Sweeping Beam","Barrage","Loop"],"picked":"SKIP","floor":36.0},{"not_picked":["Stack+1","Auto Shields+1","Barrage"],"picked":"SKIP","floor":38.0},{"not_picked":["Hello World","Redo","Rebound"],"picked":"SKIP","floor":40.0},{"not_picked":["Static Discharge","Blizzard+1","Storm"],"picked":"SKIP","floor":42},{"not_picked":["White Noise","Gash"],"picked":"hubris:Ukulele","floor":48}],"player_experience":3330005,"relics_obtained":[{"floor":7.0,"key":"Blood Vial"},{"floor":9.0,"key":"hubris:PeanutButter"},{"floor":11.0,"key":"Boot"},{"floor":26.0,"key":"HornCleat"},{"floor":29.0,"key":"CeramicFish"},{"floor":40.0,"key":"hubris:SoftwareUpdate"},{"floor":42,"key":"Molten Egg 2"},{"floor":48,"key":"Incense Burner"}],"event_choices":[{"damage_healed":0.0,"max_hp_gain":0.0,"max_hp_loss":0.0,"gold_gain":0.0,"event_name":"Scrap Ooze","player_choice":"Fled","floor":4.0,"gold_loss":0.0,"damage_taken":0.0},{"damage_healed":19.0,"max_hp_gain":0.0,"max_hp_loss":0.0,"gold_gain":0.0,"event_name":"The Cleric","player_choice":"Healed","floor":14.0,"gold_loss":35.0,"damage_taken":0.0},{"cards_removed":["Strike_B"],"damage_healed":0.0,"max_hp_gain":0.0,"max_hp_loss":0.0,"gold_gain":0.0,"event_name":"Back to Basics","player_choice":"Elegance","floor":19.0,"gold_loss":0.0,"damage_taken":0.0},{"damage_healed":0.0,"max_hp_gain":0.0,"max_hp_loss":0.0,"gold_gain":0.0,"event_name":"Vampires","player_choice":"Became a vampire (Vial)","floor":22.0,"relics_lost":["Blood Vial"],"gold_loss":0.0,"damage_taken":0.0,"cards_obtained":["Bite","Bite"]},{"cards_removed":["Coolheaded"],"damage_healed":0,"gold_gain":0,"player_choice":"Removed Skill","damage_taken":0,"max_hp_gain":0,"max_hp_loss":0,"event_name":"Falling","floor":45,"gold_loss":0},{"damage_healed":0,"gold_gain":0,"player_choice":"Embrace Madness","damage_taken":15,"max_hp_gain":0,"max_hp_loss":0,"event_name":"Winding Halls","floor":46,"gold_loss":0,"cards_obtained":["Madness","Madness"]},{"damage_healed":0,"gold_gain":0,"player_choice":"Fight","damage_taken":0,"max_hp_gain":0,"max_hp_loss":0,"event_name":"MindBloom","floor":48,"gold_loss":0}],"is_beta":false,"boss_relics":[{"not_picked":["Runic Pyramid","Philosopher\u0027s Stone"],"picked":"Fusion Hammer"},{"not_picked":["Busted Crown","Coffee Dripper"],"picked":"Tiny House"}],"items_purged_floors":[13,37],"is_endless":false,"potions_floor_spawned":[1,5,12,16,21,25,31,36,40,42],"killed_by":"Shield and Spear","ascension_level":19}}