{"host":"c3lc60y5x60jlt1y","time":1612018257,"event":{"mods":["AchievementEnabler","BaseMod","Bestiary","Colored Map","Minty Spire (QoL Compilation)","Quick Restart","StSLib","ojb\u0027s Info Mod"],"gold_per_floor":[112,187,207,60,72,72,72,72,72,89,100,100,80,99,99,197,197,177,194,8,24,24,24,24,24,24],"floor_reached":25,"language":"ENG","playtime":7577,"items_purged":["Strike_B"],"score":193,"play_id":"4fb7bacc-2f2c-46c2-b0a0-b9af789d3d5c","local_time":"20210130165057","is_ascension_mode":false,"campfire_choices":[{"data":"Sunder","floor":6,"key":"SMITH"},{"data":"Coolheaded","floor":8,"key":"SMITH"},{"data":"Sweeping Beam","floor":15,"key":"SMITH"},{"data":"Undo","floor":23,"key":"SMITH"}],"circlet_count":0,"master_deck":["Strike_B","Strike_B","Defend_B","Defend_B","Defend_B","Defend_B","Zap","Dualcast","Leap","Coolheaded+1","Sunder+1","Ball Lightning","Machine Learning","Sweeping Beam+1","Rainbow","Hologram+1","Reboot","Lockon","Undo+1","Self Repair"],"relics":["Cracked Core"],"acts_visited":["Exordium","TheCity"],"potions_floor_usage":[25],"damage_taken":[{"damage":7,"enemies":"Small Slimes","floor":1,"turns":3},{"damage":6,"enemies":"Jaw Worm","floor":3,"turns":3},{"damage":0,"enemies":"Cultist","floor":5,"turns":3},{"damage":0,"enemies":"2 Fungi Beasts","floor":10,"turns":2},{"damage":0,"enemies":"Large Slime","floor":11,"turns":3},{"damage":3,"enemies":"Blue Slaver","floor":14,"turns":4},{"damage":19,"enemies":"Slime Boss","floor":16,"turns":7},{"damage":26,"enemies":"2 Thieves","floor":18,"turns":4},{"damage":6,"enemies":"Chosen","floor":19,"turns":4},{"damage":22,"enemies":"3 Cultists","floor":21,"turns":5},{"damage":30,"enemies":"Cultist and Chosen","floor":25,"turns":5}],"seed_played":"-7772929041098879702","potions_obtained":[{"floor":5,"key":"PotionOfCapacity"},{"floor":10,"key":"Ancient Potion"},{"floor":13,"key":"SneckoOil"}],"is_trial":false,"path_per_floor":["M","?","M","$","M","R","?","R","T","M","M","?","?","M","R","B",null,"M","M","$","M","?","R","?","M"],"character_chosen":"DEFECT","items_purchased":["Sunder","Reboot","Lockon"],"campfire_rested":0,"item_purchase_floors":[4,20,20],"current_hp_per_floor":[75,64,58,58,58,58,51,51,51,51,51,51,51,48,48,29,82,56,50,50,28,28,28,28,0,0],"gold":24,"neow_bonus":"TEN_PERCENT_HP_BONUS","is_daily":false,"chose_seed":false,"campfire_upgraded":4,"win_rate":0.0,"timestamp":1612018257,"path_taken":["M","?","M","$","M","R","?","R","T","M","M","?","?","M","R","BOSS","M","?","$","M","?","R","?","M"],"items_purchased_type":["Card","Card","Card"],"build_version":"2020-12-22","purchased_purges":1,"victory":false,"max_hp_per_floor":[82,82,82,82,82,82,82,82,82,82,82,82,82,82,82,82,82,82,82,82,82,82,82,82,82,82],"card_choices":[{"not_picked":["Consume","Compile Driver"],"picked":"Leap","floor":1},{"not_picked":["Beam Cell","Doom and Gloom"],"picked":"Coolheaded","floor":3},{"not_picked":["Streamline","Go for the Eyes"],"picked":"Ball Lightning","floor":5},{"not_picked":["Sunder","Turbo"],"picked":"Machine Learning","floor":10},{"not_picked":["Rebound","Gash","Melter"],"picked":"SKIP","floor":11},{"not_picked":["Redo","Consume"],"picked":"Sweeping Beam","floor":14},{"not_picked":["Fission","Creative AI"],"picked":"Rainbow","floor":16},{"not_picked":["Steam","Turbo"],"picked":"Hologram+1","floor":18},{"not_picked":["Storm","Reinforced Body","Go for the Eyes"],"picked":"SKIP","floor":19},{"not_picked":["Go for the Eyes+1","Auto Shields"],"picked":"Undo","floor":21}],"player_experience":8836734,"relics_obtained":[],"event_choices":[{"damage_healed":0,"gold_gain":75,"player_choice":"Gather Gold","damage_taken":11,"max_hp_gain":0,"max_hp_loss":0,"event_name":"World of Goop","floor":2,"gold_loss":0},{"cards_removed":["Strike_B"],"damage_healed":0,"gold_gain":0,"player_choice":"Card Removal","damage_taken":7,"max_hp_gain":0,"max_hp_loss":0,"event_name":"Golden Wing","floor":7,"gold_loss":0},{"damage_healed":0,"gold_gain":0,"player_choice":"Ignored","damage_taken":0,"max_hp_gain":0,"max_hp_loss":0,"event_name":"Golden Idol","floor":12,"gold_loss":0},{"damage_healed":0,"gold_gain":0,"player_choice":"Bought 1 Potion","damage_taken":0,"max_hp_gain":0,"max_hp_loss":0,"event_name":"The Woman in Blue","floor":13,"gold_loss":0},{"damage_healed":0,"gold_gain":0,"player_choice":"Ignored","damage_taken":0,"max_hp_gain":0,"max_hp_loss":0,"event_name":"The Mausoleum","floor":22,"gold_loss":0},{"damage_healed":0,"gold_gain":0,"player_choice":"Read","damage_taken":0,"max_hp_gain":0,"max_hp_loss":0,"event_name":"The Library","floor":24,"gold_loss":0,"cards_obtained":["Self Repair"]}],"is_beta":false,"boss_relics":[{"not_picked":["SlaversCollar","Empty Cage","Busted Crown"]}],"items_purged_floors":[4],"is_endless":false,"potions_floor_spawned":[5,10,14,16],"killed_by":"Cultist and Chosen","ascension_level":0}}