{"host":"ysj15tgd1sneq0s0","time":1612020798,"event":{"mods":["AchievementEnabler","BaseMod","DeckTracker","Highlight Path","Minty Spire (QoL Compilation)","Permanent Neow","Quick Restart","StSLib","SuperFastMode","everything is the same but u backflip on backflip"],"gold_per_floor":[117,117,292,308,326,361,361,380,404,429,429,354,379,398,398,524,587,607,706,646,646],"floor_reached":20,"language":"KOR","playtime":897,"items_purged":["Doubt"],"score":194,"play_id":"7f92e3ba-225d-4cb9-81ff-18bff0e5934a","local_time":"20210131003318","is_ascension_mode":true,"campfire_choices":[{"data":"Cloak And Dagger","floor":11,"key":"SMITH"},{"floor":15,"key":"REST"}],"circlet_count":0,"master_deck":["Strike_G","Strike_G","Strike_G","Strike_G","Defend_G","Defend_G+1","Defend_G","Defend_G","Defend_G","Survivor","Neutralize","Noxious Fumes","Blade Dance","Cloak And Dagger+1","Cloak And Dagger","Blade Dance","Envenom","Cloak And Dagger"],"relics":["Ring of the Snake","Boot","Golden Idol","Bag of Preparation","Tiny House"],"acts_visited":["Exordium","TheCity"],"potions_floor_usage":[16,16,16,20,20],"damage_taken":[{"damage":0.0,"enemies":"Jaw Worm","floor":1.0,"turns":5.0},{"damage":0.0,"enemies":"2 Louse","floor":4.0,"turns":4.0},{"damage":1.0,"enemies":"Small Slimes","floor":5.0,"turns":7.0},{"damage":32,"enemies":"Lagavulin","floor":6,"turns":8},{"damage":0,"enemies":"Blue Slaver","floor":8,"turns":3},{"damage":7,"enemies":"3 Louse","floor":10,"turns":3},{"damage":1,"enemies":"Red Slaver","floor":13,"turns":3},{"damage":7,"enemies":"Exordium Wildlife","floor":14,"turns":3},{"damage":26,"enemies":"The Guardian","floor":16,"turns":10},{"damage":44,"enemies":"Spheric Guardian","floor":18,"turns":8},{"damage":30,"enemies":"2 Thieves","floor":20,"turns":3}],"seed_played":"-5564648027568706296","potions_obtained":[{"floor":5.0,"key":"CultistPotion"},{"floor":6,"key":"Fire Potion"},{"floor":8,"key":"SteroidPotion"},{"floor":10,"key":"Fire Potion"},{"floor":17,"key":"LiquidBronze"},{"floor":18,"key":"Strength Potion"}],"is_trial":false,"path_per_floor":["M","?","?","M","M","E","?","M","T","M","R","$","M","M","R","B",null,"M","?","M"],"character_chosen":"THE_SILENT","items_purchased":[],"campfire_rested":1,"item_purchase_floors":[],"current_hp_per_floor":[70,70,70,70,69,37,37,37,37,30,30,30,29,22,41,15,70,26,26,0,0],"gold":646,"neow_bonus":"THREE_CARDS","is_daily":false,"chose_seed":false,"campfire_upgraded":1,"win_rate":0.0,"timestamp":1612020798,"path_taken":["M","?","?","M","M","E","?","M","T","M","R","?","M","M","R","BOSS","M","?","M"],"items_purchased_type":[],"build_version":"2020-12-22","purchased_purges":1,"victory":false,"max_hp_per_floor":[70,70,70,70,70,70,65,65,65,65,65,65,65,65,65,65,70,70,70,70,70],"card_choices":[{"not_picked":["Underhanded Strike","Dagger Throw"],"picked":"Noxious Fumes","floor":0.0},{"not_picked":["Acrobatics","Distraction","Caltrops"],"picked":"SKIP","floor":1.0},{"not_picked":["Masterful Stab","Dash","Underhanded Strike"],"picked":"SKIP","floor":4.0},{"not_picked":["Dagger Spray","Flechettes"],"picked":"Blade Dance","floor":5.0},{"not_picked":["Escape Plan","Flechettes"],"picked":"Cloak And Dagger","floor":6},{"not_picked":["Dagger Spray","Dagger Throw","Deflect"],"picked":"SKIP","floor":8},{"not_picked":["Quick Slash","Choke","Poisoned Stab"],"picked":"SKIP","floor":10},{"not_picked":["PiercingWail","Backflip"],"picked":"Cloak And Dagger","floor":13},{"not_picked":["Bane","Well Laid Plans"],"picked":"Blade Dance","floor":14},{"not_picked":["Doppelganger","Die Die Die"],"picked":"Envenom","floor":16},{"not_picked":["Catalyst","Deflect"],"picked":"Cloak And Dagger","floor":17},{"not_picked":["Bane+1","Poisoned Stab","Distraction"],"picked":"SKIP","floor":18}],"player_experience":59343,"relics_obtained":[{"floor":6,"key":"Boot"},{"floor":9,"key":"Bag of Preparation"}],"event_choices":[{"cards_removed":["Strike_G"],"damage_healed":0.0,"max_hp_gain":0.0,"max_hp_loss":0.0,"gold_gain":0.0,"event_name":"Living Wall","player_choice":"Forget","floor":2.0,"gold_loss":0.0,"damage_taken":0.0},{"damage_healed":0.0,"max_hp_gain":0.0,"max_hp_loss":0.0,"gold_gain":175.0,"event_name":"Liars Game","player_choice":"AGREE","floor":3.0,"gold_loss":0.0,"damage_taken":0.0,"cards_obtained":["Doubt"]},{"damage_healed":0,"gold_gain":0,"player_choice":"Lose Max HP","damage_taken":0,"relics_obtained":["Golden Idol"],"max_hp_gain":0,"max_hp_loss":5,"event_name":"Golden Idol","floor":7,"gold_loss":0},{"damage_healed":0,"gold_gain":99,"player_choice":"Stole From Cult","damage_taken":0,"max_hp_gain":0,"max_hp_loss":0,"event_name":"Nest","floor":19,"gold_loss":0}],"is_beta":false,"boss_relics":[{"not_picked":["Coffee Dripper","Busted Crown"],"picked":"Tiny House"}],"items_purged_floors":[12],"is_endless":false,"potions_floor_spawned":[5,6,8,10,18],"killed_by":"2 Thieves","ascension_level":2}}