{"host":"0kk91h4bq4kgfj0u","time":1612049769,"event":{"mods":["BaseMod","Minty Spire (QoL Compilation)","StSLib"],"gold_per_floor":[111,111,121,196,196,226,226,244,244,256,275,275,294,2,2,101,101,119,119,119,131,159,171,195,207,219,231,243,255,283,106,106,106,106],"floor_reached":33,"language":"ENG","playtime":965,"items_purged":[],"score":331,"play_id":"95f13b62-2b12-4965-a1a5-11d63045c954","local_time":"20210130183609","is_ascension_mode":true,"campfire_choices":[{"floor":7,"key":"REST"},{"floor":12,"key":"REST"},{"floor":15,"key":"REST"},{"floor":23,"key":"REST"},{"floor":25,"key":"REST"},{"data":"Adrenaline","floor":27,"key":"SMITH"},{"data":"Deflect","floor":32,"key":"SMITH"}],"circlet_count":0,"master_deck":["Strike_G","Strike_G","Strike_G","Strike_G","Strike_G","Defend_G","Defend_G","Defend_G","Defend_G","Defend_G","Survivor","Neutralize","Finesse+1","Deflect+1","Dagger Throw","Slice","Deflect","Backflip","Adrenaline+1","Flying Knee","Dagger Spray","Leg Sweep","Blade Dance+1","Necronomicurse","Infinite Blades","Reflex","Dash","Poisoned Stab"],"relics":["Ring of the Snake","Incense Burner","Peace Pipe","Gremlin Horn","WristBlade","Necronomicon","MawBank","Calipers","Frozen Egg 2","Lantern"],"acts_visited":["Exordium","TheCity"],"potions_floor_usage":[6,16,16,18,24,33],"damage_taken":[{"damage":7.0,"enemies":"Small Slimes","floor":1.0,"turns":5.0},{"damage":3.0,"enemies":"Jaw Worm","floor":3.0,"turns":5.0},{"damage":27,"enemies":"Gremlin Nob","floor":6,"turns":4},{"damage":1,"enemies":"Cultist","floor":8,"turns":3},{"damage":14,"enemies":"Large Slime","floor":10,"turns":8},{"damage":0,"enemies":"Blue Slaver","floor":11,"turns":3},{"damage":5,"enemies":"Exordium Wildlife","floor":13,"turns":7},{"damage":12,"enemies":"The Guardian","floor":16,"turns":10},{"damage":22,"enemies":"Spheric Guardian","floor":18,"turns":4},{"damage":0,"enemies":"3 Byrds","floor":22,"turns":4},{"damage":5,"enemies":"Snake Plant","floor":24,"turns":6},{"damage":5,"enemies":"Cultist and Chosen","floor":30,"turns":5},{"damage":101,"enemies":"Champ","floor":33,"turns":13}],"seed_played":"7405692006223597477","potions_obtained":[{"floor":1.0,"key":"Strength Potion"},{"floor":8,"key":"Strength Potion"},{"floor":13,"key":"SkillPotion"},{"floor":16,"key":"EntropicBrew"},{"floor":22,"key":"PowerPotion"}],"is_trial":false,"path_per_floor":["M","?","M","?","?","E","R","M","T","M","M","R","M","$","R","B",null,"M","?","?","T","M","R","M","R","T","R","?","?","M","$","R","B"],"character_chosen":"THE_SILENT","items_purchased":["Gremlin Horn","Leg Sweep","Lantern","Poisoned Stab"],"campfire_rested":5,"item_purchase_floors":[14,14,31,31],"current_hp_per_floor":[63,63,60,49,49,22,43,42,42,28,28,49,44,44,65,53,66,44,28,28,28,28,49,44,65,65,65,52,85,80,80,80,0,0],"gold":106,"neow_bonus":"RANDOM_COLORLESS","is_daily":false,"chose_seed":false,"campfire_upgraded":2,"win_rate":0.0,"timestamp":1612049769,"path_taken":["M","?","M","?","?","E","R","M","T","M","M","R","?","$","R","BOSS","M","?","?","?","?","R","M","R","T","R","?","?","?","$","R","BOSS"],"items_purchased_type":["Relic","Card","Relic","Card"],"build_version":"2020-12-22","purchased_purges":0,"victory":false,"max_hp_per_floor":[70,70,70,70,70,70,70,70,70,70,70,70,70,70,70,70,70,70,70,70,70,70,70,70,70,70,70,75,85,85,85,85,85,85],"card_choices":[{"not_picked":["Swift Strike","Panacea"],"picked":"Finesse","floor":0.0},{"not_picked":["Deadly Poison","All Out Attack"],"picked":"Deflect","floor":1.0},{"not_picked":["Escape Plan","Dodge and Roll"],"picked":"Dagger Throw","floor":3.0},{"not_picked":["Distraction","Noxious Fumes"],"picked":"Deflect","floor":6},{"not_picked":["Acrobatics","Dodge and Roll"],"picked":"Backflip","floor":8},{"not_picked":["Reflex","Accuracy"],"picked":"Adrenaline","floor":10},{"not_picked":["PiercingWail","Dodge and Roll"],"picked":"Flying Knee","floor":11},{"not_picked":["Well Laid Plans","Backflip"],"picked":"Dagger Spray","floor":13},{"not_picked":["Night Terror","Wraith Form v2"],"picked":"Glass Knife","floor":16},{"not_picked":["Sucker Punch+1","Backflip"],"picked":"Blade Dance+1","floor":18},{"not_picked":["Flying Knee","Deadly Poison+1"],"picked":"Infinite Blades","floor":22},{"not_picked":["Concentrate+1","Infinite Blades"],"picked":"Reflex","floor":24},{"not_picked":["Poisoned Stab","Quick Slash"],"picked":"Dash","floor":30}],"player_experience":827989,"relics_obtained":[{"floor":6,"key":"Incense Burner"},{"floor":9,"key":"Peace Pipe"},{"floor":19,"key":"Necronomicon"},{"floor":21,"key":"Calipers"},{"floor":26,"key":"Frozen Egg 2"}],"event_choices":[{"damage_healed":0.0,"max_hp_gain":0.0,"max_hp_loss":0.0,"gold_gain":0.0,"event_name":"Living Wall","player_choice":"Grow","floor":2.0,"gold_loss":0.0,"damage_taken":0.0,"cards_upgraded":["Finesse"]},{"damage_healed":0.0,"max_hp_gain":0.0,"max_hp_loss":0.0,"gold_gain":75.0,"event_name":"World of Goop","player_choice":"Gather Gold","floor":4.0,"gold_loss":0.0,"damage_taken":11.0},{"damage_healed":0.0,"max_hp_gain":0.0,"max_hp_loss":0.0,"gold_gain":0.0,"event_name":"Match and Keep!","player_choice":"1 cards matched","floor":5.0,"gold_loss":0.0,"damage_taken":0.0,"cards_obtained":["Slice"]},{"damage_healed":0,"gold_gain":0,"player_choice":"Obtained Book","damage_taken":16,"max_hp_gain":0,"max_hp_loss":0,"event_name":"Cursed Tome","floor":19,"gold_loss":0},{"damage_healed":0,"gold_gain":0,"player_choice":"Opened","damage_taken":0,"relics_obtained":["MawBank"],"max_hp_gain":0,"max_hp_loss":0,"event_name":"The Mausoleum","floor":20,"gold_loss":0},{"damage_healed":0,"gold_gain":0,"player_choice":"Shed Blood","damage_taken":18,"max_hp_gain":5,"max_hp_loss":0,"event_name":"Forgotten Altar","floor":28,"gold_loss":0},{"cards_removed":["Glass Knife"],"damage_healed":23,"gold_gain":0,"player_choice":"Offered Rare","damage_taken":0,"max_hp_gain":10,"max_hp_loss":0,"event_name":"Bonfire Elementals","floor":29,"gold_loss":0}],"is_beta":false,"boss_relics":[{"not_picked":["SacredBark","Cursed Key"],"picked":"WristBlade"}],"items_purged_floors":[],"is_endless":false,"potions_floor_spawned":[1,8,13,16,18,22],"killed_by":"Champ","ascension_level":5}}