{"host":"50per11302020","time":1612043319,"event":{"mods":["AchievementEnabler","BaseMod","Colored Map","Minty Spire (QoL Compilation)","Relic Stats","StSLib"],"gold_per_floor":[11,21,21,34,34,60,60,92,145,48,60,91,91,109,109,205,205,223,271,271,196,376,376,376,122,122,137,137,167,167,216,216,320,370,414,414,414,433,443,443,24,53,79,79,137,156,156,6,6,6],"floor_reached":51,"language":"ENG","playtime":4244,"items_purged":["Strike_P","Strike_P","Defend_P","Defend_P"],"score":951,"play_id":"17dff67b-06ea-4fe0-bc8d-f21fa9ae3a3d","local_time":"20210130134839","is_ascension_mode":true,"campfire_choices":[{"floor":7.0,"key":"REST"},{"floor":13.0,"key":"REST"},{"data":"TalkToTheHand","floor":15.0,"key":"SMITH"},{"floor":23.0,"key":"REST"},{"data":"Apotheosis","floor":28.0,"key":"SMITH"},{"data":"Vault","floor":30.0,"key":"SMITH"},{"data":"TalkToTheHand","floor":32.0,"key":"SMITH"},{"floor":40.0,"key":"REST"},{"floor":44.0,"key":"REST"},{"floor":49,"key":"REST"}],"circlet_count":0,"master_deck":["Strike_P","Strike_P+1","Defend_P","Eruption","Vigilance","Apotheosis+1","SignatureMove","ThirdEye","Crescendo","TalkToTheHand+1","Vault+1","Blind+1","Wish","InnerPeace","TalkToTheHand+1","Alpha","Collect+1","Chrysalis+1","Bandage Up","Fasting2+1","Vault+1"],"relics":["PureWater","Bottled Flame","Tiny Chest","Akabeko","Anchor","Cursed Key","Sling","StoneCalendar","Tiny House","Omamori","DollysMirror","Damaru","War Paint","Potion Belt"],"acts_visited":["TheCity","TheBeyond"],"potions_floor_usage":[50,50,50],"damage_taken":[{"damage":4.0,"enemies":"2 Louse","floor":1.0,"turns":4.0},{"damage":0.0,"enemies":"Cultist","floor":2.0,"turns":2.0},{"damage":0.0,"enemies":"Jaw Worm","floor":4.0,"turns":3.0},{"damage":14.0,"enemies":"3 Sentries","floor":6.0,"turns":4.0},{"damage":26.0,"enemies":"Lagavulin","floor":8.0,"turns":7.0},{"damage":3.0,"enemies":"Large Slime","floor":11.0,"turns":4.0},{"damage":14.0,"enemies":"3 Sentries","floor":12.0,"turns":8.0},{"damage":0.0,"enemies":"Blue Slaver","floor":14.0,"turns":2.0},{"damage":29.0,"enemies":"Hexaghost","floor":16.0,"turns":11.0},{"damage":0.0,"enemies":"Spheric Guardian","floor":18.0,"turns":1.0},{"damage":0.0,"enemies":"Chosen","floor":19.0,"turns":4.0},{"damage":0.0,"enemies":"Snake Plant","floor":27.0,"turns":3.0},{"damage":0.0,"enemies":"Book of Stabbing","floor":29.0,"turns":4.0},{"damage":0.0,"enemies":"3 Cultists","floor":31.0,"turns":5.0},{"damage":48.0,"enemies":"Automaton","floor":33.0,"turns":14.0},{"damage":15.0,"enemies":"3 Darklings","floor":35.0,"turns":7.0},{"damage":10.0,"enemies":"3 Shapes","floor":38.0,"turns":6.0},{"damage":2.0,"enemies":"Transient","floor":39.0,"turns":6.0},{"damage":3.0,"enemies":"Nemesis","floor":42.0,"turns":7.0},{"damage":17.0,"enemies":"Giant Head","floor":45.0,"turns":10.0},{"damage":15,"enemies":"Writhing Mass","floor":46,"turns":6},{"damage":39,"enemies":"Time Eater","floor":50,"turns":12}],"seed_played":"-2834548635792631947","potions_obtained":[{"floor":2.0,"key":"DistilledChaos"},{"floor":4.0,"key":"Explosive Potion"},{"floor":6.0,"key":"FearPotion"},{"floor":11.0,"key":"DuplicationPotion"},{"floor":27.0,"key":"SpeedPotion"},{"floor":29.0,"key":"SkillPotion"},{"floor":33.0,"key":"BlessingOfTheForge"},{"floor":34.0,"key":"Ancient Potion"},{"floor":35.0,"key":"SteroidPotion"},{"floor":46,"key":"EssenceOfSteel"}],"is_trial":false,"path_per_floor":["M","M","?","M","$","E","R","E","T","$","M","E","R","M","R","B",null,"M","M","?","$","?","R","T","$","T","M","R","E","R","M","R","B",null,"M","?","?","M","M","R","$","E","T","R","E","M","?","$","R","B",null],"character_chosen":"WATCHER","items_purchased":["Blind","Sling","Omamori","DollysMirror"],"campfire_rested":6,"item_purchase_floors":[10,25,41,41],"current_hp_per_floor":[68,68,68,68,68,54,72,46,46,46,43,29,50,50,50,21,59,59,59,59,59,40,61,61,61,61,61,61,61,61,61,61,13,62,47,37,37,31,35,58,58,59,59,77,60,51,51,51,74,41],"gold":6,"neow_bonus":"RANDOM_COLORLESS_2","is_daily":false,"chose_seed":false,"campfire_upgraded":4,"win_rate":0.0,"timestamp":1612043319,"path_taken":["M","M","?","M","?","E","R","E","T","?","M","E","R","M","R","BOSS","M","M","?","$","?","R","?","$","T","M","R","E","R","M","R","BOSS","M","?","?","M","M","R","$","E","T","R","E","M","?","$","R","BOSS"],"items_purchased_type":["Card","Relic","Relic","Relic"],"build_version":"2020-12-18","purchased_purges":4,"victory":true,"max_hp_per_floor":[72,72,72,72,72,72,72,72,72,72,72,72,72,72,72,72,72,72,72,72,72,72,72,72,72,72,72,72,72,72,72,72,72,77,77,77,77,77,77,77,77,77,77,77,77,77,77,77,77,77],"relic_stats":{"counters":[22,130],"Tiny Chest":1,"StoneCalendar":[215],"War Paint":["Chrysalis","Blind"],"Cursed Key":1,"obtain_stats":[{"Potion Belt":45,"Tiny House":34,"Damaru":42,"StoneCalendar":29,"Omamori":41,"War Paint":43,"Cursed Key":17,"Sling":25,"Akabeko":9,"Bottled Flame":6,"Anchor":12,"DollysMirror":41,"Tiny Chest":8,"PureWater":0},{"Potion Belt":20,"Tiny House":15,"Damaru":19,"StoneCalendar":13,"Omamori":18,"War Paint":19,"Cursed Key":9,"Sling":11,"Akabeko":5,"Bottled Flame":4,"Anchor":7,"DollysMirror":18,"Tiny Chest":5,"PureWater":0},{"Potion Belt":112,"Tiny House":76,"Damaru":102,"StoneCalendar":57,"Omamori":95,"War Paint":102,"Cursed Key":45,"Sling":50,"Akabeko":20,"Bottled Flame":13,"Anchor":32,"DollysMirror":95,"Tiny Chest":20,"PureWater":0}]},"card_choices":[{"not_picked":["HandOfGreed","Violence"],"picked":"Apotheosis","floor":0.0},{"not_picked":["BowlingBash","CutThroughFate"],"picked":"SignatureMove","floor":1.0},{"not_picked":["Protect","Sanctity"],"picked":"ThirdEye","floor":2.0},{"not_picked":["Swivel","Tantrum"],"picked":"Crescendo","floor":4.0},{"not_picked":["SashWhip","Wireheading"],"picked":"TalkToTheHand","floor":6.0},{"not_picked":["SashWhip","FlurryOfBlows"],"picked":"Vault","floor":8.0},{"not_picked":["MentalFortress","EmptyFist","Halt"],"picked":"SKIP","floor":11.0},{"not_picked":["Adaptation","FearNoEvil","WreathOfFlame"],"picked":"SKIP","floor":12.0},{"not_picked":["SignatureMove","FlyingSleeves","Tantrum"],"picked":"SKIP","floor":14.0},{"not_picked":["ConjureBlade","SpiritShield"],"picked":"Wish","floor":16.0},{"not_picked":["SashWhip+1","Crescendo","SignatureMove"],"picked":"SKIP","floor":18.0},{"not_picked":["Adaptation","PathToVictory","Crescendo+1"],"picked":"SKIP","floor":19.0},{"not_picked":["SignatureMove","Adaptation"],"picked":"InnerPeace","floor":27.0},{"not_picked":["InnerPeace","MentalFortress","Prostrate+1"],"picked":"SKIP","floor":29.0},{"not_picked":["WheelKick+1","CrushJoints"],"picked":"TalkToTheHand","floor":31.0},{"not_picked":["Ragnarok","Wish"],"picked":"Alpha","floor":33.0},{"not_picked":["PathToVictory+1","Protect"],"picked":"Collect+1","floor":34.0},{"not_picked":["Indignation+1","Perseverance+1","EmptyFist"],"picked":"SKIP","floor":35.0},{"not_picked":["Forethought","Mind Blast"],"picked":"Chrysalis","floor":36.0},{"not_picked":["Good Instincts","Panacea"],"picked":"Bandage Up","floor":36.0},{"not_picked":["Halt","Prostrate","Conclude"],"picked":"SKIP","floor":38.0},{"not_picked":["Halt+1","Sanctity+1"],"picked":"Fasting2+1","floor":39.0},{"not_picked":["Consecrate","ThirdEye","Adaptation+1"],"picked":"SKIP","floor":42.0},{"not_picked":["Sanctity","EmptyBody","CutThroughFate+1"],"picked":"SKIP","floor":45.0},{"not_picked":["Consecrate+1","Prostrate","WreathOfFlame"],"picked":"SKIP","floor":46}],"player_experience":391989,"relics_obtained":[{"floor":6.0,"key":"Bottled Flame"},{"floor":8.0,"key":"Tiny Chest"},{"floor":9.0,"key":"Akabeko"},{"floor":12.0,"key":"Anchor"},{"floor":29.0,"key":"StoneCalendar"},{"floor":42.0,"key":"Damaru"},{"floor":43.0,"key":"War Paint"},{"floor":45.0,"key":"Potion Belt"}],"event_choices":[{"cards_removed":["Defend_P"],"damage_healed":0.0,"max_hp_gain":0.0,"max_hp_loss":0.0,"gold_gain":0.0,"event_name":"Purifier","player_choice":"Purged","floor":3.0,"gold_loss":0.0,"damage_taken":0.0},{"damage_healed":0.0,"max_hp_gain":0.0,"max_hp_loss":0.0,"gold_gain":0.0,"event_name":"The Mausoleum","player_choice":"Ignored","floor":20.0,"gold_loss":0.0,"damage_taken":0.0},{"damage_healed":0.0,"max_hp_gain":0.0,"max_hp_loss":0.0,"gold_gain":180.0,"event_name":"Knowing Skull","player_choice":"GOLD GOLD ","floor":22.0,"potions_obtained":[],"gold_loss":0.0,"damage_taken":19.0,"cards_obtained":[]},{"damage_healed":0.0,"max_hp_gain":0.0,"max_hp_loss":0.0,"gold_gain":0.0,"event_name":"SensoryStone","player_choice":"Memory 3","floor":36.0,"gold_loss":0.0,"damage_taken":10.0},{"damage_healed":0.0,"max_hp_gain":0.0,"max_hp_loss":0.0,"gold_gain":0.0,"event_name":"Mysterious Sphere","player_choice":"Ignored","floor":37.0,"gold_loss":0.0,"damage_taken":0.0},{"damage_healed":0,"gold_gain":0,"player_choice":"Ignored","damage_taken":0,"max_hp_gain":0,"max_hp_loss":0,"event_name":"SecretPortal","floor":47,"gold_loss":0}],"is_beta":true,"boss_relics":[{"not_picked":["Black Star","Calling Bell"],"picked":"Cursed Key"},{"not_picked":["Runic Dome","Coffee Dripper"],"picked":"Tiny House"}],"items_purged_floors":[21,25,41,48],"is_endless":false,"potions_floor_spawned":[2,4,6,11,27,29,33,35,46],"ascension_level":5}}