{"host":"0mk07bycsqo1qk03","time":1612016100,"event":{"mods":["BaseMod","Downfall","Hermit","Hubris","Minty Spire (QoL Compilation)","Replay The Spire","StSLib","The Cursed"],"gold_per_floor":[99,109,109,109,125,144,170,170,184,200,216,234,30,47,58,153,153,153,170,180,21,21,21,21,21],"floor_reached":23,"language":"ENG","playtime":868,"items_purged":[],"score":206,"play_id":"38043778-010c-4ff6-8f1b-cd51ed5c7112","local_time":"20210130151500","is_ascension_mode":true,"campfire_choices":[{"data":"champ:Execute","floor":1,"key":"SMITH"},{"data":"champ:TornadoPunch","floor":8,"key":"SMITH"},{"data":"champ:Defend","floor":18,"key":"PURGE"}],"circlet_count":0,"master_deck":["champ:Strike","champ:Defend","champ:Defend","champ:Defend","champ:Execute+1","champ:Taunt","champ:TornadoPunch+1","champ:CrownThrow","champ:ShieldSlam","champ:ShieldSigil","champ:Parry","champ:FalseCounter","Life Link","champ:Haymaker","Rupture","Blood for Blood","champ:StanceDance","Blood for Blood","champ:EnchantCrown","champ:EnGarde+1","champ:DeathBlow+1","Spreading Infection"],"relics":["m_IronCrown","Bronze Scales","Empty Cage","ReplayTheSpireMod:CursedCoin","MealTicket","Blood Vial","hubris:BottledHeart"],"acts_visited":["Exordium","TheCity"],"potions_floor_usage":[16,16,20,20,20],"damage_taken":[{"damage":12,"enemies":"2 Louse","floor":2,"turns":3},{"damage":25,"enemies":"Cultist","floor":5,"turns":4},{"damage":11,"enemies":"Small Slimes","floor":6,"turns":4},{"damage":5,"enemies":"3 Louse","floor":9,"turns":2},{"damage":33,"enemies":"Exordium Thugs","floor":10,"turns":5},{"damage":23,"enemies":"2 Fungi Beasts","floor":11,"turns":3},{"damage":5,"enemies":"3 Louse","floor":12,"turns":2},{"damage":15,"enemies":"downfall:FleeingMerchant","floor":13,"turns":4},{"damage":10,"enemies":"Gremlin Gang","floor":14,"turns":3},{"damage":18,"enemies":"Exordium Thugs","floor":15,"turns":5},{"damage":33,"enemies":"IC_STATUS_ARCHETYPE","floor":16,"turns":7},{"damage":32,"enemies":"Shell Parasite","floor":19,"turns":6},{"damage":10,"enemies":"Spheric Guardian","floor":20,"turns":3},{"damage":45,"enemies":"downfall:FleeingMerchant","floor":21,"turns":4},{"damage":0,"enemies":"Shelled Parasite and Fungi","floor":23,"turns":2}],"seed_played":"-437245544472795746","potions_obtained":[{"floor":9,"key":"BlessingOfTheForge"},{"floor":10,"key":"GamblersBrew"},{"floor":12,"key":"Adrenaline Potion"},{"floor":16,"key":"EntropicBrew"},{"floor":19,"key":"SneckoOil"}],"is_trial":false,"path_per_floor":["R","M","?","?","M","M","T","R","M","M","M","M","$","M","M","B",null,"R","M","M","$","?","M"],"character_chosen":"THE_CHAMP","items_purchased":["Rupture","Blood for Blood","champ:StanceDance","ReplayTheSpireMod:CursedCoin","MealTicket","Blood Vial"],"campfire_rested":0,"item_purchase_floors":[13,13,13,21,21,21],"current_hp_per_floor":[99,97,97,97,98,93,93,93,94,77,70,71,72,68,56,44,99,99,73,79,85,1,1,1,1],"gold":21,"neow_bonus":"TEN_PERCENT_HP_BONUS","is_daily":false,"chose_seed":false,"campfire_upgraded":2,"win_rate":0.0,"timestamp":1612016100,"path_taken":["R","M","?","?","M","M","T","R","M","M","M","M","$","?","M","BOSS","R","M","M","$","?","M"],"items_purchased_type":["Card","Card","Card","Relic","Relic","Relic"],"build_version":"2020-12-22","purchased_purges":0,"victory":false,"max_hp_per_floor":[99,99,99,99,99,99,99,99,99,99,99,99,99,99,99,99,99,99,99,99,99,1,1,1,1],"card_choices":[{"not_picked":["champ:Backstep","champ:BladeFlurry"],"picked":"champ:TornadoPunch","floor":2},{"not_picked":["champ:FalseCounter","champ:PreciseThrust"],"picked":"champ:CrownThrow","floor":5},{"not_picked":["champ:CrownThrow","champ:Shatter"],"picked":"champ:ShieldSlam","floor":6},{"not_picked":["champ:TornadoPunch","champ:CrownThrow"],"picked":"champ:ShieldSigil","floor":9},{"not_picked":["champ:Encircle","champ:StanceDance"],"picked":"champ:Parry","floor":10},{"not_picked":["champ:Encircle","champ:GutPunch"],"picked":"champ:FalseCounter","floor":11},{"not_picked":["champ:RageSigil","champ:Improvising"],"picked":"Life Link","floor":12},{"not_picked":["champ:FlashCut","champ:DefensiveShout"],"picked":"champ:Haymaker","floor":13},{"not_picked":["champ:FlashCut","champ:Circumvent"],"picked":"Blood for Blood","floor":14},{"not_picked":["champ:TornadoPunch","champ:EnGarde","champ:PerfectedStrike"],"picked":"SKIP","floor":15},{"not_picked":["champ:IgnorePain","champ:VampiricStrike"],"picked":"champ:EnchantCrown","floor":16},{"not_picked":["champ:Endure","champ:ShieldSigil"],"picked":"champ:EnGarde+1","floor":19},{"not_picked":["champ:GutPunch","champ:CrownThrow+1"],"picked":"champ:DeathBlow+1","floor":20},{"not_picked":["champ:IronFortress","champ:TornadoPunch","champ:FocusedDefense"],"picked":"SKIP","floor":21}],"player_experience":986753,"relics_obtained":[{"floor":7,"key":"Bronze Scales"}],"event_choices":[{"cards_removed":["champ:Strike"],"damage_healed":0,"gold_gain":0,"player_choice":"Offered Basic","damage_taken":0,"max_hp_gain":0,"max_hp_loss":0,"event_name":"Bonfire Elementals","floor":4,"gold_loss":0}],"is_beta":false,"boss_relics":[{"not_picked":["Fusion Hammer","Astrolabe"],"picked":"Empty Cage"}],"items_purged_floors":[],"is_endless":false,"potions_floor_spawned":[9,10,12,15,16,19],"killed_by":"Shelled Parasite and Fungi","ascension_level":2}}