{"host":"ffjrj7fisyni1ebk","time":1612018812,"event":{"mods":["2.2 Compatiblity","BaseMod","Bestiary","Colored Map","Colored Powertips","Curses Come First","Highlight Path","Keyboard Shortcuts","Minty Spire (QoL Compilation)","Relic Stats","Slay the Relics Exporter","StSLib","SuperFastMode"],"gold_per_floor":[114,189,189,205,205,205,234,234,283,283,283,298,316,340,340,469,469,488,503,428,447,284,284,284],"floor_reached":23,"language":"ENG","playtime":643,"items_purged":["Strike_R"],"score":216,"play_id":"48106af8-0dc2-46b1-8b91-7142f8bf3166","local_time":"20210130170012","is_ascension_mode":false,"campfire_choices":[{"data":"Rampage","floor":6,"key":"SMITH"},{"data":"Demon Form","floor":8,"key":"SMITH"},{"floor":11,"key":"RECALL"},{"data":"Disarm","floor":15,"key":"SMITH"}],"circlet_count":0,"master_deck":["Strike_R","Strike_R","Defend_R","Defend_R","Defend_R","Defend_R","Bash+1","Twin Strike+1","Pommel Strike","Rampage+1","Demon Form+1","Sword Boomerang","Clash","Disarm+1","Immolate","Seeing Red","Flex","Swift Strike"],"relics":["Black Blood","NeowsBlessing","Whetstone","Juzu Bracelet","Golden Idol"],"acts_visited":["Exordium","TheCity"],"potions_floor_usage":[21],"damage_taken":[{"damage":0,"enemies":"Jaw Worm","floor":1,"turns":1},{"damage":0,"enemies":"Small Slimes","floor":4,"turns":1},{"damage":0,"enemies":"3 Sentries","floor":7,"turns":1},{"damage":9,"enemies":"Cultist","floor":12,"turns":4},{"damage":7,"enemies":"Large Slime","floor":13,"turns":7},{"damage":7,"enemies":"Blue Slaver","floor":14,"turns":2},{"damage":37,"enemies":"Hexaghost","floor":16,"turns":10},{"damage":15,"enemies":"Chosen","floor":18,"turns":4},{"damage":19,"enemies":"Shell Parasite","floor":19,"turns":4},{"damage":23,"enemies":"Cultist and Chosen","floor":21,"turns":5},{"damage":59,"enemies":"Slavers","floor":23,"turns":3}],"seed_played":"7936494170465830927","potions_obtained":[{"floor":13,"key":"Energy Potion"},{"floor":16,"key":"SpeedPotion"},{"floor":19,"key":"SteroidPotion"},{"floor":21,"key":"ColorlessPotion"}],"is_trial":false,"path_per_floor":["M","?","?","M","?","R","E","R","T","?","R","M","M","M","R","B",null,"M","M","?","M","$","E"],"character_chosen":"IRONCLAD","items_purchased":["Swift Strike"],"campfire_rested":0,"item_purchase_floors":[22],"current_hp_per_floor":[80,69,69,75,75,75,80,80,80,80,80,77,76,75,75,44,80,77,70,70,59,59,0,0],"gold":284,"neow_bonus":"THREE_ENEMY_KILL","is_daily":false,"chose_seed":false,"campfire_upgraded":3,"win_rate":0.0,"timestamp":1612018812,"path_taken":["M","?","?","M","?","R","E","R","T","?","R","M","M","M","R","BOSS","M","M","?","M","$","E"],"items_purchased_type":["Card"],"build_version":"2020-12-22","purchased_purges":1,"victory":false,"max_hp_per_floor":[80,80,80,80,80,80,80,80,80,80,80,80,80,80,80,80,80,80,80,80,80,80,80,80],"relic_stats":{"counters":[11,42],"Golden Idol":49,"Black Blood":71,"Juzu Bracelet":1,"Whetstone":["Twin Strike","Bash"],"obtain_stats":[{"NeowsBlessing":0,"Golden Idol":10,"Black Blood":17,"Juzu Bracelet":9,"Whetstone":7,"Burning Blood":0},{"NeowsBlessing":0,"Golden Idol":3,"Black Blood":7,"Juzu Bracelet":3,"Whetstone":3,"Burning Blood":0},{"NeowsBlessing":0,"Golden Idol":3,"Black Blood":26,"Juzu Bracelet":3,"Whetstone":3,"Burning Blood":0}]},"card_choices":[{"not_picked":["Cleave","Dual Wield"],"picked":"Twin Strike","floor":1},{"not_picked":["Twin Strike","Dual Wield"],"picked":"Pommel Strike","floor":4},{"not_picked":["Reckless Charge","Shrug It Off"],"picked":"Demon Form","floor":7},{"not_picked":["Flex","True Grit"],"picked":"Sword Boomerang","floor":12},{"not_picked":["Rage","Metallicize"],"picked":"Clash","floor":13},{"not_picked":["Blood for Blood","Flex"],"picked":"Disarm","floor":14},{"not_picked":["Demon Form","Exhume"],"picked":"Immolate","floor":16},{"not_picked":["Sentinel","Warcry","Reckless Charge"],"picked":"SKIP","floor":18},{"not_picked":["Hemokinesis","True Grit+1"],"picked":"Seeing Red","floor":19},{"not_picked":["Burning Pact","True Grit+1"],"picked":"Flex","floor":21}],"player_experience":275224,"relics_obtained":[{"floor":7,"key":"Whetstone"},{"floor":9,"key":"Juzu Bracelet"}],"event_choices":[{"damage_healed":0,"gold_gain":75,"player_choice":"Gather Gold","damage_taken":11,"max_hp_gain":0,"max_hp_loss":0,"event_name":"World of Goop","floor":2,"gold_loss":0},{"cards_removed":["Strike_R"],"damage_healed":0,"gold_gain":0,"player_choice":"Forget","damage_taken":0,"max_hp_gain":0,"max_hp_loss":0,"event_name":"Living Wall","floor":3,"gold_loss":0},{"damage_healed":0,"gold_gain":0,"cards_transformed":["Strike_R"],"player_choice":"Transformed","damage_taken":0,"max_hp_gain":0,"max_hp_loss":0,"event_name":"Transmorgrifier","floor":5,"gold_loss":0,"cards_obtained":["Rampage"]},{"damage_healed":0,"gold_gain":0,"player_choice":"Take Wound","damage_taken":0,"relics_obtained":["Golden Idol"],"max_hp_gain":0,"max_hp_loss":0,"event_name":"Golden Idol","floor":10,"gold_loss":0,"cards_obtained":["Injury"]},{"cards_removed":["Injury"],"damage_healed":0,"gold_gain":0,"player_choice":"Gave Gold","damage_taken":0,"max_hp_gain":0,"max_hp_loss":0,"event_name":"Beggar","floor":20,"gold_loss":75}],"is_beta":false,"boss_relics":[{"not_picked":["Sozu","SacredBark"],"picked":"Black Blood"}],"items_purged_floors":[22],"is_endless":false,"potions_floor_spawned":[13,16,19,21],"killed_by":"Slavers","ascension_level":0}}