{"host":"Bilverbakes","time":1612032748,"event":{"mods":["2.2 Compatiblity","AchievementEnabler","BaseMod","Bestiary","Colored Map","Minty Spire (QoL Compilation)","Relic Stats","StSLib","ojb\u0027s Info Mod"],"gold_per_floor":[16,16,36,49,49,49,85,110,159,185,197,274,16,75,75,218,218,289,31,31,49,73,106,106,175,198,198,198,123,248,248,248,324,324,343,67,122,141,156,156,185,185,185],"floor_reached":42,"language":"ENG","playtime":1998,"items_purged":["Strike_G","Strike_G","Strike_G"],"score":1069,"play_id":"19608cd5-7f9a-4d4f-aff6-a8fccdfaded2","local_time":"20210130125228","is_ascension_mode":true,"campfire_choices":[{"data":"Bouncing Flask","floor":6.0,"key":"SMITH"},{"floor":11.0,"key":"REST"},{"data":"Crippling Poison","floor":15.0,"key":"SMITH"},{"floor":24,"key":"REST"},{"data":"Footwork","floor":27,"key":"SMITH"},{"floor":32,"key":"REST"},{"data":"After Image","floor":40,"key":"SMITH"}],"circlet_count":0,"master_deck":["AscendersBane","Defend_G","Defend_G","Defend_G","Survivor","Neutralize","Slice","Crippling Poison+1","Dagger Spray","Bouncing Flask+1","Quick Slash","Skewer+1","Endless Agony+1","Flechettes+1","Dagger Spray+1","HandOfGreed+1","Leg Sweep","Adrenaline","Deflect","Footwork+1","RitualDagger+1","Dagger Throw+1","Corpse Explosion","Predator+1","Calculated Gamble+1","Envenom","Cloak And Dagger+1","Catalyst","Dodge and Roll","Footwork","After Image+1","Deflect+1","Deflect+1"],"relics":["Ring of the Snake","Bloody Idol","Molten Egg 2","MawBank","Akabeko","Pear","Sozu","Membership Card","White Beast Statue","WingedGreaves","Juzu Bracelet","HornCleat","Peace Pipe","Question Card","Runic Pyramid","Eternal Feather","Dead Branch","Mercury Hourglass"],"acts_visited":["Exordium","TheCity","TheBeyond"],"potions_floor_usage":[],"damage_taken":[{"damage":1.0,"enemies":"Small Slimes","floor":1.0,"turns":3.0},{"damage":4.0,"enemies":"Cultist","floor":3.0,"turns":4.0},{"damage":1.0,"enemies":"2 Louse","floor":4.0,"turns":3.0},{"damage":29.0,"enemies":"3 Sentries","floor":7.0,"turns":7.0},{"damage":0.0,"enemies":"Exordium Wildlife","floor":8.0,"turns":2.0},{"damage":6.0,"enemies":"Blue Slaver","floor":10.0,"turns":3.0},{"damage":6.0,"enemies":"Gremlin Nob","floor":12.0,"turns":3.0},{"damage":0.0,"enemies":"Gremlin Nob","floor":14.0,"turns":2.0},{"damage":28.0,"enemies":"Slime Boss","floor":16.0,"turns":13.0},{"damage":0.0,"enemies":"3 Byrds","floor":18.0,"turns":5.0},{"damage":6.0,"enemies":"2 Thieves","floor":21.0,"turns":4.0},{"damage":6,"enemies":"Cultist and Chosen","floor":22,"turns":3},{"damage":28,"enemies":"Book of Stabbing","floor":23,"turns":4},{"damage":4,"enemies":"Gremlin Leader","floor":25,"turns":5},{"damage":0,"enemies":"Colosseum Slavers","floor":30,"turns":3},{"damage":0,"enemies":"Colosseum Nobs","floor":30,"turns":3},{"damage":42,"enemies":"Collector","floor":33,"turns":9},{"damage":0,"enemies":"Orb Walker","floor":35,"turns":3},{"damage":20,"enemies":"2 Orb Walkers","floor":37,"turns":2},{"damage":0,"enemies":"3 Shapes","floor":38,"turns":2},{"damage":0,"enemies":"Sphere and 2 Shapes","floor":39,"turns":4},{"damage":12,"enemies":"Reptomancer","floor":41,"turns":5},{"damage":22,"enemies":"Giant Head","floor":42,"turns":5}],"seed_played":"-3924362913633441981","potions_obtained":[{"floor":3.0,"key":"LiquidMemories"},{"floor":4.0,"key":"Swift Potion"},{"floor":10.0,"key":"Explosive Potion"}],"is_trial":false,"path_per_floor":["M","?","M","M","?","R","E","M","T","M","R","?","$","E","R","B",null,"M","$","?","M","M","E","R","E","T","R","T","?","?","?","R","B",null,"M","$","?","M","M","R","E","E"],"character_chosen":"THE_SILENT","items_purchased":["HandOfGreed+1","Membership Card","Footwork","Catalyst","Eternal Feather","Dodge and Roll"],"campfire_rested":3,"item_purchase_floors":[13,19,19,36,36,36],"current_hp_per_floor":[58,58,54,53,53,53,24,24,24,18,36,30,30,40,40,12,56,56,56,50,44,38,10,31,27,27,27,27,27,27,27,48,11,55,60,60,45,50,55,70,63,41,41],"gold":185,"neow_bonus":"TRANSFORM_TWO_CARDS","is_daily":false,"chose_seed":false,"campfire_upgraded":4,"win_rate":0.0,"timestamp":1612032748,"path_taken":["M","?","?","M","?","R","E","M","T","M","R","?","$","E","R","BOSS","M","$","?","M","M","E","R","E","T","R","?","?","?","?","R","BOSS","M","$","?","M","M","R","E","E"],"items_purchased_type":["Card","Relic","Card","Card","Relic","Card"],"build_version":"2020-12-18","purchased_purges":3,"victory":false,"max_hp_per_floor":[66,66,66,66,60,60,60,60,60,60,60,60,60,70,70,70,70,70,70,70,70,70,70,70,70,70,70,70,70,70,70,70,70,70,70,70,70,70,70,70,70,70,70],"relic_stats":{"Sozu":9,"Peace Pipe":0,"counters":[23,97],"Bloody Idol":30,"Dead Branch":[22],"Eternal Feather":15,"Juzu Bracelet":1,"MawBank":48,"Question Card":6,"obtain_stats":[{"Pear":14,"Golden Idol":5,"Dead Branch":37,"Eternal Feather":36,"Juzu Bracelet":26,"MawBank":9,"Question Card":30,"Akabeko":12,"White Beast Statue":23,"Mercury Hourglass":41,"Sozu":17,"Peace Pipe":30,"HornCleat":28,"Bloody Idol":31,"Molten Egg 2":7,"WingedGreaves":25,"Membership Card":19,"Ring of the Snake":0,"Runic Pyramid":34},{"Pear":8,"Golden Idol":3,"Dead Branch":19,"Eternal Feather":18,"Juzu Bracelet":14,"MawBank":5,"Question Card":16,"Akabeko":7,"White Beast Statue":13,"Mercury Hourglass":22,"Sozu":9,"Peace Pipe":16,"HornCleat":14,"Bloody Idol":16,"Molten Egg 2":4,"WingedGreaves":14,"Membership Card":10,"Ring of the Snake":0,"Runic Pyramid":17},{"Pear":27,"Golden Idol":10,"Dead Branch":81,"Eternal Feather":79,"Juzu Bracelet":61,"MawBank":19,"Question Card":67,"Akabeko":25,"White Beast Statue":56,"Mercury Hourglass":92,"Sozu":40,"Peace Pipe":67,"HornCleat":61,"Bloody Idol":67,"Molten Egg 2":17,"WingedGreaves":61,"Membership Card":45,"Ring of the Snake":0,"Runic Pyramid":76}],"Ring of the Snake":[47],"Mercury Hourglass":[15]},"card_choices":[{"not_picked":["Sucker Punch","Flying Knee"],"picked":"Dagger Spray","floor":1.0},{"not_picked":["Bane","Cloak And Dagger"],"picked":"Bouncing Flask","floor":3.0},{"not_picked":["Outmaneuver","PiercingWail"],"picked":"Quick Slash","floor":4.0},{"not_picked":["Burst","Flying Knee+1"],"picked":"Skewer+1","floor":7.0},{"not_picked":["Dodge and Roll","Footwork"],"picked":"Endless Agony+1","floor":8.0},{"not_picked":["Terror","Bane+1"],"picked":"Flechettes+1","floor":10.0},{"not_picked":["Deadly Poison","Underhanded Strike+1"],"picked":"Dagger Spray+1","floor":12.0},{"not_picked":["Deflect","Tactician"],"picked":"Leg Sweep","floor":14.0},{"not_picked":["Corpse Explosion","After Image"],"picked":"Adrenaline","floor":16.0},{"not_picked":["Blade Dance","Outmaneuver"],"picked":"Deflect","floor":18.0},{"not_picked":["PiercingWail","Infinite Blades"],"picked":"Dagger Throw+1","floor":21.0},{"not_picked":["Blade Dance","Calculated Gamble+1"],"picked":"Corpse Explosion","floor":22},{"not_picked":["Expertise","Setup","Bane+1"],"picked":"SKIP","floor":23},{"not_picked":["Finisher+1","Malaise"],"picked":"Predator+1","floor":25},{"not_picked":["Acrobatics","Flechettes+1"],"picked":"Calculated Gamble+1","floor":30},{"not_picked":["After Image","Glass Knife+1","Adrenaline"],"picked":"Envenom","floor":33},{"not_picked":["Choke+1","Blade Dance","Dagger Spray+1"],"picked":"Cloak And Dagger+1","floor":35},{"not_picked":["Well Laid Plans","Deadly Poison","Tactician"],"picked":"Footwork","floor":37},{"not_picked":["Dodge and Roll+1","Underhanded Strike+1","Cloak And Dagger+1"],"picked":"After Image","floor":38},{"not_picked":["Accuracy","Setup","Outmaneuver"],"picked":"Deflect+1","floor":39},{"not_picked":["Poisoned Stab+1","Outmaneuver","Choke+1"],"picked":"Deflect+1","floor":41}],"player_experience":850678,"relics_obtained":[{"floor":7.0,"key":"Molten Egg 2"},{"floor":9.0,"key":"MawBank"},{"floor":12.0,"key":"Akabeko"},{"floor":14.0,"key":"Pear"},{"floor":23,"key":"White Beast Statue"},{"floor":25,"key":"WingedGreaves"},{"floor":26,"key":"Juzu Bracelet"},{"floor":28,"key":"HornCleat"},{"floor":30,"key":"Peace Pipe"},{"floor":30,"key":"Question Card"},{"floor":37,"key":"Dead Branch"},{"floor":41,"key":"Mercury Hourglass"}],"event_choices":[{"cards_removed":["Defend_G"],"damage_healed":0.0,"max_hp_gain":0.0,"max_hp_loss":0.0,"gold_gain":0.0,"event_name":"Purifier","player_choice":"Purged","floor":2.0,"gold_loss":0.0,"damage_taken":0.0},{"damage_healed":0.0,"max_hp_gain":0.0,"max_hp_loss":6.0,"gold_gain":0.0,"event_name":"Golden Idol","player_choice":"Lose Max HP","floor":5.0,"gold_loss":0.0,"damage_taken":0.0,"relics_obtained":["Golden Idol"]},{"damage_healed":0.0,"max_hp_gain":0.0,"max_hp_loss":0.0,"gold_gain":30.0,"event_name":"Dead Adventurer","player_choice":"Searched \u00272\u0027 times","floor":12.0,"gold_loss":0.0,"damage_taken":0.0},{"damage_healed":0.0,"max_hp_gain":0.0,"max_hp_loss":0.0,"gold_gain":0.0,"event_name":"Nest","player_choice":"Joined the Cult","floor":20.0,"gold_loss":0.0,"damage_taken":6.0,"cards_obtained":["RitualDagger"]},{"cards_removed":["Strike_G"],"damage_healed":0,"gold_gain":0,"player_choice":"Gave Gold","damage_taken":0,"max_hp_gain":0,"max_hp_loss":0,"event_name":"Beggar","floor":29,"gold_loss":75},{"damage_healed":0,"gold_gain":0,"player_choice":"Fight","damage_taken":0,"max_hp_gain":0,"max_hp_loss":0,"event_name":"Colosseum","floor":30,"gold_loss":0},{"damage_healed":0,"gold_gain":0,"player_choice":"Fought Nobs","damage_taken":0,"max_hp_gain":0,"max_hp_loss":0,"event_name":"Colosseum","floor":30,"gold_loss":0},{"damage_healed":0,"gold_gain":0,"player_choice":"Gave Idol","damage_taken":0,"relics_obtained":["Bloody Idol"],"max_hp_gain":0,"max_hp_loss":0,"event_name":"Forgotten Altar","floor":31,"relics_lost":["Golden Idol"],"gold_loss":0},{"damage_healed":0,"gold_gain":0,"player_choice":"Fight","damage_taken":0,"max_hp_gain":0,"max_hp_loss":0,"event_name":"Mysterious Sphere","floor":37,"gold_loss":0}],"is_beta":true,"boss_relics":[{"not_picked":["Cursed Key","Runic Dome"],"picked":"Sozu"},{"not_picked":["Busted Crown","Calling Bell"],"picked":"Runic Pyramid"}],"items_purged_floors":[13,19,36],"is_endless":false,"potions_floor_spawned":[3,4,10,14,18,25,30,30,33,35,37,38,39,41],"killed_by":"Giant Head","ascension_level":20}}