{"host":"5h6e4l6hpn0p5lap","time":1612042451,"event":{"mods":["AchievementEnabler","BaseMod","Better Altar","Better Match","Better Sensory Stone","Better Skull","Better Third Choice","Filter the Spire","Highlight Path","Minty Spire (QoL Compilation)","StSLib"],"gold_per_floor":[311,324,324,339,62,89,99,126,173,35,35,85,85,99,99,196,196,235,334,58,68,68,68,68,117,162,56,56,7,7,38,38,138,138,153,167,80,92,103,154,154,154,154,171,96,122,162,5,5,5,5,5,5,30,30,30],"floor_reached":55,"language":"ENG","playtime":2325,"items_purged":["Strike_B","Strike_B","Strike_B","Decay"],"score":1044,"play_id":"a0c43997-8507-47de-a194-53096ae1b6f8","local_time":"20210130163411","is_ascension_mode":true,"campfire_choices":[{"data":"Defragment","floor":11,"key":"SMITH"},{"floor":13,"key":"REST"},{"data":"Defragment","floor":15,"key":"SMITH"},{"data":"Rainbow","floor":23,"key":"SMITH"},{"data":"Storm","floor":28,"key":"SMITH"},{"data":"Rebound","floor":32,"key":"SMITH"},{"floor":41,"key":"REST"},{"floor":49,"key":"RECALL"},{"data":"Aggregate","floor":52,"key":"SMITH"}],"circlet_count":0,"master_deck":["Strike_B","Defend_B","Defend_B","Defend_B","Defend_B","Zap","Dualcast","Streamline","Glacier","Cold Snap","Defragment+1","Conserve Battery","Glacier","Rebound+1","Defragment+1","Rainbow+1","HandOfGreed","Melter","Storm+1","Thunder Strike","Heatsinks","Self Repair","Coolheaded","Loop","Force Field","Redo+1","Consume","Tempest+1","Machine Learning","White Noise+1","Aggregate+1","Skim","Aggregate+1","Compile Driver+1","Undo"],"relics":["Cracked Core","Old Coin","FaceOfCleric","Membership Card","Pantograph","Pear","Pen Nib","Oddly Smooth Stone","Nuclear Battery","Incense Burner","Cables","Runic Capacitor","Smiling Mask","Philosopher\u0027s Stone","Singing Bowl","Frozen Egg 2","Strawberry","Calipers","Vajra"],"acts_visited":["Exordium","TheCity","TheBeyond","TheEnding"],"potions_floor_usage":[8,18,25,31,31,31,31,39,40,40,44,50,55,55],"damage_taken":[{"damage":2,"enemies":"2 Louse","floor":1,"turns":2},{"damage":0,"enemies":"Cultist","floor":2,"turns":2},{"damage":1,"enemies":"Jaw Worm","floor":4,"turns":4},{"damage":12,"enemies":"3 Sentries","floor":6,"turns":10},{"damage":3,"enemies":"2 Fungi Beasts","floor":7,"turns":4},{"damage":16,"enemies":"Gremlin Nob","floor":8,"turns":4},{"damage":18,"enemies":"Lagavulin","floor":12,"turns":7},{"damage":0,"enemies":"Looter","floor":14,"turns":2},{"damage":36,"enemies":"Hexaghost","floor":16,"turns":9},{"damage":22,"enemies":"2 Thieves","floor":18,"turns":4},{"damage":0,"enemies":"Chosen","floor":21,"turns":3},{"damage":0,"enemies":"Gremlin Leader","floor":25,"turns":10},{"damage":36,"enemies":"Slavers","floor":31,"turns":6},{"damage":42,"enemies":"Automaton","floor":33,"turns":10},{"damage":0,"enemies":"Orb Walker","floor":35,"turns":3},{"damage":21,"enemies":"3 Darklings","floor":36,"turns":5},{"damage":13,"enemies":"4 Shapes","floor":38,"turns":3},{"damage":8,"enemies":"Jaw Worm Horde","floor":39,"turns":3},{"damage":26,"enemies":"Reptomancer","floor":40,"turns":6},{"damage":10,"enemies":"Writhing Mass","floor":44,"turns":5},{"damage":1,"enemies":"Maw","floor":47,"turns":5},{"damage":78,"enemies":"Time Eater","floor":50,"turns":11},{"damage":41,"enemies":"Shield and Spear","floor":54,"turns":6},{"damage":90,"enemies":"The Heart","floor":55,"turns":5}],"seed_played":"1160257169568181644","potions_obtained":[{"floor":1,"key":"Energy Potion"},{"floor":2,"key":"SteroidPotion"},{"floor":8,"key":"Explosive Potion"},{"floor":21,"key":"Strength Potion"},{"floor":31,"key":"Weak Potion"},{"floor":33,"key":"Swift Potion"},{"floor":35,"key":"SkillPotion"},{"floor":39,"key":"Dexterity Potion"},{"floor":40,"key":"Block Potion"},{"floor":47,"key":"PotionOfCapacity"},{"floor":54,"key":"Explosive Potion"}],"is_trial":false,"path_per_floor":["M","M","?","M","$","E","M","E","T","$","R","E","R","M","R","B",null,"M","?","$","M","?","R","?","E","T","$","R","$","?","E","R","B",null,"M","M","$","M","M","E","R","?","T","M","?","T","M","$","R","B",null,"R","$","E","B"],"character_chosen":"DEFECT","items_purchased":["Membership Card","Defragment","Conserve Battery","Glacier","HandOfGreed","Self Repair","Coolheaded","Incense Burner","Runic Capacitor","Consume","EntropicBrew","Aggregate","Calipers"],"campfire_rested":2,"item_purchase_floors":[5,5,5,5,10,20,20,20,27,27,29,37,48],"current_hp_per_floor":[66,66,66,66,66,55,53,48,48,48,48,31,58,59,59,49,81,60,60,60,68,68,68,68,76,76,76,76,76,95,67,67,51,86,94,81,81,69,69,51,81,81,81,72,72,79,88,88,88,43,96,96,96,63,0,0],"gold":30,"neow_bonus":"ONE_RARE_RELIC","is_daily":false,"chose_seed":false,"campfire_upgraded":6,"win_rate":0.0,"timestamp":1612042451,"path_taken":["M","M","?","M","$","E","?","E","T","?","R","E","R","M","R","BOSS","M","?","$","M","?","R","?","E","T","$","R","?","?","E","R","BOSS","M","M","$","M","M","E","R","?","T","M","?","?","M","$","R","BOSS","R","$","E","BOSS"],"items_purchased_type":["Relic","Card","Card","Card","Card","Card","Card","Relic","Relic","Card","Potion","Card","Relic"],"build_version":"2020-12-22","purchased_purges":4,"victory":false,"max_hp_per_floor":[75,75,75,76,76,77,78,89,89,89,89,90,90,91,91,92,92,93,93,93,94,94,94,94,95,95,95,95,95,95,96,96,97,97,98,99,99,100,101,102,102,102,102,103,103,110,113,113,113,114,114,114,114,115,115,115],"card_choices":[{"not_picked":["Lockon","Steam"],"picked":"Streamline","floor":1},{"not_picked":["Leap","Force Field"],"picked":"Glacier","floor":2},{"not_picked":["Chaos","Streamline"],"picked":"Cold Snap","floor":4},{"not_picked":["Scrape","Barrage"],"picked":"Rebound","floor":6},{"not_picked":["Doom and Gloom","Rebound"],"picked":"Defragment","floor":7},{"not_picked":["Redo","Leap"],"picked":"Rainbow","floor":8},{"not_picked":["Conserve Battery","Go for the Eyes"],"picked":"Melter","floor":12},{"not_picked":["Fusion","Lockon"],"picked":"Storm","floor":14},{"not_picked":["Biased Cognition","Amplify"],"picked":"Thunder Strike","floor":16},{"not_picked":["Cold Snap+1","Leap"],"picked":"Heatsinks","floor":18},{"not_picked":["BootSequence","Go for the Eyes"],"picked":"Loop","floor":21},{"not_picked":["Steam","Cold Snap+1"],"picked":"Redo+1","floor":25},{"not_picked":["Doom and Gloom","Melter"],"picked":"Tempest+1","floor":31},{"not_picked":["Echo Form","All For One"],"picked":"Machine Learning","floor":33},{"not_picked":["Chill+1","Steam Power+1"],"picked":"White Noise+1","floor":35},{"not_picked":["Storm+1","Barrage","Redo"],"picked":"SKIP","floor":36},{"not_picked":["Sweeping Beam+1","Go for the Eyes","Glacier+1"],"picked":"SKIP","floor":38},{"not_picked":["Barrage+1","Sweeping Beam+1","All For One"],"picked":"SKIP","floor":39},{"not_picked":["Genetic Algorithm","Barrage"],"picked":"Skim","floor":40},{"not_picked":["Tempest+1","Undo"],"picked":"Aggregate+1","floor":44},{"not_picked":["Coolheaded+1","Cold Snap+1"],"picked":"Compile Driver+1","floor":45},{"not_picked":["Barrage","Cold Snap+1","Conserve Battery+1"],"picked":"Singing Bowl","floor":47},{"not_picked":["Sunder+1","Self Repair+1"],"picked":"Undo","floor":54}],"player_experience":1024622,"relics_obtained":[{"floor":6,"key":"Pantograph"},{"floor":8,"key":"Pear"},{"floor":9,"key":"Pen Nib"},{"floor":12,"key":"Oddly Smooth Stone"},{"floor":25,"key":"Cables"},{"floor":31,"key":"Smiling Mask"},{"floor":40,"key":"Singing Bowl"},{"floor":43,"key":"Frozen Egg 2"},{"floor":46,"key":"Strawberry"},{"floor":54,"key":"Vajra"}],"event_choices":[{"damage_healed":0,"gold_gain":0,"player_choice":"Trade","damage_taken":0,"relics_obtained":["FaceOfCleric"],"max_hp_gain":0,"max_hp_loss":0,"event_name":"FaceTrader","floor":3,"gold_loss":0},{"damage_healed":0,"gold_gain":99,"player_choice":"Steal","damage_taken":0,"max_hp_gain":0,"max_hp_loss":0,"event_name":"betterThird:BetterNest","floor":19,"gold_loss":0},{"damage_healed":0,"gold_gain":0,"player_choice":"Read","damage_taken":0,"max_hp_gain":0,"max_hp_loss":0,"event_name":"The Library","floor":22,"gold_loss":0,"cards_obtained":["Force Field"]},{"damage_healed":0,"gold_gain":0,"player_choice":" Defy","damage_taken":0,"max_hp_gain":0,"max_hp_loss":0,"event_name":"betterAltar:BetterAltar","floor":24,"gold_loss":0,"cards_obtained":["Decay"]},{"damage_healed":19,"gold_gain":0,"player_choice":"Full Heal","damage_taken":0,"max_hp_gain":0,"max_hp_loss":0,"event_name":"Wheel of Change","floor":30,"gold_loss":0},{"damage_healed":0,"gold_gain":0,"player_choice":"Ignored","damage_taken":0,"max_hp_gain":0,"max_hp_loss":0,"event_name":"Tomb of Lord Red Mask","floor":42,"gold_loss":0},{"damage_healed":0,"gold_gain":0,"player_choice":"2","damage_taken":0,"max_hp_gain":0,"max_hp_loss":0,"event_name":"betterMatch:BetterMatch","floor":45,"gold_loss":0,"cards_obtained":["betterMatch:CommonCard"]}],"is_beta":false,"boss_relics":[{"not_picked":["SlaversCollar","FrozenCore"],"picked":"Nuclear Battery"},{"not_picked":["Pandora\u0027s Box","Astrolabe"],"picked":"Philosopher\u0027s Stone"}],"items_purged_floors":[5,10,20,37],"is_endless":false,"potions_floor_spawned":[1,2,8,21,31,33,35,39,40,47,54],"killed_by":"The Heart","ascension_level":6}}