{"host":"mys00ehszg9tpx2w","time":1612000135,"event":{"mods":["Act Like it!","BaseMod","Better Vampires","CapriCore","Chen","Colored Powertips","Energized Spire","Gensokyo","Highlight Path","Koishi","KomeijiMod","Marisa（F雨　魔理沙）","Minty Spire (QoL Compilation)","Reimu（博丽灵梦）","Relic Stats","Remilia（蕾米莉亚）","RumiaBox-露米娅的神秘盒子","Shop Mod","Spicy Shops","StSLib","The Administrix","The Immortal","The Servant 0.9.4","Yakumo Yukari mod","Youmu（魂魄妖梦）","Yuyuko","noobMod","【功能Mod】聪明的最终Boss","篝火指南"],"gold_per_floor":[111,111,286,305,265,8,18,78,78,93,93,93,113,113,113,208,208,221,221,221,221,232,232,249,249,275,275,95,109,49,67,67,162,162,175,175,187,187,64,64,74,74,74,109,109,128,53,67,67,67],"floor_reached":51,"language":"ZHS","playtime":3999,"items_purged":[],"score":742,"play_id":"0bfd4b0d-6f93-4c8d-a718-f7357294365b","local_time":"20210130174854","is_ascension_mode":false,"campfire_choices":[{"data":"Melter","floor":15,"key":"SMITH"},{"data":"Fission","floor":23,"key":"SMITH"},{"data":"BootSequence","floor":25,"key":"SMITH"},{"data":"Blizzard","floor":27,"key":"SMITH"},{"data":"Sweeping Beam","floor":32,"key":"SMITH"},{"data":"Thunder Strike","floor":45,"key":"SMITH"},{"floor":49,"key":"REST"}],"circlet_count":0,"master_deck":["Strike_B","Strike_B","Strike_B","Defend_B","Defend_B","Defend_B","Defend_B","Zap","Dualcast","Melter+1","Doubt","Blizzard+1","FTL","Ball Lightning","Sweeping Beam+1","Parasite","Cold Snap","Fission+1","Fission+1","Auto Shields+1","Amplify","Storm+1","Chaos","BootSequence+1","Gensokyo:LockedMedkit","Gensokyo:RustyChest","Rebound","Steam","Streamline+1","Thunder Strike+1","Buffer","Fusion","Self Repair","Wraith","Capacitor+1","Static Discharge+1","Conserve Battery+1","Electrodynamics"],"relics":["Cracked Core","Strawberry","AddBug","SecretRecord","SecretRecord","SecretRecord","Baka2","SecretRecord","SecretRecord","SecretRecord"],"acts_visited":["Exordium","Gensokyo:Gensokyoer","TheBeyond"],"potions_floor_usage":[33,33,50,50],"damage_taken":[{"damage":5.0,"enemies":"Small Slimes","floor":1.0,"turns":3.0},{"damage":0.0,"enemies":"2 Louse","floor":4.0,"turns":1.0},{"damage":6,"enemies":"Cultist","floor":7,"turns":3},{"damage":21,"enemies":"Gremlin Nob","floor":8,"turns":4},{"damage":0,"enemies":"Large Slime","floor":10,"turns":1},{"damage":0,"enemies":"Exordium Wildlife","floor":13,"turns":2},{"damage":17,"enemies":"Slime Boss","floor":16,"turns":6},{"damage":0,"enemies":"Gensokyo:2_Gloops","floor":18,"turns":2},{"damage":24,"enemies":"Gensokyo:AngelMirror","floor":22,"turns":3},{"damage":19,"enemies":"Gensokyo:Slime_Group","floor":24,"turns":5},{"damage":0,"enemies":"Gensokyo:Chomper_and_Gloop","floor":29,"turns":3},{"damage":0,"enemies":"Gensokyo:Monolith_and_Dog","floor":30,"turns":7},{"damage":34,"enemies":"Gensokyo:Slime_Group","floor":31,"turns":5},{"damage":46,"enemies":"Gensokyo:Kaguya","floor":33,"turns":8},{"damage":34,"enemies":"3 Shapes","floor":35,"turns":3},{"damage":2,"enemies":"Orb Walker","floor":37,"turns":3},{"damage":18,"enemies":"Transient","floor":41,"turns":9},{"damage":0,"enemies":"Giant Head","floor":44,"turns":2},{"damage":0,"enemies":"Spire Growth","floor":46,"turns":2},{"damage":25,"enemies":"4 Shapes","floor":48,"turns":2},{"damage":35,"enemies":"Time Eater","floor":50,"turns":3}],"seed_played":"1625769470564776678","potions_obtained":[{"floor":5,"key":"CultistPotion"},{"floor":5,"key":"Strength Potion"},{"floor":5,"key":"ExcitationPotion"},{"floor":7,"key":"CalmPotion"},{"floor":46,"key":"GrandPatriotsElixir:ReiMu"}],"is_trial":false,"path_per_floor":["M","?","?","M","?","R","M","?","T","M","$","?","M","T","R","B",null,"M","?","?","?","M","R","M","R","T","R","COS","M","M","M","R","B",null,"M","?","M","?","$","?","M","?","T","E","R","M","$","M","R","B",null],"character_chosen":"DEFECT","items_purchased":["Sundial","BlessingOfTheForge","PotionOfCapacity","Electrodynamics"],"campfire_rested":1,"item_purchase_floors":[6,39,39,47],"current_hp_per_floor":[77,70,70,70,70,70,65,45,45,45,45,65,65,65,65,51,82,82,82,82,87,70,70,53,53,53,53,53,53,53,82,82,36,93,59,59,57,57,57,57,52,52,52,41,41,54,54,34,64,29],"gold":67,"neow_bonus":"RANDOM_COMMON_RELIC","is_daily":false,"chose_seed":false,"campfire_upgraded":6,"win_rate":0.0,"timestamp":1612000134,"path_taken":["M","?","?","M","?","R","?","?","T","M","$","?","M","?","R","BOSS","M","?","?","?","?","R","?","R","T","R","COS","M","M","M","R","BOSS","M","?","?","?","?","?","M","?","T","E","R","M","?","M","R","BOSS"],"items_purchased_type":["Relic","Potion","Potion","Card"],"build_version":"2020-12-22","purchased_purges":0,"victory":true,"max_hp_per_floor":[82,82,82,82,82,82,82,82,82,82,82,82,82,82,82,82,82,82,82,82,87,87,87,87,87,87,87,87,87,87,93,93,93,93,93,93,93,93,93,93,93,93,93,103,103,103,103,103,103,103],"relic_stats":{"counters":[21,77],"obtain_stats":[{"Baka2":29,"Strawberry":0,"AddBug":1,"SecretRecord":1,"Baka":1,"Cracked Core":0},{"Baka2":11,"Strawberry":0,"AddBug":1,"SecretRecord":1,"Baka":1,"Cracked Core":0},{"Baka2":33,"Strawberry":0,"AddBug":3,"SecretRecord":3,"Baka":3,"Cracked Core":0}]},"card_choices":[{"not_picked":["Redo","Compile Driver"],"picked":"Melter","floor":1.0},{"not_picked":["Gash","Scrape"],"picked":"Blizzard","floor":4},{"not_picked":["Leap","Gash"],"picked":"FTL","floor":7},{"not_picked":["Gash","Steam"],"picked":"Ball Lightning","floor":8},{"not_picked":["Fusion","Coolheaded"],"picked":"Sweeping Beam","floor":10},{"not_picked":["Steam","Sweeping Beam"],"picked":"Cold Snap","floor":13},{"not_picked":["All For One","Biased Cognition"],"picked":"Fission","floor":16},{"not_picked":["Barrage","Stack+1"],"picked":"Auto Shields+1","floor":18},{"not_picked":["Compile Driver","Thunder Strike"],"picked":"Storm+1","floor":22},{"not_picked":["Streamline+1","Beam Cell"],"picked":"BootSequence","floor":24},{"not_picked":["Coolheaded","Cold Snap"],"picked":"Rebound","floor":29},{"not_picked":["Glacier+1","Leap"],"picked":"Steam","floor":30},{"not_picked":["Heatsinks+1","Compile Driver"],"picked":"Streamline+1","floor":31},{"not_picked":["Fission","Creative AI"],"picked":"Thunder Strike","floor":33},{"not_picked":["Creative AI","Echo Form"],"picked":"Buffer","floor":33},{"not_picked":["Doom and Gloom","Hologram","Genetic Algorithm"],"picked":"SKIP","floor":35},{"not_picked":["Gash","White Noise+1"],"picked":"Self Repair","floor":37},{"not_picked":["Master of Strategy","Secret Weapon"],"picked":"Blind","floor":38},{"not_picked":["Heatsinks","Redo"],"picked":"Capacitor+1","floor":41},{"not_picked":["Steam","BootSequence"],"picked":"Static Discharge+1","floor":44},{"not_picked":["Chaos+1","White Noise+1"],"picked":"Conserve Battery+1","floor":46},{"not_picked":["Leap+1","White Noise","Go for the Eyes"],"picked":"SKIP","floor":48}],"player_experience":60998,"relics_obtained":[{"floor":1.0,"key":"AddBug"},{"floor":1.0,"key":"Baka"},{"floor":7,"key":"SecretRecord"},{"floor":8,"key":"MagicDraw1"},{"floor":9,"key":"ZombieArmy"},{"floor":14,"key":"MealTicket"},{"floor":18,"key":"SecretRecord"},{"floor":26,"key":"Potion Belt"},{"floor":29,"key":"Baka2"},{"floor":31,"key":"SecretRecord"},{"floor":31,"key":"SecretRecord"},{"floor":41,"key":"Strawberry"},{"floor":43,"key":"Prayer Wheel"},{"floor":44,"key":"Lantern"},{"floor":46,"key":"SecretRecord"}],"event_choices":[{"damage_healed":0.0,"max_hp_gain":0.0,"max_hp_loss":0.0,"gold_gain":0.0,"event_name":"Scrap Ooze","player_choice":"Success","floor":2.0,"gold_loss":0.0,"damage_taken":7.0,"relics_obtained":["Torii"]},{"damage_healed":0.0,"max_hp_gain":0.0,"max_hp_loss":0.0,"gold_gain":175.0,"event_name":"Liars Game","player_choice":"AGREE","floor":3.0,"gold_loss":0.0,"damage_taken":0.0,"cards_obtained":["Doubt"]},{"damage_healed":0,"gold_gain":0,"player_choice":"Bought 3 Potions","damage_taken":0,"max_hp_gain":0,"max_hp_loss":0,"event_name":"The Woman in Blue","floor":5,"gold_loss":0},{"damage_healed":0,"gold_gain":0,"player_choice":"Searched \u00271\u0027 times","damage_taken":0,"max_hp_gain":0,"max_hp_loss":0,"event_name":"Dead Adventurer","floor":8,"gold_loss":0},{"damage_healed":20,"gold_gain":0,"player_choice":"Healed and dodged fight","damage_taken":0,"max_hp_gain":0,"max_hp_loss":0,"event_name":"Mushrooms","floor":12,"gold_loss":0,"cards_obtained":["Parasite"]},{"damage_healed":0,"gold_gain":0,"cards_transformed":["Strike_B"],"player_choice":"Transformed","damage_taken":0,"max_hp_gain":0,"max_hp_loss":0,"event_name":"Transmorgrifier","floor":36,"gold_loss":0,"cards_obtained":["Fusion"]},{"damage_healed":0,"gold_gain":0,"player_choice":"Memory 1","damage_taken":0,"max_hp_gain":0,"max_hp_loss":0,"event_name":"SensoryStone","floor":38,"gold_loss":0},{"damage_healed":0,"gold_gain":0,"player_choice":"Ignored","damage_taken":0,"max_hp_gain":0,"max_hp_loss":0,"event_name":"OrinTheCat","floor":40,"gold_loss":0},{"cards_removed":["Blind"],"damage_healed":0,"gold_gain":0,"player_choice":"Removed Skill","damage_taken":0,"max_hp_gain":0,"max_hp_loss":0,"event_name":"Falling","floor":42,"gold_loss":0}],"is_beta":false,"boss_relics":[{"not_picked":["Sozu","Astrolabe"],"picked":"EasyGame_NEW"},{"not_picked":["Tiny House","Black Star"],"picked":"Coffee Dripper"}],"items_purged_floors":[],"is_endless":false,"potions_floor_spawned":[7,16,18,24,41,46],"ascension_level":0}}