{"host":"7k7s6ne09mxa92o8","time":1612018592,"event":{"mods":["2.2 Compatiblity","BaseMod","DeckTracker","Hermit","Minty Spire (QoL Compilation)","StSLib","Waifu the Spire"],"gold_per_floor":[117,117,117,19,35,35,69,89,89,99,99,52,66,66,66,163,163,174,5,5,22,22,22,22,35,90,90,90,102,121,137,137,142,142],"floor_reached":33,"language":"KOR","playtime":1015,"items_purged":[],"score":439,"play_id":"075a3b7b-2fcb-416a-92af-e5d0170fc3f0","local_time":"20210130235632","is_ascension_mode":true,"campfire_choices":[{"data":"hermit:Maintenance","floor":6.0,"key":"SMITH"},{"floor":15,"key":"REST"},{"floor":23,"key":"REST"},{"floor":27,"key":"REST"},{"floor":32,"key":"REST"}],"circlet_count":0,"master_deck":["AscendersBane","hermit:Strike_Hermit","hermit:Strike_Hermit+1","hermit:Strike_Hermit+1","hermit:Strike_Hermit","hermit:Defend_Hermit","hermit:Defend_Hermit","hermit:Defend_Hermit","hermit:Defend_Hermit","hermit:Snapshot","hermit:Covet","hermit:Dive","hermit:Maintenance+1","hermit:Strike_Hermit","hermit:CursedWeapon","hermit:Gambit","Pain","hermit:HeroicBravado","hermit:FlashPowder+1","hermit:Brawl","Decay","hermit:FlashPowder","hermit:Scavenge","hermit:Cheat"],"relics":["hermit:Momento","NeowsBlessing","Turnip","Pear","WarpedTongs","Black Star","hermit:RyeStalk"],"acts_visited":["Exordium","TheCity"],"potions_floor_usage":[11,20,21,25,30,33],"damage_taken":[{"damage":0.0,"enemies":"Small Slimes","floor":1.0,"turns":1.0},{"damage":0.0,"enemies":"2 Louse","floor":5.0,"turns":1.0},{"damage":2.0,"enemies":"Lagavulin","floor":7.0,"turns":1.0},{"damage":2.0,"enemies":"Cultist","floor":8.0,"turns":3.0},{"damage":14,"enemies":"Blue Slaver","floor":10,"turns":4},{"damage":0,"enemies":"3 Louse","floor":11,"turns":1},{"damage":18,"enemies":"Gremlin Gang","floor":13,"turns":6},{"damage":36,"enemies":"The Guardian","floor":16,"turns":11},{"damage":15,"enemies":"Chosen","floor":18,"turns":5},{"damage":0,"enemies":"3 Byrds","floor":20,"turns":2},{"damage":33,"enemies":"Snecko","floor":21,"turns":6},{"damage":47,"enemies":"Cultist and Chosen","floor":25,"turns":8},{"damage":7,"enemies":"Snake Plant","floor":29,"turns":4},{"damage":11,"enemies":"Snecko","floor":30,"turns":6},{"damage":8,"enemies":"Centurion and Healer","floor":31,"turns":8},{"damage":38,"enemies":"Collector","floor":33,"turns":9}],"seed_played":"7971663113369057556","potions_obtained":[{"floor":7.0,"key":"Ancient Potion"},{"floor":10,"key":"SmokeBomb"},{"floor":13,"key":"LiquidMemories"},{"floor":25,"key":"Block Potion"},{"floor":31,"key":"GamblersBrew"}],"is_trial":false,"path_per_floor":["M","?","?","$","M","R","E","M","T","M","M","?","M","?","R","B",null,"M","$","M","M","?","R","?","M","T","R","?","M","M","M","R","B"],"character_chosen":"HERMIT","items_purchased":["Fruit Juice","hermit:Brawl","SmokeBomb"],"campfire_rested":4,"item_purchase_floors":[4,19,19],"current_hp_per_floor":[68,53,53,58,58,58,56,54,64,50,50,50,32,32,59,23,73,58,58,58,25,25,52,52,5,5,32,32,25,14,6,33,0,0],"gold":142,"neow_bonus":"THREE_ENEMY_KILL","is_daily":false,"chose_seed":false,"campfire_upgraded":1,"win_rate":0.0,"timestamp":1612018592,"path_taken":["M","?","?","$","M","R","E","M","T","?","M","?","M","?","R","BOSS","M","$","M","?","?","R","?","M","T","R","?","M","M","M","R","BOSS"],"items_purchased_type":["Potion","Card","Potion"],"build_version":"2020-12-22","purchased_purges":0,"victory":false,"max_hp_per_floor":[75,75,75,80,80,80,80,80,90,90,90,90,90,90,90,90,90,90,90,90,90,90,90,90,90,90,90,90,90,90,90,90,90,90],"card_choices":[{"not_picked":["hermit:TrackingShot","hermit:ItchyTrigger"],"picked":"hermit:Dive","floor":1.0},{"not_picked":["hermit:SprayPray","hermit:LowProfile"],"picked":"hermit:CursedWeapon","floor":5.0},{"not_picked":["hermit:Gestalt","hermit:FatalDesire","hermit:Grudge"],"picked":"SKIP","floor":7.0},{"not_picked":["hermit:Dive","hermit:Quickdraw","hermit:Misfire"],"picked":"SKIP","floor":8.0},{"not_picked":["hermit:Shortfuse","hermit:Glare","hermit:BigShot"],"picked":"SKIP","floor":10},{"not_picked":["hermit:Snipe","hermit:Roulette"],"picked":"hermit:Gambit","floor":13},{"not_picked":["hermit:BlackWind","hermit:Dissolve"],"picked":"hermit:HeroicBravado","floor":16},{"not_picked":["hermit:HoleUp+1","hermit:DeadMansHand"],"picked":"hermit:FlashPowder+1","floor":18},{"not_picked":["hermit:HighCaliber","hermit:Ricochet","hermit:Roulette"],"picked":"SKIP","floor":21},{"not_picked":["hermit:Coalescence","hermit:GoldenBullet"],"picked":"hermit:FlashPowder","floor":25},{"not_picked":["hermit:HoleUp","hermit:Coalescence+1"],"picked":"hermit:Scavenge","floor":29},{"not_picked":["hermit:TrackingShot","hermit:Grudge+1","hermit:CalledShot"],"picked":"SKIP","floor":30},{"not_picked":["hermit:ItchyTrigger","hermit:Vantage"],"picked":"hermit:Cheat","floor":31}],"player_experience":1227916,"relics_obtained":[{"floor":7.0,"key":"Turnip"},{"floor":9.0,"key":"Pear"},{"floor":26,"key":"hermit:RyeStalk"}],"event_choices":[{"damage_healed":0.0,"max_hp_gain":0.0,"max_hp_loss":0.0,"gold_gain":0.0,"event_name":"Shining Light","player_choice":"Entered Light","floor":2.0,"gold_loss":0.0,"damage_taken":15.0,"cards_upgraded":["hermit:Strike_Hermit","hermit:Strike_Hermit"]},{"damage_healed":0.0,"max_hp_gain":0.0,"max_hp_loss":0.0,"gold_gain":0.0,"event_name":"Match and Keep!","player_choice":"2 cards matched","floor":3.0,"gold_loss":0.0,"damage_taken":0.0,"cards_obtained":["hermit:Maintenance","hermit:Strike_Hermit"]},{"damage_healed":0,"gold_gain":0,"player_choice":"Left Gold","damage_taken":0,"max_hp_gain":0,"max_hp_loss":0,"event_name":"World of Goop","floor":12,"gold_loss":47},{"damage_healed":0,"gold_gain":0,"player_choice":"Rummage","damage_taken":0,"relics_obtained":["WarpedTongs"],"max_hp_gain":0,"max_hp_loss":0,"event_name":"Accursed Blacksmith","floor":14,"gold_loss":0,"cards_obtained":["Pain"]},{"damage_healed":0,"gold_gain":0,"player_choice":"Smashed Altar","damage_taken":0,"max_hp_gain":0,"max_hp_loss":0,"event_name":"Forgotten Altar","floor":22,"gold_loss":0,"cards_obtained":["Decay"]},{"damage_healed":0,"gold_gain":0,"player_choice":"Ignored","damage_taken":0,"max_hp_gain":0,"max_hp_loss":0,"event_name":"Vampires","floor":24,"gold_loss":0},{"damage_healed":0,"gold_gain":0,"player_choice":"Ignored","damage_taken":0,"max_hp_gain":0,"max_hp_loss":0,"event_name":"Cursed Tome","floor":28,"gold_loss":0}],"is_beta":false,"boss_relics":[{"not_picked":["Runic Pyramid","hermit:DentedPlate"],"picked":"Black Star"}],"items_purged_floors":[],"is_endless":false,"potions_floor_spawned":[7,10,11,13,25,31],"killed_by":"Collector","ascension_level":10}}