{"host":"a3oe3gstxz77c7qu","time":1612037114,"event":{"mods":["2.2 Compatiblity","Act Like it!","Astrologer","BaseMod","Bestiary","Better Altar","Better Match","Better Note","Better Skull","Better Third Choice","Block Reminder","Curses Come First","Custom Start","Dark Map","Downfall","Friendly Minions","GifTheSpireLib","Hallownest","Hermit","Jorbs\u0027s Wanderer Trilogy","Lobotomy","LobotomyExtend","Marisa????????","Minty Spire (QoL Compilation)","Permanent Neow","Quick Restart","Relic Filter Mod","Relic Stats","Reliquary","Smile Girya","Spire Arcade","StSLib","The Bug Knight","The Cursed","The Disciple","The Jungle","Uncapped","Unknown Chances","Wandering Minibosses"],"gold_per_floor":[114,126,144,161,161,161,181,181,181],"floor_reached":8,"language":"ENG","playtime":627,"items_purged":[],"score":95,"play_id":"04d5d733-7f43-4597-b4eb-f0a5ab4fe59e","local_time":"20210130200514","is_ascension_mode":true,"campfire_choices":[{"data":"Corruption","floor":6,"key":"SMITH"}],"circlet_count":0,"master_deck":["AscendersBane","Strike_R","Strike_R","Strike_R","Strike_R","Strike_R","Defend_R","Defend_R","Defend_R","Defend_R","Bash","Feel No Pain","Corruption+1","Inflame","BeautyBeast"],"relics":["Burning Blood","CogitoBucket","RabbitCall","LetterFromLob","Hallownest:DreamNailRelic"],"acts_visited":["Exordium"],"potions_floor_usage":[8],"damage_taken":[{"damage":11,"enemies":"Hallownest:monsterHuskGuard","floor":1,"turns":8},{"damage":7,"enemies":"Hallownest:monsterHuskWarrior","floor":2,"turns":6},{"damage":5,"enemies":"Hallownest:2_Baldur","floor":3,"turns":5},{"damage":16,"enemies":"Hallownest:monsterFoolEater","floor":4,"turns":5},{"damage":34,"enemies":"Hallownest:MossCreep_and_Mosskin","floor":7,"turns":7},{"damage":30,"enemies":"Hallownest:eliteVengeflyKing","floor":8,"turns":18}],"seed_played":"2820771606421847935","potions_obtained":[{"floor":1,"key":"Dexterity Potion"},{"floor":2,"key":"Swift Potion"}],"is_trial":false,"path_per_floor":["M","M","M","M","?","R","M","E"],"character_chosen":"IRONCLAD","items_purchased":[],"campfire_rested":0,"item_purchase_floors":[],"current_hp_per_floor":[63,62,63,53,53,53,25,0,0],"gold":181,"neow_bonus":"","is_daily":false,"chose_seed":false,"campfire_upgraded":1,"win_rate":0.0,"timestamp":1612037114,"path_taken":["M","M","M","M","?","R","?","E"],"items_purchased_type":[],"build_version":"2020-12-22","purchased_purges":0,"victory":false,"max_hp_per_floor":[75,75,75,75,75,75,75,75,75],"relic_stats":{"counters":[6,49],"obtain_stats":[{"RabbitCall":0,"CogitoBucket":0,"LetterFromLob":1,"Hallownest:DreamNailRelic":5,"Burning Blood":0},{"RabbitCall":0,"CogitoBucket":0,"LetterFromLob":1,"Hallownest:DreamNailRelic":4,"Burning Blood":0},{"RabbitCall":0,"CogitoBucket":0,"LetterFromLob":8,"Hallownest:DreamNailRelic":24,"Burning Blood":0}],"Burning Blood":30},"card_choices":[{"not_picked":["Iron Wave","Headbutt"],"picked":"Feel No Pain","floor":1},{"not_picked":["Murderer","BeautyBeast","CherryBlossoms"],"picked":"Singing Bowl","floor":1},{"not_picked":["SingingMachine","OldLady","ShyLook"],"picked":"Singing Bowl","floor":2},{"not_picked":["Cleave","Body Slam","Wild Strike"],"picked":"SKIP","floor":2},{"not_picked":["UniverseFragment","PunishingBird","Murderer"],"picked":"Singing Bowl","floor":3},{"not_picked":["Blood for Blood","Heavy Blade","Wild Strike"],"picked":"SKIP","floor":3},{"not_picked":["Thunderclap","Clash"],"picked":"Corruption","floor":4},{"not_picked":["UniverseFragment","WallGazer","Porccubus"],"picked":"Singing Bowl","floor":4},{"not_picked":["Heavy Blade","Hemokinesis"],"picked":"Inflame","floor":7},{"not_picked":["WhitesApple","OSAHOGD"],"picked":"BeautyBeast","floor":7}],"player_experience":1125436,"relics_obtained":[{"floor":1,"key":"LetterFromLob"}],"event_choices":[],"is_beta":false,"boss_relics":[],"items_purged_floors":[],"is_endless":false,"potions_floor_spawned":[1,2],"killed_by":"Hallownest:eliteVengeflyKing","ascension_level":18}}