{"host":"o7j6aatxjwpw1421","time":1612016155,"event":{"mods":["2.2 Compatiblity","AchievementEnabler","BaseMod","Colored Map","DeckTracker","Highlight Path","Keyboard Shortcuts","Minty Spire (QoL Compilation)","Permanent Neow","Quick Restart","StSLib","SuperFastMode","everything is the same but u backflip on backflip"],"gold_per_floor":[119,69,80,155,170,170,184,200,200,211,211,136,136,136,136,236,236,247,162,172,97,107,141,141,166,166,183,199,219,219,230,230,327,327,344,344,344,359,359,359],"floor_reached":39,"language":"KOR","playtime":1033,"items_purged":["Strike_R"],"score":395,"play_id":"ac678ec0-68fb-447d-9a7a-862c0ec1e3e0","local_time":"20210130231555","is_ascension_mode":false,"campfire_choices":[{"data":"Whirlwind","floor":6.0,"key":"SMITH"},{"data":"Body Slam","floor":11.0,"key":"SMITH"},{"data":"Armaments","floor":13.0,"key":"SMITH"},{"data":"Pommel Strike","floor":15.0,"key":"SMITH"},{"data":"Demon Form","floor":24.0,"key":"SMITH"},{"data":"Shrug It Off","floor":32.0,"key":"SMITH"}],"circlet_count":0,"master_deck":["Defend_R","Defend_R","Bash","Whirlwind+1","Intimidate","Sword Boomerang","Twin Strike","Body Slam+1","Armaments+1","Pommel Strike+1","Demon Form+1","Shockwave+1","Shrug It Off+1","Second Wind","Reaper+1","Flex+1","Shrug It Off+1","Heavy Blade+1"],"relics":["Burning Blood","Gremlin Horn","Runic Pyramid","Molten Egg 2","Blood Vial","Red Mask","Red Skull"],"acts_visited":["Exordium","TheCity","TheBeyond"],"potions_floor_usage":[],"damage_taken":[{"damage":6.0,"enemies":"Jaw Worm","floor":1.0,"turns":5.0},{"damage":10.0,"enemies":"Small Slimes","floor":3.0,"turns":2.0},{"damage":1.0,"enemies":"Cultist","floor":5.0,"turns":3.0},{"damage":8.0,"enemies":"Blue Slaver","floor":7.0,"turns":4.0},{"damage":9.0,"enemies":"Red Slaver","floor":8.0,"turns":3.0},{"damage":7.0,"enemies":"Looter","floor":10.0,"turns":3.0},{"damage":52.0,"enemies":"The Guardian","floor":16.0,"turns":14.0},{"damage":3.0,"enemies":"Chosen","floor":18.0,"turns":5.0},{"damage":0.0,"enemies":"3 Byrds","floor":20.0,"turns":3.0},{"damage":30.0,"enemies":"3 Cultists","floor":22.0,"turns":4.0},{"damage":17.0,"enemies":"Slavers","floor":23.0,"turns":3.0},{"damage":10.0,"enemies":"Masked Bandits","floor":25.0,"turns":3.0},{"damage":5.0,"enemies":"Cultist and Chosen","floor":27.0,"turns":3.0},{"damage":0.0,"enemies":"Snecko","floor":28.0,"turns":4.0},{"damage":21.0,"enemies":"Sentry and Sphere","floor":29.0,"turns":5.0},{"damage":3.0,"enemies":"Centurion and Healer","floor":31.0,"turns":5.0},{"damage":54.0,"enemies":"Automaton","floor":33.0,"turns":8.0},{"damage":33.0,"enemies":"3 Darklings","floor":35.0,"turns":4.0},{"damage":19,"enemies":"3 Shapes","floor":38,"turns":5},{"damage":6,"enemies":"Sphere and 2 Shapes","floor":39,"turns":1}],"seed_played":"8130754291812684242","potions_obtained":[{"floor":5.0,"key":"EssenceOfSteel"},{"floor":7.0,"key":"Swift Potion"},{"floor":8.0,"key":"Explosive Potion"},{"floor":23.0,"key":"Swift Potion"},{"floor":25.0,"key":"PowerPotion"},{"floor":27.0,"key":"Strength Potion"}],"is_trial":false,"path_per_floor":["M","?","M","?","M","R","M","M","T","M","R","$","R","?","R","B",null,"M","?","M","?","M","E","R","?","T","M","M","M","?","M","R","B",null,"M","?","?","M","M"],"character_chosen":"IRONCLAD","items_purchased":[],"campfire_rested":0,"item_purchase_floors":[],"current_hp_per_floor":[72,72,68,61,66,66,64,61,61,60,60,60,60,60,60,14,72,72,72,72,72,48,37,37,35,35,38,67,54,41,77,77,29,77,73,73,73,62,58,58],"gold":359,"neow_bonus":"TRANSFORM_TWO_CARDS","is_daily":false,"chose_seed":false,"campfire_upgraded":6,"win_rate":0.0,"timestamp":1612016155,"path_taken":["M","?","M","?","M","R","M","?","T","M","R","$","R","?","R","BOSS","M","?","M","?","M","E","R","?","T","M","?","M","?","M","R","BOSS","M","?","?","?","M"],"items_purchased_type":[],"build_version":"2020-12-22","purchased_purges":1,"victory":false,"max_hp_per_floor":[72,72,72,72,72,72,72,72,72,72,72,72,72,72,72,72,72,72,72,72,72,72,72,72,72,72,72,72,72,77,77,77,77,77,77,77,77,77,77,77],"card_choices":[{"not_picked":["Iron Wave","Combust"],"picked":"Sword Boomerang","floor":1.0},{"not_picked":["Havoc","Clothesline"],"picked":"Twin Strike","floor":3.0},{"not_picked":["Twin Strike","Havoc"],"picked":"Body Slam","floor":5.0},{"not_picked":["Rage","Corruption"],"picked":"Armaments","floor":7.0},{"not_picked":["Metallicize","Bloodletting","Combust"],"picked":"SKIP","floor":8.0},{"not_picked":["Clothesline","Flex"],"picked":"Pommel Strike","floor":10.0},{"not_picked":["Berserk","Juggernaut"],"picked":"Demon Form","floor":16.0},{"not_picked":["Wild Strike","Dark Embrace","Iron Wave"],"picked":"SKIP","floor":18.0},{"not_picked":["Carnage+1","Iron Wave+1"],"picked":"Shockwave+1","floor":20.0},{"not_picked":["Armaments","Blood for Blood+1"],"picked":"Shrug It Off","floor":22.0},{"not_picked":["Reckless Charge+1","Sever Soul+1"],"picked":"Second Wind","floor":23.0},{"not_picked":["Clothesline+1","True Grit"],"picked":"Reaper+1","floor":27.0},{"not_picked":["Warcry+1","Hemokinesis+1","Disarm"],"picked":"SKIP","floor":28.0},{"not_picked":["Rampage+1","Searing Blow+1"],"picked":"Flex+1","floor":29.0},{"not_picked":["Reckless Charge+1","Perfected Strike+1","Searing Blow+1"],"picked":"SKIP","floor":31.0},{"not_picked":["Perfected Strike+1","Bloodletting+1"],"picked":"Shrug It Off+1","floor":35.0},{"not_picked":["Sword Boomerang+1","Cleave+1"],"picked":"Heavy Blade+1","floor":38}],"player_experience":652877,"relics_obtained":[{"floor":9.0,"key":"Gremlin Horn"},{"floor":23.0,"key":"Blood Vial"},{"floor":25.0,"key":"Red Mask"},{"floor":26.0,"key":"Red Skull"}],"event_choices":[{"cards_removed":["Defend_R"],"damage_healed":0.0,"max_hp_gain":0.0,"max_hp_loss":0.0,"gold_gain":0.0,"event_name":"The Cleric","player_choice":"Card Removal","floor":2.0,"gold_loss":50.0,"damage_taken":0.0},{"damage_healed":0.0,"max_hp_gain":0.0,"max_hp_loss":0.0,"gold_gain":75.0,"event_name":"FaceTrader","player_choice":"Touch","floor":4.0,"gold_loss":0.0,"damage_taken":7.0},{"cards_removed":["Strike_R"],"damage_healed":0.0,"max_hp_gain":0.0,"max_hp_loss":0.0,"gold_gain":0.0,"event_name":"Purifier","player_choice":"Purged","floor":14.0,"gold_loss":0.0,"damage_taken":0.0},{"damage_healed":0.0,"max_hp_gain":0.0,"max_hp_loss":0.0,"gold_gain":0.0,"event_name":"Addict","player_choice":"Obtained Relic","floor":19.0,"gold_loss":85.0,"damage_taken":0.0,"relics_obtained":["Molten Egg 2"]},{"cards_removed":["Strike_R"],"damage_healed":0.0,"max_hp_gain":0.0,"max_hp_loss":0.0,"gold_gain":0.0,"event_name":"Beggar","player_choice":"Gave Gold","floor":21.0,"gold_loss":75.0,"damage_taken":0.0},{"damage_healed":0.0,"max_hp_gain":0.0,"max_hp_loss":0.0,"gold_gain":0.0,"event_name":"Masked Bandits","player_choice":"Fought Bandits","floor":25.0,"gold_loss":0.0,"damage_taken":0.0},{"damage_healed":0.0,"max_hp_gain":5.0,"max_hp_loss":0.0,"gold_gain":0.0,"event_name":"Forgotten Altar","player_choice":"Shed Blood","floor":30.0,"gold_loss":0.0,"damage_taken":18.0},{"damage_healed":0.0,"max_hp_gain":0.0,"max_hp_loss":0.0,"gold_gain":0.0,"event_name":"SensoryStone","player_choice":"Memory 1","floor":36.0,"gold_loss":0.0,"damage_taken":0.0},{"cards_removed":["Defend_R"],"damage_healed":0.0,"max_hp_gain":0.0,"max_hp_loss":0.0,"gold_gain":0.0,"event_name":"Bonfire Elementals","player_choice":"Offered Basic","floor":37.0,"gold_loss":0.0,"damage_taken":0.0}],"is_beta":false,"boss_relics":[{"not_picked":["Velvet Choker","Mark of Pain"],"picked":"Runic Pyramid"},{"not_picked":[]}],"items_purged_floors":[12],"is_endless":false,"potions_floor_spawned":[5,7,8,20,23,25,27],"killed_by":"Sphere and 2 Shapes","ascension_level":0}}