{"host":"am9dcwhv7hq2nlsk","time":1612004642,"event":{"mods":["ATMod(阿瑾Mod)","AchievementEnabler","Act Like it!","Ascension Reborn","Aspiration","BaseMod","BetterRewards","Conspire","Custom Start","Dota2Spire","Marisa（F雨　魔理沙）","Minty Spire (QoL Compilation)","Reimu（博丽灵梦）","Remilia（蕾米莉亚）","Replay The Spire","RumiaBox-露米娅的神秘盒子","Shop Mod","Spicy Shops","StSLib","TestMod","The Cursed","The Hierophant","UnlockEverythingMod","[IsaacMod]以撒尖塔","noobMod","【遗物卡牌】REMEMod","篝火指南"],"gold_per_floor":[112,112,124,124,137,137,167,167,167,192,192,212,224,224,250,80,80,158,158,176,189,239,251,266,295,307,317,317,352,352,371,406,356,356,456,456,494,494,494,253,288,307,307,341,411,428,462,477,504,518,518,518,518,518,518,518,452,477],"floor_reached":59,"language":"ZHS","playtime":4126,"items_purged":["Strike_G","Strike_G","Defend_G","Looming Evil","conspire:SpireCoStock"],"score":3070,"play_id":"c0fcca4e-807e-4360-b160-927364527718","local_time":"20210130190402","is_ascension_mode":true,"campfire_choices":[{"data":"testmod-BackupPower","floor":6.0,"key":"SMITH"},{"data":"Bouncing Flask","floor":17.0,"key":"SMITH"},{"data":"AT_FocusSwordFire","floor":30.0,"key":"SMITH"},{"data":"AT_WindRun","floor":34.0,"key":"SMITH"},{"data":"REME_ShadowForm","floor":43.0,"key":"SMITH"},{"floor":51.0,"key":"RECALL"},{"data":"Catalyst","floor":55,"key":"SMITH"}],"circlet_count":0,"master_deck":["AscendersBane","Strike_G","Strike_G","Defend_G","Defend_G","Defend_G","Survivor","Neutralize","testmod-BackupPower+1","AT_WindRun+1","AT_EssenceShift","Poisoned Stab","Acrobatics","AT_WindFlip","Night Terror","Bouncing Flask+1","Doppelganger","Blur","AT_FocusSwordFire+1","Backflip+1","Prepared","Replay:Bag of Tricks","Concentrate+1","REME_ShadowForm+1","Catalyst+1","AT_KneejerkReflex+1","AT_ArcaneSupremacy","ReplayTheSpireMod:Speed Training","REME_GreenPollution+1","Escape Plan+1","Parasite"],"relics":["Ring of the Snake","testmod-TestBox","HushsDoor","REME_ComplimentaryCards","AT_ATBox","ice","DeathBook","testmod-Prudence","Dota2Spire:Mjollnir","Dota2Spire:MaskOfMadness","Toy Ornithopter","aspiration:Nostalgia","ScarletHat","Dota2Spire:Butterfly","Chemical X","GuppysPaw","Tingsha","Replay:Mystery Machine","MerchantsRug","SatanicBible","aspiration:VileToxins","Prayer Wheel","Omamori","Cursed Key","GuppysTail","aspiration:HummingbirdHeart","Smiling Mask","AT_SunfireAegis","MagicDraw1","BloodDonationMachine","ReplayTheSpireMod:TigerMarble","Black Star","BelialBook","WarpedTongs","Membership Card","SteamSale","Kunai","REME_PuzzleBoxRelic","Juzu Bracelet","testmod-Justice","Dota2Spire:BladeMail","testmod-IndustrialRevolution","aspiration:SneckoTail","Dota2Spire:DrumOfEndurance","Dota2Spire:CrimsonGuard","Dota2Spire:UrnOfShadows","MealTicket","AT_BellDemon","testmod-TurbochargingSystem","conspire:TreasureMap","Blood Vial","Bag of Marbles","Question Card","Orichalcum","UnicornStump","REME_HourglassOfDeath","AT_EbonyIvory","ReplayTheSpireMod:ShopPack","HornCleat","aspiration:AnachronicSnailShell","ForgetMeNow","Dota2Spire:BlackKingBar","Orrery","Dota2Spire:Satanic","Bag of Preparation","AT_MibuBalloonWealth"],"acts_visited":["Exordium","TheCity","TheBeyond","TheEnding"],"potions_floor_usage":[53],"damage_taken":[{"damage":0.0,"enemies":"2 Louse","floor":1.0,"turns":3.0},{"damage":0.0,"enemies":"Jaw Worm","floor":3.0,"turns":4.0},{"damage":0.0,"enemies":"Small Slimes","floor":5.0,"turns":2.0},{"damage":3.0,"enemies":"Lagavulin","floor":7.0,"turns":7.0},{"damage":4.0,"enemies":"3 Sentries","floor":10.0,"turns":2.0},{"damage":0.0,"enemies":"Gremlin Gang","floor":12.0,"turns":1.0},{"damage":0.0,"enemies":"Exordium Thugs","floor":13.0,"turns":3.0},{"damage":0.0,"enemies":"Gremlin Nob","floor":15.0,"turns":3.0},{"damage":1.0,"enemies":"The Guardian","floor":18.0,"turns":7.0},{"damage":0.0,"enemies":"Shell Parasite","floor":20.0,"turns":3.0},{"damage":0.0,"enemies":"3 Byrds","floor":21.0,"turns":2.0},{"damage":0.0,"enemies":"Hiden Room Battle","floor":22.0,"turns":1.0},{"damage":0.0,"enemies":"Shelled Parasite and Fungi","floor":23.0,"turns":6.0},{"damage":0.0,"enemies":"Centurion and Healer","floor":24.0,"turns":5.0},{"damage":0.0,"enemies":"conspire:Head Lice","floor":25.0,"turns":4.0},{"damage":0.0,"enemies":"Snake Plant","floor":26.0,"turns":3.0},{"damage":0.0,"enemies":"conspire:HollyBat","floor":27.0,"turns":3.0},{"damage":0.0,"enemies":"Book of Stabbing","floor":29.0,"turns":3.0},{"damage":0.0,"enemies":"Snecko","floor":31.0,"turns":2.0},{"damage":0.0,"enemies":"conspire:SneckoGhost","floor":32.0,"turns":3.0},{"damage":0.0,"enemies":"conspire:MysteriousRune","floor":35.0,"turns":2.0},{"damage":4.0,"enemies":"Orb Walker","floor":37.0,"turns":2.0},{"damage":0.0,"enemies":"conspire:MimicChest","floor":41.0,"turns":2.0},{"damage":10.0,"enemies":"Giant Head","floor":42.0,"turns":3.0},{"damage":0.0,"enemies":"Nemesis","floor":44.0,"turns":1.0},{"damage":0.0,"enemies":"R_Hoarder","floor":47.0,"turns":2.0},{"damage":0.0,"enemies":"3 Shapes","floor":48.0,"turns":1.0},{"damage":0.0,"enemies":"Nemesis","floor":49.0,"turns":3.0},{"damage":0.0,"enemies":"3 Darklings","floor":50.0,"turns":1.0},{"damage":16.0,"enemies":"Replay:Hell Engine","floor":52.0,"turns":5.0},{"damage":37,"enemies":"Time Eater","floor":53,"turns":7},{"damage":23,"enemies":"Shield and Spear","floor":57,"turns":4},{"damage":0,"enemies":"Delirium","floor":58,"turns":10}],"seed_played":"7291316364666131659","potions_obtained":[{"floor":5.0,"key":"EssenceOfSteel"},{"floor":15.0,"key":"Toxic Potion"},{"floor":18.0,"key":"Poison Potion"},{"floor":20.0,"key":"ColorlessPotion"},{"floor":26.0,"key":"Swift Potion"}],"is_trial":false,"path_per_floor":["M","?","M","?","M","R","E","PTL","PTL","E","T","M","M","?","E","$","R","B",null,"M","M","?","M","M","E","M","M","T","E","R","M","E","?","R","B",null,"M","?","?","$","?","E","R","E","T","$","E","M","E","M","R","B","B",null,"R","$","E","B",null],"character_chosen":"THE_SILENT","items_purchased":["Dota2Spire:MaskOfMadness","Toy Ornithopter","testmod-BackupPower","aspiration:Nostalgia","Chemical X","GuppysPaw","Tingsha","AT_WindRun","Replay:Mystery Machine","MerchantsRug","AttackPotion","Toxic Potion","Omamori","Bouncing Flask","GuppysTail","BelialBook","Catalyst","Membership Card","SteamSale","Kunai","AT_ArcaneSupremacy","REME_PuzzleBoxRelic","Juzu Bracelet","Dota2Spire:UrnOfShadows","MealTicket","AT_BellDemon","testmod-TurbochargingSystem","conspire:TreasureMap","testmod-SpacePotion","ColorlessPotion","DuplicationPotion","ReplayTheSpireMod:Speed Training","ReplayTheSpireMod:ShopPack","HornCleat","aspiration:AnachronicSnailShell","ForgetMeNow","Dota2Spire:BlackKingBar","Orrery"],"campfire_rested":0,"item_purchase_floors":[0,0,0,0,0,0,0,0,0,0,0,0,16,16,19,36,36,40,40,40,40,40,40,46,46,46,46,46,46,46,46,46,56,56,56,56,56,56],"current_hp_per_floor":[18,18,18,18,23,23,25,25,25,26,26,26,26,26,26,26,26,35,51,51,51,36,36,41,41,41,41,41,41,41,41,41,41,41,46,43,39,39,39,39,39,29,29,34,34,39,39,41,43,43,43,32,6,34,34,43,20,22],"gold":477,"neow_bonus":"","is_daily":false,"chose_seed":false,"campfire_upgraded":6,"win_rate":0.0,"timestamp":1612004642,"path_taken":["M","?","M","?","M","R","E","PTL","PTL","E","T","M","?","?","E","$","R","BOSS","M","M","?","M","M","E","M","M","T","E","R","?","E","?","R","BOSS","M","?","?","$","?","E","R","E","T","$","E","M","E","M","R","BOSS","BOSS","R","$","E","BOSS"],"items_purchased_type":["Relic","Relic","Card","Relic","Relic","Relic","Relic","Card","Relic","Relic","Potion","Potion","Relic","Card","Relic","Relic","Card","Relic","Relic","Relic","Card","Relic","Relic","Relic","Relic","Relic","Relic","Relic","Potion","Potion","Potion","Card","Relic","Relic","Relic","Relic","Relic","Relic"],"build_version":"2020-12-22","purchased_purges":5,"victory":true,"max_hp_per_floor":[66,66,66,66,66,66,66,66,66,66,66,66,66,66,66,66,66,66,56,56,56,56,56,56,56,56,56,56,56,56,56,56,56,56,56,43,43,43,43,43,43,43,43,43,43,43,43,43,43,43,43,43,43,43,43,43,43,43],"card_choices":[{"not_picked":["conspire:DoublingDagger","Dash","REME_GreenPollution"],"picked":"SKIP","floor":1.0},{"not_picked":["Leg Sweep","Quick Slash","Outmaneuver"],"picked":"SKIP","floor":3.0},{"not_picked":["Sucker Punch","Cloak And Dagger"],"picked":"Poisoned Stab","floor":5.0},{"not_picked":["Reflex","Endless Agony"],"picked":"Acrobatics","floor":7.0},{"not_picked":["Dodge and Roll","Distraction"],"picked":"AT_WindFlip","floor":10.0},{"not_picked":["Glass Knife","Concentrate","Slice"],"picked":"SKIP","floor":12.0},{"not_picked":["Outmaneuver","Poisoned Stab","Blade Dance"],"picked":"SKIP","floor":13.0},{"not_picked":["Well Laid Plans","Bomb"],"picked":"Night Terror","floor":15.0},{"not_picked":["REME_CopyPotion","Die Die Die"],"picked":"Doppelganger","floor":18.0},{"not_picked":["Flechettes","Quick Slash"],"picked":"Blur","floor":20.0},{"not_picked":["Caltrops","Dodge and Roll","Draining Mist+1"],"picked":"SKIP","floor":20.0},{"not_picked":["Masterful Stab","Sucker Punch","Bane"],"picked":"SKIP","floor":21.0},{"not_picked":["Toxin Wave","AT_WindFlip","conspire:PoisonWeapons"],"picked":"SKIP","floor":21.0},{"not_picked":["AT_WindFlip","conspire:DoublingDagger"],"picked":"AT_FocusSwordFire","floor":22.0},{"not_picked":["AT_WindFlip+1","Slice"],"picked":"Backflip+1","floor":23.0},{"not_picked":["Sucker Punch","AT_WindFlip","Deflect"],"picked":"SKIP","floor":23.0},{"not_picked":["Dodge and Roll","Dagger Throw"],"picked":"Prepared","floor":24.0},{"not_picked":["Blur","Slice","Calculated Gamble"],"picked":"SKIP","floor":24.0},{"not_picked":["Underhanded Strike","Grand Finale","AT_TinkerSharpsword"],"picked":"SKIP","floor":25.0},{"not_picked":["Replay:Poison Smokescreen","Blade Dance","AT_WindFlip"],"picked":"SKIP","floor":26.0},{"not_picked":["Accuracy","Acrobatics","Bane"],"picked":"SKIP","floor":26.0},{"not_picked":["Dagger Spray","PiercingWail"],"picked":"Replay:Bag of Tricks","floor":27.0},{"not_picked":["Expertise","Acrobatics+1","Blade Dance"],"picked":"SKIP","floor":27.0},{"not_picked":["Leg Sweep+1","PiercingWail","Blade Dance"],"picked":"SKIP","floor":29.0},{"not_picked":["Backflip","Prepared"],"picked":"Concentrate+1","floor":31.0},{"not_picked":["Sucker Punch","All Out Attack","AT_TinkerSharpsword"],"picked":"SKIP","floor":31.0},{"not_picked":["Deadly Poison","Venomology","Bane"],"picked":"SKIP","floor":32.0},{"not_picked":["Unload","Venomology"],"picked":"REME_ShadowForm","floor":35.0},{"not_picked":["Endless Agony+1","Outmaneuver"],"picked":"AT_KneejerkReflex+1","floor":37.0},{"not_picked":["Blade Dance+1","PiercingWail","Deflect+1"],"picked":"SKIP","floor":37.0},{"not_picked":["Dagger Spray+1","Quick Slash+1","Choke"],"picked":"SKIP","floor":42.0},{"not_picked":["Dagger Throw","Underhanded Strike","Quick Slash+1"],"picked":"SKIP","floor":44.0},{"not_picked":["Hidden Blade","Slice","Flying Knee"],"picked":"SKIP","floor":47.0},{"not_picked":["AT_TwilightShroud","AT_WindFlip"],"picked":"REME_GreenPollution+1","floor":48.0},{"not_picked":["Venomology","Hidden Blade+1","All Out Attack"],"picked":"SKIP","floor":48.0},{"not_picked":["AT_WindFlip","Dagger Throw+1","Deflect","Night Terror"],"picked":"SKIP","floor":49.0},{"not_picked":["Expertise","Deadly Poison","Dagger Spray+1","Prepared"],"picked":"SKIP","floor":50.0},{"not_picked":["Prepared+1","Dodge and Roll","Outmaneuver+1","ReplayTheSpireMod:From All Sides"],"picked":"SKIP","floor":50.0},{"not_picked":["Deflect","Draining Mist","Bouncing Flask"],"picked":"Escape Plan+1","floor":56},{"not_picked":["Sneak Up","REME_ShadowStrike+1","Expertise+1","Bane+1"],"picked":"SKIP","floor":57}],"player_experience":520078,"relics_obtained":[{"floor":7.0,"key":"SatanicBible"},{"floor":10.0,"key":"aspiration:VileToxins"},{"floor":15.0,"key":"Prayer Wheel"},{"floor":22.0,"key":"aspiration:HummingbirdHeart"},{"floor":22.0,"key":"Smiling Mask"},{"floor":25.0,"key":"AT_SunfireAegis"},{"floor":28.0,"key":"MagicDraw1"},{"floor":29.0,"key":"BloodDonationMachine"},{"floor":32.0,"key":"ReplayTheSpireMod:TigerMarble"},{"floor":41.0,"key":"testmod-Justice"},{"floor":42.0,"key":"Dota2Spire:BladeMail"},{"floor":42.0,"key":"testmod-IndustrialRevolution"},{"floor":44.0,"key":"aspiration:SneckoTail"},{"floor":44.0,"key":"Dota2Spire:DrumOfEndurance"},{"floor":45.0,"key":"Dota2Spire:CrimsonGuard"},{"floor":47.0,"key":"Blood Vial"},{"floor":47.0,"key":"Bag of Marbles"},{"floor":48.0,"key":"Question Card"},{"floor":49.0,"key":"Orichalcum"},{"floor":49.0,"key":"UnicornStump"},{"floor":49.0,"key":"REME_HourglassOfDeath"},{"floor":50.0,"key":"AT_EbonyIvory"},{"floor":57,"key":"Dota2Spire:Satanic"},{"floor":57,"key":"Bag of Preparation"},{"floor":57,"key":"AT_MibuBalloonWealth"}],"event_choices":[{"cards_removed":["Defend_G"],"damage_healed":0.0,"max_hp_gain":0.0,"max_hp_loss":0.0,"gold_gain":0.0,"event_name":"Purifier","player_choice":"Purged","floor":2.0,"gold_loss":0.0,"damage_taken":0.0},{"damage_healed":0.0,"max_hp_gain":0.0,"max_hp_loss":0.0,"gold_gain":0.0,"event_name":"给自己的盒子","player_choice":"Ignored","floor":14.0,"gold_loss":0.0,"damage_taken":0.0},{"damage_healed":0.0,"max_hp_gain":0.0,"max_hp_loss":0.0,"gold_gain":0.0,"event_name":"HidenRoomEvent","player_choice":"Fight","floor":22.0,"gold_loss":0.0,"damage_taken":0.0},{"damage_healed":0.0,"max_hp_gain":0.0,"max_hp_loss":0.0,"gold_gain":0.0,"event_name":"conspire:Investor","player_choice":"Invest 1","floor":33.0,"gold_loss":0.0,"damage_taken":0.0},{"damage_healed":0.0,"max_hp_gain":0.0,"max_hp_loss":0.0,"gold_gain":0.0,"event_name":"Accursed Blacksmith","player_choice":"Rummage","floor":38.0,"gold_loss":0.0,"damage_taken":0.0,"relics_obtained":["WarpedTongs"],"cards_obtained":["Pain"]},{"cards_removed":["Strike_G"],"damage_healed":0.0,"max_hp_gain":0.0,"max_hp_loss":0.0,"gold_gain":0.0,"event_name":"Purifier","player_choice":"Purged","floor":39.0,"gold_loss":0.0,"damage_taken":0.0}],"is_beta":false,"boss_relics":[{"not_picked":["testmod-NegativeEmotionEnhancer","Replay:Wanted Poster"],"picked":"Cursed Key"},{"not_picked":[]},{"not_picked":["aspiration:MarisaSkillbook","Replay:Ancient Bell"],"picked":"Black Star"},{"not_picked":[]}],"items_purged_floors":[0,0,40,46,56],"is_endless":false,"potions_floor_spawned":[1,5,7,15,18,20,22,26,27,37,42,44,48],"ascension_level":20}}