{"host":"dlqyscxstsnu98l1","time":1612030002,"event":{"mods":["AchievementEnabler","BaseMod","Bestiary","Colored Map","Colored Powertips","Conspire","Downfall","GifTheSpireLib","Highlight Path","Minty Spire (QoL Compilation)","Random Character Button","Replay The Spire","SacredBarkPlus","StSLib","everything is the same but u backflip on backflip"],"gold_per_floor":[111,121,141,161,161,194,194,227,227,197,197,197,207,221,221,221,221],"floor_reached":16,"language":"ENG","playtime":2437,"items_purged":[],"score":148,"play_id":"dd3531b4-30c2-4c56-8535-aa6a4146e89b","local_time":"20210130120642","is_ascension_mode":true,"campfire_choices":[{"data":"Abandon","floor":7,"key":"SMITH"},{"floor":12,"key":"REST"},{"data":"True Grit","floor":15,"key":"SMITH"}],"circlet_count":0,"master_deck":["conspire:GhostlyStrike","conspire:GhostlyStrike","conspire:GhostlyStrike","conspire:GhostlyDefend","conspire:GhostlyDefend","conspire:GhostlyDefend","conspire:GhostlyDefend","Bash","Power Through","Defy Death","True Grit+1","Body Slam","Abandon+1","Run Through","Entrench","ReplayTheSpireMod:Strike From Hell","Burning Pact"],"relics":["Burning Blood","Replay:Baseball","conspire:Flyswatter","Molten Egg 2"],"acts_visited":["Exordium"],"potions_floor_usage":[6,8,16],"damage_taken":[{"damage":6,"enemies":"Cultist","floor":1,"turns":3},{"damage":0,"enemies":"Jaw Worm","floor":2,"turns":5},{"damage":0,"enemies":"conspire:RoseBush","floor":3,"turns":3},{"damage":0,"enemies":"Large Slime","floor":4,"turns":7},{"damage":36,"enemies":"Lagavulin","floor":6,"turns":11},{"damage":31,"enemies":"3 Sentries","floor":8,"turns":11},{"damage":1,"enemies":"Looter","floor":10,"turns":4},{"damage":5,"enemies":"conspire:2 RoseBushes","floor":13,"turns":7},{"damage":5,"enemies":"3 Louse","floor":14,"turns":6},{"damage":38,"enemies":"Slime Boss","floor":16,"turns":10}],"seed_played":"6174017735714713441","potions_obtained":[{"floor":1,"key":"PowerPotion"},{"floor":6,"key":"SteroidPotion"},{"floor":14,"key":"Strength Potion"}],"is_trial":false,"path_per_floor":["M","M","M","M","?","E","R","E","T","M","?","R","M","M","R","B"],"character_chosen":"IRONCLAD","items_purchased":[],"campfire_rested":1,"item_purchase_floors":[],"current_hp_per_floor":[72,72,72,72,65,35,35,10,10,15,15,36,37,38,38,0,0],"gold":221,"neow_bonus":"TRANSFORM_TWO_CARDS","is_daily":false,"chose_seed":false,"campfire_upgraded":2,"win_rate":0.0,"timestamp":1612030002,"path_taken":["M","M","?","M","?","E","R","E","T","?","?","R","M","M","R","BOSS"],"items_purchased_type":[],"build_version":"2020-12-22","purchased_purges":0,"victory":false,"max_hp_per_floor":[72,72,72,72,72,72,72,72,72,72,72,72,72,72,72,72,72],"card_choices":[{"not_picked":["Whirlwind","Heavy Blade"],"picked":"True Grit","floor":1},{"not_picked":["Second Wind","True Grit"],"picked":"Body Slam","floor":2},{"not_picked":["Iron Wave","Anger"],"picked":"Abandon","floor":3},{"not_picked":["Berserk","Havoc"],"picked":"Run Through","floor":4},{"not_picked":["Run Through","Bludgeon"],"picked":"Entrench","floor":6},{"not_picked":["Warcry","Iron Wave"],"picked":"ReplayTheSpireMod:Strike From Hell","floor":8},{"not_picked":["ReplayTheSpireMod:Muscle Training","Warcry","Sword Boomerang+1"],"picked":"SKIP","floor":10},{"not_picked":["Iron Wave+1","Reckless Charge+1","Warcry"],"picked":"SKIP","floor":13},{"not_picked":["Replay:Undeath\u0027s Touch+1","Havoc"],"picked":"Burning Pact","floor":14}],"player_experience":133037,"relics_obtained":[{"floor":6,"key":"Replay:Baseball"},{"floor":8,"key":"conspire:Flyswatter"},{"floor":9,"key":"Molten Egg 2"}],"event_choices":[{"damage_healed":0,"gold_gain":0,"player_choice":"Damaged","damage_taken":7,"max_hp_gain":0,"max_hp_loss":0,"event_name":"Wheel of Change","floor":5,"gold_loss":0},{"damage_healed":0,"gold_gain":0,"player_choice":"Agree","damage_taken":0,"max_hp_gain":0,"max_hp_loss":0,"event_name":"conspire:LoneGhost","floor":11,"gold_loss":0}],"is_beta":false,"boss_relics":[],"items_purged_floors":[],"is_endless":false,"potions_floor_spawned":[1,6,13,14],"killed_by":"Slime Boss","ascension_level":2}}