{"host":"r53pw7z744tg3fxg","time":1612031238,"event":{"mods":["AchievementEnabler","BaseMod","Colored Map","Colored Powertips","Highlight Path","Minty Spire (QoL Compilation)","Quick Restart","Transform Curses"],"gold_per_floor":[110,35,49,65,65,65,76,76,76,76,92,92,112,140,140,215,215,234,248,248,248,248,282,282,282,282,309,319,319,352,372,372,445,445,456,470,35,382,398,398,428,441,441,476,486,486,511,26,26,26],"floor_reached":51,"language":"ENG","playtime":2149,"items_purged":[],"score":1423,"play_id":"6468492e-f8d4-4fb2-a10a-b062dcdc04f5","local_time":"20210130112718","is_ascension_mode":true,"campfire_choices":[{"data":"Eruption","floor":6.0,"key":"SMITH"},{"data":"BowlingBash","floor":8.0,"key":"SMITH"},{"data":"DeceiveReality","floor":10.0,"key":"SMITH"},{"data":"Conclude","floor":12.0,"key":"SMITH"},{"floor":15.0,"key":"REST"},{"floor":24.0,"key":"REST"},{"floor":29.0,"key":"REST"},{"floor":32.0,"key":"REST"},{"data":"DevaForm","floor":40.0,"key":"SMITH"},{"floor":46.0,"key":"REST"},{"data":"1","floor":49.0,"key":"LIFT"}],"circlet_count":0,"master_deck":["AscendersBane","Defend_P","Defend_P","Defend_P","Defend_P","Eruption+1","Vigilance","DeceiveReality+1","WheelKick","BowlingBash+1","CutThroughFate","PathToVictory","Conclude+1","Tantrum","DevaForm+1","Evaluate","Prostrate","Bite","Bite","Bite","Bite","Bite","ReachHeaven","Swivel","ThirdEye","Establishment","EmptyBody","FollowUp","Ragnarok","WindmillStrike","Worship","TalkToTheHand","Dramatic Entrance","Chrysalis"],"relics":["HolyWater","Letter Opener","Ginger","Busted Crown","Akabeko","FossilizedHelix","Kunai","Mercury Hourglass","Shuriken","Meat on the Bone","HandDrill","HornCleat","Old Coin","Bronze Scales","The Courier","CeramicFish","Girya","Anchor"],"acts_visited":["Exordium","TheCity","TheBeyond"],"potions_floor_usage":[50],"damage_taken":[{"damage":7.0,"enemies":"Jaw Worm","floor":1.0,"turns":4.0},{"damage":0.0,"enemies":"Cultist","floor":3.0,"turns":4.0},{"damage":0.0,"enemies":"Small Slimes","floor":4.0,"turns":2.0},{"damage":0.0,"enemies":"Exordium Wildlife","floor":7.0,"turns":3.0},{"damage":5.0,"enemies":"Looter","floor":11.0,"turns":4.0},{"damage":0.0,"enemies":"2 Fungi Beasts","floor":13.0,"turns":2.0},{"damage":40.0,"enemies":"Lagavulin","floor":14.0,"turns":4.0},{"damage":40.0,"enemies":"The Guardian","floor":16.0,"turns":11.0},{"damage":22.0,"enemies":"Shell Parasite","floor":18.0,"turns":5.0},{"damage":7.0,"enemies":"Chosen","floor":19.0,"turns":5.0},{"damage":19.0,"enemies":"Slavers","floor":23.0,"turns":4.0},{"damage":21.0,"enemies":"Book of Stabbing","floor":27.0,"turns":7.0},{"damage":0.0,"enemies":"3 Cultists","floor":28.0,"turns":3.0},{"damage":35.0,"enemies":"Gremlin Leader","floor":30.0,"turns":4.0},{"damage":0.0,"enemies":"Shelled Parasite and Fungi","floor":31.0,"turns":2.0},{"damage":23.0,"enemies":"Collector","floor":33.0,"turns":7.0},{"damage":0.0,"enemies":"Orb Walker","floor":35.0,"turns":3.0},{"damage":0.0,"enemies":"3 Shapes","floor":36.0,"turns":4.0},{"damage":3.0,"enemies":"2 Orb Walkers","floor":38.0,"turns":4.0},{"damage":0.0,"enemies":"Transient","floor":39.0,"turns":6.0},{"damage":46.0,"enemies":"Reptomancer","floor":41.0,"turns":8.0},{"damage":27.0,"enemies":"Jaw Worm Horde","floor":42.0,"turns":3.0},{"damage":40.0,"enemies":"Nemesis","floor":44.0,"turns":7.0},{"damage":0.0,"enemies":"3 Darklings","floor":45.0,"turns":3.0},{"damage":0.0,"enemies":"Mind Bloom Boss Battle","floor":47.0,"turns":5.0},{"damage":61,"enemies":"Time Eater","floor":50,"turns":11}],"seed_played":"-8930072659468964927","potions_obtained":[{"floor":13.0,"key":"FairyPotion"},{"floor":14.0,"key":"SteroidPotion"},{"floor":16.0,"key":"BlessingOfTheForge"},{"floor":18.0,"key":"Swift Potion"},{"floor":23.0,"key":"Dexterity Potion"},{"floor":27.0,"key":"Regen Potion"},{"floor":36.0,"key":"Explosive Potion"},{"floor":41.0,"key":"SkillPotion"},{"floor":42.0,"key":"ColorlessPotion"},{"floor":44.0,"key":"BlessingOfTheForge"},{"floor":45.0,"key":"Fire Potion"}],"is_trial":false,"path_per_floor":["M","$","M","M","?","R","M","R","T","R","M","R","M","E","R","B",null,"M","M","?","T","?","E","R","?","T","E","M","R","E","M","R","B",null,"M","M","$","?","M","R","E","M","T","E","M","R","?","$","R","B",null],"character_chosen":"WATCHER","items_purchased":["WheelKick","HandDrill","HornCleat","Anchor","WindmillStrike","Worship","TalkToTheHand","Dramatic Entrance","Chrysalis"],"campfire_rested":5,"item_purchase_floors":[2,37,37,48,48,48,48,48,48],"current_hp_per_floor":[56,56,58,60,60,60,62,62,62,62,59,59,61,23,43,5,52,32,27,27,27,27,18,38,38,38,29,42,62,31,45,65,54,65,67,68,68,68,68,68,44,31,31,17,37,57,63,63,63,26],"gold":26,"neow_bonus":"RANDOM_COMMON_RELIC","is_daily":false,"chose_seed":false,"campfire_upgraded":5,"win_rate":0.0,"timestamp":1612031238,"path_taken":["M","$","M","M","?","R","?","R","T","R","M","R","M","E","R","BOSS","M","?","?","?","?","E","R","?","T","E","M","R","E","?","R","BOSS","M","M","$","?","M","R","E","M","T","E","M","R","?","$","R","BOSS"],"items_purchased_type":["Card","Relic","Relic","Relic","Card","Card","Card","Card","Card"],"build_version":"2020-12-22","purchased_purges":0,"victory":true,"max_hp_per_floor":[68,68,68,68,68,68,68,68,68,68,68,68,68,68,68,68,68,68,68,68,68,68,68,68,68,68,68,68,68,68,68,68,68,68,68,68,68,68,68,68,68,68,68,68,68,68,68,68,68,68],"card_choices":[{"not_picked":["Halt","Weave"],"picked":"DeceiveReality","floor":1.0},{"not_picked":["FlurryOfBlows","ClearTheMind"],"picked":"BowlingBash","floor":3.0},{"not_picked":["Halt","Evaluate"],"picked":"CutThroughFate","floor":4.0},{"not_picked":["ConjureBlade","CrushJoints"],"picked":"PathToVictory","floor":7.0},{"not_picked":["InnerPeace","DeceiveReality"],"picked":"Conclude","floor":11.0},{"not_picked":["CutThroughFate","DeceiveReality","Protect"],"picked":"SKIP","floor":13.0},{"not_picked":["PathToVictory","CrushJoints"],"picked":"Tantrum","floor":14.0},{"not_picked":["DeusExMachina","Wish"],"picked":"DevaForm","floor":16.0},{"not_picked":[],"picked":"Evaluate","floor":18.0},{"not_picked":[],"picked":"Prostrate","floor":19.0},{"not_picked":["Vengeance"],"picked":"SKIP","floor":23.0},{"not_picked":["Evaluate"],"picked":"SKIP","floor":27.0},{"not_picked":[],"picked":"ReachHeaven","floor":28.0},{"not_picked":[],"picked":"Swivel","floor":30.0},{"not_picked":[],"picked":"ThirdEye","floor":31.0},{"not_picked":[],"picked":"Establishment","floor":33.0},{"not_picked":["Collect"],"picked":"SKIP","floor":35.0},{"not_picked":["CutThroughFate"],"picked":"SKIP","floor":36.0},{"not_picked":[],"picked":"EmptyBody","floor":38.0},{"not_picked":[],"picked":"FollowUp","floor":39.0},{"not_picked":[],"picked":"Ragnarok","floor":41.0},{"not_picked":["Crescendo"],"picked":"SKIP","floor":42.0},{"not_picked":["EmptyFist"],"picked":"SKIP","floor":44.0},{"not_picked":["EmptyFist"],"picked":"SKIP","floor":45.0}],"player_experience":1391445,"relics_obtained":[{"floor":9.0,"key":"Letter Opener"},{"floor":14.0,"key":"Ginger"},{"floor":21.0,"key":"Akabeko"},{"floor":23.0,"key":"Kunai"},{"floor":26.0,"key":"Mercury Hourglass"},{"floor":27.0,"key":"Shuriken"},{"floor":30.0,"key":"Meat on the Bone"},{"floor":38.0,"key":"Old Coin"},{"floor":41.0,"key":"Bronze Scales"},{"floor":43.0,"key":"The Courier"},{"floor":44.0,"key":"CeramicFish"},{"floor":47.0,"key":"Girya"}],"event_choices":[{"damage_healed":0.0,"max_hp_gain":0.0,"max_hp_loss":0.0,"gold_gain":0.0,"event_name":"Purifier","player_choice":"Ignored","floor":5.0,"gold_loss":0.0,"damage_taken":0.0},{"damage_healed":0.0,"max_hp_gain":0.0,"max_hp_loss":0.0,"gold_gain":0.0,"event_name":"Vampires","player_choice":"Became a vampire (Vial)","floor":20.0,"relics_lost":["Blood Vial"],"gold_loss":0.0,"damage_taken":0.0,"cards_obtained":["Bite","Bite","Bite","Bite","Bite"]},{"damage_healed":0.0,"max_hp_gain":0.0,"max_hp_loss":0.0,"gold_gain":0.0,"event_name":"The Mausoleum","player_choice":"Opened","floor":22.0,"gold_loss":0.0,"damage_taken":0.0,"relics_obtained":["FossilizedHelix"],"cards_obtained":["Writhe"]},{"cards_removed":["Writhe"],"damage_healed":0.0,"max_hp_gain":0.0,"max_hp_loss":0.0,"gold_gain":0.0,"event_name":"Fountain of Cleansing","player_choice":"Removed Curses","floor":25.0,"gold_loss":0.0,"damage_taken":0.0},{"damage_healed":0.0,"max_hp_gain":0.0,"max_hp_loss":0.0,"gold_gain":0.0,"event_name":"Mysterious Sphere","player_choice":"Fight","floor":38.0,"gold_loss":0.0,"damage_taken":0.0},{"damage_healed":0.0,"max_hp_gain":0.0,"max_hp_loss":0.0,"gold_gain":0.0,"event_name":"MindBloom","player_choice":"Fight","floor":47.0,"gold_loss":0.0,"damage_taken":0.0}],"is_beta":false,"boss_relics":[{"not_picked":["Empty Cage","Black Star"],"picked":"Busted Crown"},{"not_picked":["Philosopher\u0027s Stone","Sozu"],"picked":"HolyWater"}],"items_purged_floors":[],"is_endless":false,"potions_floor_spawned":[13,14,16,18,23,27,36,41,42,44,45],"ascension_level":17}}