{"host":"640uue19m79c7wbt","time":1612043186,"event":{"mods":["BaseMod","Colored Map","Googly Eyes","Highlight Path","Minty Spire (QoL Compilation)","Quick Restart","StSLib"],"gold_per_floor":[114,130,55,55,20,20,53,53,53,82,92,242,271,289,289,362,362,378,428,442,456,24,24,49,67,146,173,173,185,185,1,1,76,126,144,144,144,158,1,28,28,28,28,55,55,55,74,94,94,94,94],"floor_reached":50,"language":"ENG","playtime":2343,"items_purged":["Strike_G","Doubt"],"score":1167,"play_id":"f3ea26e8-a4e9-42a6-882a-b0852933d35b","local_time":"20210130164626","is_ascension_mode":true,"campfire_choices":[{"data":"Catalyst","floor":6.0,"key":"SMITH"},{"data":"Bouncing Flask","floor":8.0,"key":"SMITH"},{"floor":15.0,"key":"REST"},{"floor":23.0,"key":"REST"},{"floor":28.0,"key":"REST"},{"floor":32.0,"key":"REST"},{"floor":41.0,"key":"REST"},{"floor":42.0,"key":"REST"},{"data":"Adrenaline","floor":45.0,"key":"SMITH"},{"data":"Footwork","floor":46.0,"key":"SMITH"},{"data":"Catalyst","floor":49.0,"key":"SMITH"}],"circlet_count":0,"master_deck":["AscendersBane","Strike_G+1","Strike_G+1","Strike_G","Defend_G","Defend_G","Defend_G","Defend_G+1","Defend_G","Survivor","Neutralize+1","Catalyst+1","Cloak And Dagger","Bouncing Flask+1","Escape Plan","Bouncing Flask","PiercingWail+1","Adrenaline+1","Eviscerate+1","Accuracy+1","Well Laid Plans","Leg Sweep","Footwork+1","Blade Dance+1","Infinite Blades","Infinite Blades","Corpse Explosion","Endless Agony+1","Blade Dance","After Image","Poisoned Stab+1","Reflex+1","Parasite","Catalyst+1"],"relics":["Ring of the Snake","NeowsBlessing","Lizard Tail","Bag of Preparation","Gambling Chip","InkBottle","Black Star","Blood Vial","TwistedFunnel","Ginger","Whetstone","Mummified Hand","Molten Egg 2","Bottled Tornado","WingedGreaves","Tiny House","War Paint","Boot","Potion Belt","Mercury Hourglass","Tingsha","Snake Skull"],"acts_visited":["Exordium","TheCity","TheBeyond"],"potions_floor_usage":[50],"damage_taken":[{"damage":0.0,"enemies":"Small Slimes","floor":1.0,"turns":1.0},{"damage":0.0,"enemies":"2 Louse","floor":2.0,"turns":1.0},{"damage":0.0,"enemies":"Gremlin Nob","floor":7.0,"turns":1.0},{"damage":12.0,"enemies":"Lagavulin","floor":10.0,"turns":5.0},{"damage":1.0,"enemies":"Jaw Worm","floor":11.0,"turns":3.0},{"damage":0.0,"enemies":"Gremlin Nob","floor":13.0,"turns":2.0},{"damage":17.0,"enemies":"Lots of Slimes","floor":14.0,"turns":6.0},{"damage":6.0,"enemies":"The Guardian","floor":16.0,"turns":5.0},{"damage":0.0,"enemies":"Spheric Guardian","floor":18.0,"turns":1.0},{"damage":0.0,"enemies":"Shell Parasite","floor":20.0,"turns":4.0},{"damage":52.0,"enemies":"3 Cultists","floor":21.0,"turns":5.0},{"damage":22.0,"enemies":"Gremlin Leader","floor":24.0,"turns":7.0},{"damage":10.0,"enemies":"Centurion and Healer","floor":25.0,"turns":8.0},{"damage":30.0,"enemies":"Slavers","floor":27.0,"turns":8.0},{"damage":0.0,"enemies":"Snake Plant","floor":29.0,"turns":2.0},{"damage":26.0,"enemies":"Automaton","floor":33.0,"turns":11.0},{"damage":4.0,"enemies":"Orb Walker","floor":35.0,"turns":2.0},{"damage":7.0,"enemies":"3 Darklings","floor":38.0,"turns":2.0},{"damage":39.0,"enemies":"Nemesis","floor":40.0,"turns":7.0},{"damage":9.0,"enemies":"Reptomancer","floor":44.0,"turns":4.0},{"damage":13.0,"enemies":"Spire Growth","floor":47.0,"turns":3.0},{"damage":0.0,"enemies":"Writhing Mass","floor":48.0,"turns":3.0},{"damage":49,"enemies":"Awakened One","floor":50,"turns":6}],"seed_played":"3674762775939706199","potions_obtained":[{"floor":1.0,"key":"Regen Potion"},{"floor":2.0,"key":"Dexterity Potion"},{"floor":14.0,"key":"GamblersBrew"},{"floor":16.0,"key":"DuplicationPotion"},{"floor":24.0,"key":"LiquidBronze"},{"floor":27.0,"key":"SkillPotion"},{"floor":29.0,"key":"Fire Potion"},{"floor":33.0,"key":"Weak Potion"},{"floor":34.0,"key":"Strength Potion"},{"floor":40.0,"key":"LiquidBronze"},{"floor":47.0,"key":"SmokeBomb"},{"floor":48.0,"key":"SkillPotion"}],"is_trial":false,"path_per_floor":["M","M","$","?","?","R","E","R","T","E","M","?","E","M","R","B",null,"M","?","M","M","$","R","E","M","T","E","R","M","T","$","R","B",null,"M","?","?","M","$","E","R","R","T","E","R","R","M","M","R","B"],"character_chosen":"THE_SILENT","items_purchased":["Blood Vial","TwistedFunnel","Leg Sweep","Infinite Blades","War Paint"],"campfire_rested":6,"item_purchase_floors":[22,22,22,31,39],"current_hp_per_floor":[59,59,59,39,55,55,55,55,55,55,54,54,54,37,56,50,62,62,56,56,4,4,23,3,33,33,5,24,26,26,26,45,21,60,58,58,58,53,53,16,37,58,58,51,51,51,40,42,42,0,0],"gold":94,"neow_bonus":"THREE_ENEMY_KILL","is_daily":false,"chose_seed":false,"campfire_upgraded":5,"win_rate":0.0,"timestamp":1612043186,"path_taken":["M","M","$","?","?","R","E","R","T","E","M","?","E","M","R","BOSS","M","?","M","M","$","R","E","?","T","E","R","M","?","$","R","BOSS","M","?","?","M","$","E","R","R","T","E","R","R","M","M","R","BOSS"],"items_purchased_type":["Relic","Relic","Card","Card","Relic"],"build_version":"2020-12-22","purchased_purges":2,"victory":false,"max_hp_per_floor":[66,66,66,66,66,66,66,66,66,66,66,66,66,66,66,66,66,66,66,66,66,66,66,66,66,66,66,66,66,66,66,66,66,71,71,71,71,71,71,71,71,71,71,71,71,71,71,71,71,71,71],"card_choices":[{"not_picked":["Acrobatics","Prepared"],"picked":"Catalyst","floor":1.0},{"not_picked":["Underhanded Strike","Setup"],"picked":"Cloak And Dagger","floor":2.0},{"not_picked":["Endless Agony","Dodge and Roll"],"picked":"Bouncing Flask","floor":7.0},{"not_picked":["Expertise","Distraction","Deadly Poison"],"picked":"SKIP","floor":10.0},{"not_picked":["Outmaneuver","Backflip"],"picked":"Escape Plan","floor":11.0},{"not_picked":["Terror","Deflect"],"picked":"Bouncing Flask","floor":13.0},{"not_picked":["Flechettes","Sucker Punch"],"picked":"PiercingWail","floor":14.0},{"not_picked":["A Thousand Cuts","Tools of the Trade"],"picked":"Adrenaline","floor":16.0},{"not_picked":["Endless Agony","Outmaneuver"],"picked":"Eviscerate+1","floor":18.0},{"not_picked":["Cloak And Dagger","Outmaneuver"],"picked":"Accuracy+1","floor":20.0},{"not_picked":["Infinite Blades","Underhanded Strike"],"picked":"Well Laid Plans","floor":21.0},{"not_picked":["Deflect","Deadly Poison"],"picked":"Footwork","floor":24.0},{"not_picked":["Dagger Spray","All Out Attack","Choke"],"picked":"SKIP","floor":25.0},{"not_picked":["Bouncing Flask","Deadly Poison"],"picked":"Blade Dance","floor":27.0},{"not_picked":["Choke+1","Dagger Spray+1"],"picked":"Infinite Blades","floor":29.0},{"not_picked":["Venomology","A Thousand Cuts"],"picked":"Corpse Explosion","floor":33.0},{"not_picked":["Deadly Poison","Dagger Spray+1"],"picked":"Endless Agony+1","floor":34.0},{"not_picked":["Deadly Poison","Heel Hook+1"],"picked":"Blade Dance","floor":35.0},{"not_picked":["Escape Plan","Flying Knee+1"],"picked":"After Image","floor":38.0},{"not_picked":["Expertise+1","Slice+1","Flying Knee+1"],"picked":"SKIP","floor":40.0},{"not_picked":["Backflip","Deadly Poison"],"picked":"Poisoned Stab+1","floor":44.0},{"not_picked":["Dodge and Roll","PiercingWail+1"],"picked":"Reflex+1","floor":47.0},{"not_picked":["PiercingWail","Backflip"],"picked":"Catalyst","floor":48.0}],"player_experience":644293,"relics_obtained":[{"floor":7.0,"key":"Lizard Tail"},{"floor":9.0,"key":"Bag of Preparation"},{"floor":10.0,"key":"Gambling Chip"},{"floor":13.0,"key":"InkBottle"},{"floor":24.0,"key":"Ginger"},{"floor":24.0,"key":"Whetstone"},{"floor":26.0,"key":"Mummified Hand"},{"floor":27.0,"key":"Molten Egg 2"},{"floor":27.0,"key":"Bottled Tornado"},{"floor":30.0,"key":"WingedGreaves"},{"floor":40.0,"key":"Boot"},{"floor":40.0,"key":"Potion Belt"},{"floor":43.0,"key":"Mercury Hourglass"},{"floor":44.0,"key":"Tingsha"},{"floor":44.0,"key":"Snake Skull"}],"event_choices":[{"damage_healed":0.0,"max_hp_gain":0.0,"max_hp_loss":0.0,"gold_gain":0.0,"event_name":"Shining Light","player_choice":"Entered Light","floor":4.0,"gold_loss":0.0,"damage_taken":20.0,"cards_upgraded":["Strike_G","Defend_G"]},{"damage_healed":16.0,"max_hp_gain":0.0,"max_hp_loss":0.0,"gold_gain":0.0,"event_name":"The Cleric","player_choice":"Healed","floor":5.0,"gold_loss":35.0,"damage_taken":0.0},{"damage_healed":0.0,"max_hp_gain":0.0,"max_hp_loss":0.0,"gold_gain":150.0,"event_name":"Liars Game","player_choice":"AGREE","floor":12.0,"gold_loss":0.0,"damage_taken":0.0,"cards_obtained":["Doubt"]},{"damage_healed":0.0,"max_hp_gain":0.0,"max_hp_loss":0.0,"gold_gain":50.0,"event_name":"FaceTrader","player_choice":"Touch","floor":19.0,"gold_loss":0.0,"damage_taken":6.0},{"damage_healed":0.0,"max_hp_gain":0.0,"max_hp_loss":0.0,"gold_gain":0.0,"event_name":"Tomb of Lord Red Mask","player_choice":"Ignored","floor":36.0,"gold_loss":0.0,"damage_taken":0.0},{"cards_removed":["Strike_G"],"damage_healed":0.0,"max_hp_gain":0.0,"max_hp_loss":0.0,"gold_gain":0.0,"event_name":"Falling","player_choice":"Removed Attack","floor":37.0,"gold_loss":0.0,"damage_taken":0.0}],"is_beta":false,"boss_relics":[{"not_picked":["Sozu","Velvet Choker"],"picked":"Black Star"},{"not_picked":["Snecko Eye","Coffee Dripper"],"picked":"Tiny House"}],"items_purged_floors":[3,31],"is_endless":false,"potions_floor_spawned":[1,2,14,16,24,27,29,33,40,47,48],"killed_by":"Awakened One","ascension_level":17}}