{"host":"v0mw6c8s9jqyt2m0","time":1612048173,"event":{"mods":["Astrologer","BaseMod","Hermit","Marisa????????","Minty Spire (QoL Compilation)","StSLib","The Bug Knight","The Cursed","The Disciple","The Gatherer","The Hierophant","The Mystic","The Necromancer","The Servant 0.9.4","TheBandit"],"gold_per_floor":[109,127,145,163,177,210,210,222,222,241,259,11,11,46,46,146,146,164,64,74,74,74,74,74,404,404,417,417,449,449,463,463,565,565,585,127,145,445,455,485,485,485,512,512,557,573,523,540,540,540,540,540,158,184,184],"floor_reached":56,"language":"ENG","playtime":4853,"items_purged":["HollowMod:FocusHealStart","HollowMod:QuickDashStart","Shame","Writhe","Injury"],"score":1354,"play_id":"65c10247-3c01-4601-b3e6-805adfdcc874","local_time":"20210131000933","is_ascension_mode":false,"campfire_choices":[{"data":"Blind","floor":7,"key":"SMITH"},{"data":"HollowMod:ShadowDash","floor":13,"key":"SMITH"},{"data":"HollowMod:ShadowDash","floor":15,"key":"SMITH"},{"data":"HollowMod:MonarchWings","floor":23,"key":"SMITH"},{"data":"HollowMod:MonarchWings","floor":28,"key":"SMITH"},{"data":"HollowMod:WraithStrike","floor":30,"key":"SMITH"},{"data":"HollowMod:Weaversong","floor":32,"key":"SMITH"},{"data":"HollowMod:MonarchWings","floor":42,"key":"SMITH"},{"data":"HollowMod:SiblingsSouls","floor":44,"key":"SMITH"},{"floor":49,"key":"RECALL"},{"data":"HollowMod:VoidDash","floor":52,"key":"SMITH"}],"circlet_count":0,"master_deck":["HollowMod:NailStrikeStart","HollowMod:NailStrikeStart","HollowMod:NailStrikeStart","HollowMod:NailStrikeStart","HollowMod:QuickDashStart","HollowMod:QuickDashStart","HollowMod:PogoStrike","Blind+1","HollowMod:DescendingDark","HollowMod:VengefulVoid","HollowMod:DescendingDark","HollowMod:ShadowDash+1","HollowMod:MonarchWings+1","HollowMod:BlackTendrils","HollowMod:Weaversong+1","HollowMod:ShadowDash+1","HollowMod:WraithStrike+1","HollowMod:VoidDash+1","HollowMod:MonarchWings+1","HollowMod:HuntersJournal","HollowMod:ShapeofUnn","HollowMod:VoidDash","HollowMod:SharpenedNail+1","HollowMod:SiblingsSouls+1","HollowMod:MonarchWings+1","HollowMod:DescendingDark","HollowMod:MylasSalvation","HollowMod:FastStrike+1","HollowMod:MantisMark","HollowMod:CloakDash+1","HollowMod:DescendingDark"],"relics":["HollowMod:VesselMask","FossilizedHelix","Prayer Wheel","PreservedInsect","Happy Flower","Cursed Key","Pantograph","Old Coin","Smiling Mask","Torii","Philosopher\u0027s Stone","Matryoshka","Bag of Marbles","Dream Catcher","Anchor","Girya","Thread and Needle","Toy Ornithopter"],"acts_visited":["Exordium","TheCity","TheBeyond","TheEnding"],"potions_floor_usage":[6,14,16,33,33,45,54,55,55],"damage_taken":[{"damage":0,"enemies":"Cultist","floor":1,"turns":3},{"damage":7,"enemies":"Jaw Worm","floor":2,"turns":3},{"damage":0,"enemies":"Small Slimes","floor":3,"turns":1},{"damage":7,"enemies":"Looter","floor":4,"turns":2},{"damage":2,"enemies":"Lots of Slimes","floor":5,"turns":2},{"damage":11,"enemies":"3 Sentries","floor":6,"turns":3},{"damage":0,"enemies":"Exordium Wildlife","floor":8,"turns":2},{"damage":0,"enemies":"Looter","floor":10,"turns":2},{"damage":0,"enemies":"3 Louse","floor":11,"turns":2},{"damage":0,"enemies":"Lagavulin","floor":14,"turns":3},{"damage":0,"enemies":"Hexaghost","floor":16,"turns":9},{"damage":0,"enemies":"Chosen","floor":18,"turns":3},{"damage":0,"enemies":"Shell Parasite","floor":20,"turns":3},{"damage":5,"enemies":"Book of Stabbing","floor":25,"turns":4},{"damage":0,"enemies":"Snecko","floor":27,"turns":5},{"damage":6,"enemies":"Slavers","floor":29,"turns":3},{"damage":0,"enemies":"Centurion and Healer","floor":31,"turns":3},{"damage":0,"enemies":"Collector","floor":33,"turns":7},{"damage":0,"enemies":"Orb Walker","floor":35,"turns":3},{"damage":0,"enemies":"3 Darklings","floor":37,"turns":2},{"damage":0,"enemies":"4 Shapes","floor":39,"turns":4},{"damage":0,"enemies":"HollowMod:StalkingDevout","floor":40,"turns":5},{"damage":0,"enemies":"2 Orb Walkers","floor":45,"turns":4},{"damage":0,"enemies":"Sphere and 2 Shapes","floor":46,"turns":3},{"damage":0,"enemies":"3 Darklings","floor":48,"turns":2},{"damage":25,"enemies":"Awakened One","floor":50,"turns":10},{"damage":30,"enemies":"Shield and Spear","floor":54,"turns":3},{"damage":52,"enemies":"The Heart","floor":55,"turns":10}],"seed_played":"-4646858653784544898","potions_obtained":[{"floor":3,"key":"AttackPotion"},{"floor":5,"key":"SpeedPotion"},{"floor":8,"key":"Energy Potion"},{"floor":11,"key":"PowerPotion"},{"floor":16,"key":"LiquidBronze"},{"floor":18,"key":"DistilledChaos"},{"floor":25,"key":"Regen Potion"},{"floor":29,"key":"Explosive Potion"},{"floor":33,"key":"Dexterity Potion"},{"floor":35,"key":"PowerPotion"},{"floor":37,"key":"Energy Potion"},{"floor":40,"key":"DuplicationPotion"},{"floor":48,"key":"BlessingOfTheForge"}],"is_trial":false,"path_per_floor":["M","M","M","M","M","E","R","M","T","M","M","$","R","E","R","B",null,"M","$","M","?","?","R","$","E","T","M","R","E","R","M","R","B",null,"M","$","M","?","M","E","?","R","T","R","?","M","$","M","R","B",null,"R","$","E","B",null],"character_chosen":"THE_BUGKNIGHT","items_purchased":["HollowMod:WraithStrike","PreservedInsect","Matryoshka","Bag of Marbles","Thread and Needle","HollowMod:DescendingDark"],"campfire_rested":0,"item_purchase_floors":[12,12,36,36,53,53],"current_hp_per_floor":[75,68,68,61,59,48,48,48,48,48,50,50,50,53,53,58,75,75,75,75,75,75,75,75,75,75,75,75,69,69,69,69,75,75,75,75,75,75,75,75,75,75,75,75,75,75,75,75,75,50,75,75,75,52,41],"gold":184,"neow_bonus":"RANDOM_COLORLESS","is_daily":false,"chose_seed":false,"campfire_upgraded":10,"win_rate":0.0,"timestamp":1612048173,"path_taken":["M","M","M","M","M","E","R","?","T","M","M","$","R","E","R","BOSS","M","$","M","?","?","R","$","E","T","M","R","E","R","M","R","BOSS","M","$","M","?","?","E","?","R","T","R","?","M","$","M","R","BOSS","R","$","E","BOSS"],"items_purchased_type":["Card","Relic","Relic","Relic","Relic","Card"],"build_version":"2020-12-22","purchased_purges":5,"victory":true,"max_hp_per_floor":[75,75,75,75,75,75,75,75,75,75,75,75,75,75,75,75,75,75,75,75,75,75,75,75,75,75,75,75,75,75,75,75,75,75,75,75,75,75,75,75,75,75,75,75,75,75,75,75,75,75,75,75,75,75,75],"card_choices":[{"not_picked":["Dark Shackles","Enlightenment"],"picked":"Blind","floor":0},{"not_picked":["HollowMod:SoulEater","HollowMod:HeavyBlow"],"picked":"HollowMod:DescendingDark","floor":1},{"not_picked":["HollowMod:CycloneSlash","HollowMod:ChannelNail"],"picked":"HollowMod:VengefulVoid","floor":2},{"not_picked":["HollowMod:InfectedCysts","HollowMod:VengefulSpirit","HollowMod:PureNailStrike"],"picked":"SKIP","floor":3},{"not_picked":["HollowMod:ZotesMagnificence","HollowMod:PureNailStrike"],"picked":"HollowMod:DescendingDark","floor":4},{"not_picked":["HollowMod:TaintedHusks","HollowMod:QuirrelsAssistance"],"picked":"HollowMod:ShadowDash","floor":5},{"not_picked":["HollowMod:InfectedCysts","HollowMod:NewGlowingWomb","HollowMod:NewLittleFool"],"picked":"SKIP","floor":6},{"not_picked":["HollowMod:TaintedHusks","HollowMod:DungDefenderAura"],"picked":"HollowMod:MonarchWings","floor":8},{"not_picked":["HollowMod:DoubleDash","HollowMod:Grubsong"],"picked":"HollowMod:BlackTendrils","floor":10},{"not_picked":["HollowMod:MonarchWings","HollowMod:GrimmsGift"],"picked":"HollowMod:Weaversong","floor":10},{"not_picked":["HollowMod:PerfectDash","HollowMod:SoulStrike"],"picked":"HollowMod:ShadowDash","floor":11},{"not_picked":["HollowMod:DesolateDive","HollowMod:InfectionAssault","HollowMod:TaintedHusks"],"picked":"SKIP","floor":11},{"not_picked":["HollowMod:FallenFury","HollowMod:BaldurShell","HollowMod:HowlingWraiths"],"picked":"SKIP","floor":14},{"not_picked":["HollowMod:ZotesMagnificence","HollowMod:SlysStrikes"],"picked":"HollowMod:VoidDash","floor":16},{"not_picked":["HollowMod:ShadowDash","HollowMod:DoubleDash","HollowMod:DesolateDive"],"picked":"SKIP","floor":18},{"not_picked":["HollowMod:SharpenedShadows","HollowMod:CloakDash","HollowMod:NewLittleFool"],"picked":"SKIP","floor":18},{"not_picked":["HollowMod:CrystalDash","HollowMod:CornifersMapStart"],"picked":"HollowMod:MonarchWings","floor":20},{"not_picked":["HollowMod:ChannelNail","HollowMod:ShadowDash","HollowMod:BaldurShell"],"picked":"SKIP","floor":20},{"not_picked":["HollowMod:InfectedAttack","HollowMod:QuirrelsAssistance"],"picked":"HollowMod:HuntersJournal","floor":25},{"not_picked":["HollowMod:ChannelNail","HollowMod:CornifersMapStart"],"picked":"HollowMod:ShapeofUnn","floor":27},{"not_picked":["HollowMod:HowlingWraiths","HollowMod:TaintedHusks+1","HollowMod:CloakDash"],"picked":"SKIP","floor":27},{"not_picked":["HollowMod:VengefulSpirit","HollowMod:CoiledNail","HollowMod:InfectedCysts"],"picked":"SKIP","floor":29},{"not_picked":["HollowMod:InfectionAssault","HollowMod:LifebloodCore","HollowMod:InfectedAttack+1"],"picked":"SKIP","floor":31},{"not_picked":["HollowMod:RecoilStrike+1","HollowMod:DoubleDash","HollowMod:BaldurShell"],"picked":"SKIP","floor":31},{"not_picked":["HollowMod:AwokenDreamNail","HollowMod:Hiveblood"],"picked":"HollowMod:VoidDash","floor":33},{"not_picked":["HollowMod:DesolateDive","HollowMod:CloakDash"],"picked":"HollowMod:SharpenedNail+1","floor":35},{"not_picked":["HollowMod:NewGlowingWomb","HollowMod:DoubleDash"],"picked":"HollowMod:SiblingsSouls","floor":35},{"not_picked":["HollowMod:DashSlash","HollowMod:ShadowDash+1"],"picked":"HollowMod:MonarchWings","floor":37},{"not_picked":["HollowMod:DoubleDash","HollowMod:PerfectDash","HollowMod:MawleksShell+1"],"picked":"SKIP","floor":37},{"not_picked":["HollowMod:InfectedAttack+1","HollowMod:HowlingWraiths+1"],"picked":"HollowMod:DescendingDark","floor":39},{"not_picked":["HollowMod:SoulStrike+1","HollowMod:DashSlash+1","HollowMod:PerfectDash"],"picked":"SKIP","floor":39},{"not_picked":["HollowMod:MonarchWings","HollowMod:ChannelNail","HollowMod:GrimmsGift"],"picked":"SKIP","floor":40},{"not_picked":["HollowMod:MonarchWings","HollowMod:CycloneSlash+1"],"picked":"HollowMod:FastStrike+1","floor":45},{"not_picked":["HollowMod:SiblingsSouls","HollowMod:SoulEater"],"picked":"HollowMod:MantisMark","floor":46},{"not_picked":["HollowMod:BaldurShell","HollowMod:SiblingsSouls","HollowMod:InfectedCysts+1"],"picked":"SKIP","floor":46},{"not_picked":["HollowMod:SoulVessel","HollowMod:ChannelNail+1"],"picked":"HollowMod:CloakDash+1","floor":48},{"not_picked":["HollowMod:TaintedHusks","HollowMod:DoubleDash","HollowMod:LifebloodCore"],"picked":"SKIP","floor":48},{"not_picked":["HollowMod:ChannelNail+1","HollowMod:LifebloodCocoon+1","HollowMod:NewJinnsSoul"],"picked":"SKIP","floor":54}],"player_experience":143425,"relics_obtained":[{"floor":6,"key":"FossilizedHelix"},{"floor":9,"key":"Prayer Wheel"},{"floor":14,"key":"Happy Flower"},{"floor":25,"key":"Old Coin"},{"floor":26,"key":"Smiling Mask"},{"floor":29,"key":"Torii"},{"floor":40,"key":"Dream Catcher"},{"floor":43,"key":"Anchor"},{"floor":45,"key":"Girya"},{"floor":54,"key":"Toy Ornithopter"}],"event_choices":[{"damage_healed":0,"gold_gain":0,"player_choice":"Stole Relic","damage_taken":0,"relics_obtained":["Pantograph"],"max_hp_gain":0,"max_hp_loss":0,"event_name":"Addict","floor":22,"gold_loss":0,"cards_obtained":["Shame"]},{"damage_healed":0,"gold_gain":300,"player_choice":"Gold","damage_taken":0,"max_hp_gain":0,"max_hp_loss":0,"event_name":"Wheel of Change","floor":38,"gold_loss":0},{"damage_healed":0,"gold_gain":0,"player_choice":"Fight","damage_taken":0,"max_hp_gain":0,"max_hp_loss":0,"event_name":"Mysterious Sphere","floor":45,"gold_loss":0}],"is_beta":false,"boss_relics":[{"not_picked":["Tiny House","Snecko Eye"],"picked":"Cursed Key"},{"not_picked":["Empty Cage","SacredBark"],"picked":"Philosopher\u0027s Stone"}],"items_purged_floors":[12,19,36,47,53],"is_endless":false,"potions_floor_spawned":[3,5,8,11,16,18,25,29,33,35,37,40,48],"ascension_level":0}}