{"host":"takgv9cv6xf64vhq","time":1612007869,"event":{"mods":["BaseMod","Colored Powertips","Downfall","Hubris","LagranYue(拉格朗・月)","Marisa（F雨　魔理沙）","Minty Spire (QoL Compilation)","Replay The Spire","StSLib","The Animator","The Cursed","The Jungle","TheHeartMod"],"gold_per_floor":[111,111,111,31,42,70,83,83,109,122,122,71,86,114,114,217,217,230,230,249,264,40,40,40,72,72,97,114,168,15,32,32,128,128,142,158,58,78,32,32,32,32,58,252,270,288,298,29,29,29,29,29,29,63,63],"floor_reached":56,"language":"ZHS","playtime":4040,"items_purged":["Strike_G","animator:Curse_Greed","downfall:Haunted"],"score":1301,"play_id":"e233d2e9-5be3-42d3-9643-2e195e000d4f","local_time":"20210130195749","is_ascension_mode":true,"campfire_choices":[{"data":"ReplayTheSpireMod:Tripwire","floor":8.0,"key":"SMITH"},{"data":"Noxious Fumes","floor":15.0,"key":"SMITH"},{"floor":23.0,"key":"DIG"},{"floor":32.0,"key":"DIG"},{"floor":40.0,"key":"RECALL"},{"data":"hubris:Wrath","floor":49,"key":"PURGE"},{"floor":52,"key":"DIG"}],"circlet_count":0,"master_deck":["Strike_G","Strike_G+1","Strike_G","Strike_G","Defend_G","Defend_G","Defend_G","Defend_G+1","Survivor","Neutralize","Fluid Movement","Footwork","ReplayTheSpireMod:Tripwire+1","Endless Agony","Backflip","Die Die Die","Caltrops","Caltrops","Terror","Noxious Fumes+1","Atom Bomb","Dagger Spray+1","Bane+1","hubris:SlightOfHand+1","Slice","Leg Sweep","Sneak Up","Poisoned Stab+1","Underhanded Strike","Tools of the Trade","Envenom+1","Leg Sweep+1","Slice+1","PiercingWail","Draining Mist","Toxin Wave","Tactician+1","Noxious Fumes"],"relics":["Ring of the Snake","NeowsBlessing","hubris:Towel","hubris:Icosahedron","Nunchaku","Centennial Puzzle","Odd Mushroom","Runic Pyramid","Shovel","hubris:HerbalPaste","Onion Ring","Kunai","Snake Skull","Replay:Wax Seal","Gremlin Food","Bag of Marbles","Bottled Flame","Replay:Ancient Bell","Oddly Smooth Stone","Snack Pack","champ:DuelingGlove","Akabeko","Guardian:PocketSentry","Bottled Lightning","ReplayTheSpireMod:TigerMarble"],"acts_visited":["Exordium","Exordium","TheBeyond","TheEnding"],"potions_floor_usage":[50,55],"damage_taken":[{"damage":0.0,"enemies":"Jaw Worm","floor":1.0,"turns":1.0},{"damage":0.0,"enemies":"2 Louse","floor":5.0,"turns":1.0},{"damage":0.0,"enemies":"3 Sentries","floor":6.0,"turns":2.0},{"damage":0.0,"enemies":"Small Slimes","floor":7.0,"turns":4.0},{"damage":0.0,"enemies":"Looter","floor":10.0,"turns":5.0},{"damage":0.0,"enemies":"2 Fungi Beasts","floor":13.0,"turns":2.0},{"damage":9.0,"enemies":"The Mushroom Lair","floor":14.0,"turns":3.0},{"damage":29.0,"enemies":"Slime Boss","floor":16.0,"turns":5.0},{"damage":12.0,"enemies":"theJungle:5_Spyders","floor":18.0,"turns":6.0},{"damage":1.0,"enemies":"theJungle:Flameango_and_Byrd","floor":20.0,"turns":5.0},{"damage":9.0,"enemies":"theJungle:JungleHuntersEncounter","floor":21.0,"turns":5.0},{"damage":20.0,"enemies":"JungleHuntersEvent","floor":24.0,"turns":6.0},{"damage":4.0,"enemies":"theJungle:Cassacara","floor":25.0,"turns":5.0},{"damage":5.0,"enemies":"theJungle:MamaSnecko","floor":27.0,"turns":5.0},{"damage":3.0,"enemies":"Snake Plant","floor":28.0,"turns":4.0},{"damage":1.0,"enemies":"theJungle:SlimyTreeVines","floor":31.0,"turns":4.0},{"damage":23.0,"enemies":"theJungle:TotemBoss","floor":33.0,"turns":10.0},{"damage":2.0,"enemies":"3 Shapes","floor":35.0,"turns":4.0},{"damage":21.0,"enemies":"3 Darklings","floor":36.0,"turns":5.0},{"damage":1.0,"enemies":"4 Shapes","floor":38.0,"turns":6.0},{"damage":14.0,"enemies":"Transient","floor":45.0,"turns":5.0},{"damage":0.0,"enemies":"Sphere and 2 Shapes","floor":46.0,"turns":3.0},{"damage":15.0,"enemies":"4 Shapes","floor":47.0,"turns":6.0},{"damage":19,"enemies":"Donu and Deca","floor":50,"turns":8},{"damage":21,"enemies":"Shield and Spear","floor":54,"turns":7},{"damage":94,"enemies":"The Heart","floor":55,"turns":10}],"seed_played":"-7217417542223505133","potions_obtained":[{"floor":1.0,"key":"Block Potion"},{"floor":7.0,"key":"Energy Potion"},{"floor":20.0,"key":"Elixir"},{"floor":21.0,"key":"Elixir"},{"floor":25.0,"key":"champ:CounterPotion"},{"floor":33.0,"key":"SkillPotion"},{"floor":35.0,"key":"SpeedPotion"},{"floor":38.0,"key":"LiquidBronze"},{"floor":46.0,"key":"Adrenaline Potion"},{"floor":47.0,"key":"FairyPotion"}],"is_trial":false,"path_per_floor":["M","?","?","$","M","E","M","R","T","M","?","$","M","?","R","B",null,"M","?","M","M","$","R","?","E","T","E","M","T","$","M","R","B",null,"M","M","$","M","$","R","?","?","T","?","M","M","M","$","R","B",null,"R","$","E","B",null],"character_chosen":"THE_SILENT","items_purchased":["Footwork","Caltrops","hubris:HerbalPaste","Bag of Marbles","PiercingWail","Guardian:PocketSentry"],"campfire_rested":0,"item_purchase_floors":[4,12,22,30,39,48],"current_hp_per_floor":[70,70,70,70,70,70,70,70,70,70,56,56,56,47,47,18,70,58,42,41,32,32,32,18,20,20,21,24,24,24,35,35,18,70,69,54,54,61,61,61,61,61,61,61,59,66,59,59,59,54,70,70,70,58,3],"gold":63,"neow_bonus":"THREE_ENEMY_KILL","is_daily":false,"chose_seed":false,"campfire_upgraded":2,"win_rate":0.0,"timestamp":1612007869,"path_taken":["M","?","?","?","M","E","M","R","T","M","?","$","M","?","R","BOSS","M","?","M","M","$","R","?","E","T","E","M","?","?","M","R","BOSS","M","M","?","M","$","R","?","?","T","?","M","?","M","$","R","BOSS","R","$","E","BOSS"],"items_purchased_type":["Card","Card","Relic","Relic","Card","Relic"],"build_version":"2020-12-22","purchased_purges":3,"victory":true,"max_hp_per_floor":[70,70,70,70,70,70,70,70,70,70,70,70,70,70,70,70,70,70,70,70,70,70,70,70,70,70,70,70,70,70,70,70,70,70,70,70,70,70,70,70,70,70,70,70,70,70,70,70,70,70,70,70,70,70,70],"card_choices":[{"not_picked":["Catalyst","ReplayTheSpireMod:The Works"],"picked":"Fluid Movement","floor":1.0},{"not_picked":["Prepared","Eviscerate"],"picked":"ReplayTheSpireMod:Tripwire","floor":5.0},{"not_picked":["Expertise","hubris:TrickCloak"],"picked":"Endless Agony","floor":6.0},{"not_picked":["Hidden Blade","PiercingWail"],"picked":"Backflip","floor":7.0},{"not_picked":["Poisoned Stab","Bane"],"picked":"Die Die Die","floor":10.0},{"not_picked":["Acrobatics","Underhanded Strike"],"picked":"Terror","floor":13.0},{"not_picked":["ReplayTheSpireMod:Tripwire","ReplayTheSpireMod:Exploit Weakness"],"picked":"Noxious Fumes","floor":14.0},{"not_picked":["Unload","Doppelganger"],"picked":"Atom Bomb","floor":16.0},{"not_picked":["Poisoned Stab","Acrobatics"],"picked":"Dagger Spray+1","floor":18.0},{"not_picked":["Underhanded Strike","Reflex"],"picked":"Bane+1","floor":20.0},{"not_picked":["Outmaneuver","Distraction"],"picked":"hubris:SlightOfHand+1","floor":21.0},{"not_picked":["Quick Slash","Setup"],"picked":"Slice","floor":24.0},{"not_picked":["Acrobatics","Dagger Spray"],"picked":"Leg Sweep","floor":25.0},{"not_picked":["Distraction","hubris:TrickCloak"],"picked":"Sneak Up","floor":27.0},{"not_picked":["Hidden Blade","Underhanded Strike"],"picked":"Poisoned Stab+1","floor":28.0},{"not_picked":["Blade Dance","Acrobatics"],"picked":"Underhanded Strike","floor":31.0},{"not_picked":["Poison Darts","Adrenaline"],"picked":"Tools of the Trade","floor":33.0},{"not_picked":["Overencumbered","animator:Curse_Greed"],"picked":"downfall:Haunted","floor":34.0},{"not_picked":["hubris:Disease","hubris:Greed"],"picked":"animator:Curse_Greed","floor":34.0},{"not_picked":["ReplayTheSpireMod:Restless Dread","Parasite"],"picked":"hubris:Wrath","floor":34.0},{"not_picked":["Backflip+1","Flying Knee"],"picked":"Envenom","floor":35.0},{"not_picked":["hubris:SlightOfHand+1","Blade Dance+1"],"picked":"Leg Sweep+1","floor":36.0},{"not_picked":["Dagger Spray+1","hubris:SlightOfHand"],"picked":"Slice+1","floor":38.0},{"not_picked":["Eviscerate","Cloak And Dagger"],"picked":"Draining Mist","floor":44.0},{"not_picked":["Slice","Bane"],"picked":"Toxin Wave","floor":45.0},{"not_picked":["Blade Dance+1","Flying Knee","Poisoned Stab"],"picked":"SKIP","floor":46.0},{"not_picked":["hubris:TrickCloak+1","Leg Sweep"],"picked":"Tactician+1","floor":47.0},{"not_picked":["Deadly Poison","Masterful Stab+1"],"picked":"Noxious Fumes","floor":54}],"player_experience":232766,"relics_obtained":[{"floor":6.0,"key":"Nunchaku"},{"floor":9.0,"key":"Centennial Puzzle"},{"floor":14.0,"key":"Odd Mushroom"},{"floor":23.0,"key":"Onion Ring"},{"floor":24.0,"key":"Kunai"},{"floor":25.0,"key":"Snake Skull"},{"floor":27.0,"key":"Replay:Wax Seal"},{"floor":29.0,"key":"Gremlin Food"},{"floor":32.0,"key":"Bottled Flame"},{"floor":43.0,"key":"Akabeko"},{"floor":52,"key":"Bottled Lightning"},{"floor":54,"key":"ReplayTheSpireMod:TigerMarble"}],"event_choices":[{"damage_healed":0.0,"max_hp_gain":0.0,"max_hp_loss":0.0,"gold_gain":0.0,"event_name":"Shining Light","player_choice":"Entered Light","floor":11.0,"gold_loss":0.0,"damage_taken":14.0,"cards_upgraded":["Strike_G","Defend_G"]},{"damage_healed":0.0,"max_hp_gain":0.0,"max_hp_loss":0.0,"gold_gain":0.0,"event_name":"Mushrooms","player_choice":"Fought Mushrooms","floor":14.0,"gold_loss":0.0,"damage_taken":0.0},{"cards_removed":["Defend_G"],"damage_healed":0.0,"max_hp_gain":0.0,"max_hp_loss":0.0,"gold_gain":0.0,"event_name":"Falling","player_choice":"Removed Skill","floor":42.0,"gold_loss":0.0,"damage_taken":0.0}],"is_beta":false,"boss_relics":[{"not_picked":["Velvet Choker","hubris:BlackHole"],"picked":"Runic Pyramid"},{"not_picked":["Painkiller Herb","hubris:Backtick"],"picked":"Replay:Ancient Bell"},{"not_picked":["Art of War","Potion Belt"],"picked":"Oddly Smooth Stone"},{"not_picked":["hubris:CrystalStatue","Matryoshka"],"picked":"Snack Pack"},{"not_picked":["Peace Pipe","Replay:Multitool"],"picked":"champ:DuelingGlove"}],"items_purged_floors":[22,37,48],"is_endless":false,"potions_floor_spawned":[1,7,13,20,21,25,33,35,38,46,47],"ascension_level":2}}