{"host":"0b7urydaxuefbgpn","time":1612029793,"event":{"mods":["Bard","BaseMod","Colored Powertips","Dio Mod","Downfall","Hermit","Jorbs\u0027s Wanderer Trilogy","Marisa????????","Minty Spire (QoL Compilation)","StSLib","The Bladedancer","The Cursed","The Disciple","The Poker Player","The Servant 0.9.4"],"gold_per_floor":[113,113,288,288,309,350,350,366,415,433,225,270,293,258,258,387,387,387,387],"floor_reached":18,"language":"RUS","playtime":731,"items_purged":[],"score":197,"play_id":"66e9b69d-aca9-4bec-9983-63060d929ec2","local_time":"20210130210313","is_ascension_mode":false,"campfire_choices":[{"data":"hermit:Maintenance","floor":7,"key":"SMITH"},{"floor":15,"key":"REST"}],"circlet_count":0,"master_deck":["hermit:Strike_Hermit","hermit:Strike_Hermit","hermit:Strike_Hermit+1","hermit:Strike_Hermit","hermit:Defend_Hermit","hermit:Defend_Hermit","hermit:Defend_Hermit","hermit:Defend_Hermit+1","hermit:Snapshot","hermit:Covet","hermit:Quickdraw","Doubt","hermit:Desperado","hermit:Maintenance+1","hermit:FatalDesire","hermit:Combo","hermit:Showdown","hermit:Vantage","hermit:Scavenge","hermit:Grudge","hermit:Shortfuse","hermit:Gambit"],"relics":["hermit:Momento","NeowsBlessing","Golden Idol","hermit:RyeStalk","Happy Flower","Boot","Philosopher\u0027s Stone"],"acts_visited":["Exordium","TheCity"],"potions_floor_usage":[],"damage_taken":[{"damage":0,"enemies":"Small Slimes","floor":1,"turns":1},{"damage":0,"enemies":"Jaw Worm","floor":5,"turns":1},{"damage":0,"enemies":"Gremlin Nob","floor":6,"turns":1},{"damage":3,"enemies":"2 Louse","floor":8,"turns":2},{"damage":9,"enemies":"2 Fungi Beasts","floor":10,"turns":3},{"damage":10,"enemies":"Lagavulin","floor":12,"turns":6},{"damage":6,"enemies":"3 Louse","floor":13,"turns":3},{"damage":39,"enemies":"Slime Boss","floor":16,"turns":12},{"damage":20,"enemies":"Chosen","floor":18,"turns":5}],"seed_played":"-1967918509265100291","potions_obtained":[{"floor":8,"key":"Strength Potion"},{"floor":10,"key":"Swift Potion"},{"floor":12,"key":"Ancient Potion"}],"is_trial":false,"path_per_floor":["M","?","?","?","M","E","R","M","T","M","$","E","M","?","R","B",null,"M"],"character_chosen":"HERMIT","items_purchased":["hermit:Showdown","hermit:Vantage","hermit:Scavenge"],"campfire_rested":1,"item_purchase_floors":[11,11,11],"current_hp_per_floor":[75,69,69,55,55,55,55,52,52,43,43,33,27,44,64,25,69,49,49],"gold":387,"neow_bonus":"THREE_ENEMY_KILL","is_daily":false,"chose_seed":false,"campfire_upgraded":1,"win_rate":0.0,"timestamp":1612029793,"path_taken":["M","?","?","?","M","E","R","M","T","M","$","E","M","?","R","BOSS","M"],"items_purchased_type":["Card","Card","Card"],"build_version":"2020-12-13","purchased_purges":0,"victory":false,"max_hp_per_floor":[75,69,69,69,69,69,69,69,69,69,69,69,69,69,69,69,69,69,69],"card_choices":[{"not_picked":["hermit:Glare","hermit:Feint"],"picked":"hermit:Quickdraw","floor":1},{"not_picked":["hermit:FlashPowder","hermit:Horror"],"picked":"hermit:Desperado","floor":5},{"not_picked":["hermit:LowProfile","hermit:Cheat"],"picked":"hermit:Maintenance","floor":6},{"not_picked":["hermit:Misfire","hermit:Feint"],"picked":"hermit:FatalDesire","floor":8},{"not_picked":["hermit:DeadMansHand","hermit:Malice"],"picked":"hermit:Combo","floor":10},{"not_picked":["hermit:BodyArmor","hermit:Maintenance"],"picked":"hermit:Grudge","floor":12},{"not_picked":["hermit:Manifest","hermit:Roulette"],"picked":"hermit:Shortfuse","floor":13},{"not_picked":["hermit:FromBeyond","hermit:DeadOrAlive"],"picked":"hermit:Gambit","floor":16}],"player_experience":17141,"relics_obtained":[{"floor":6,"key":"hermit:RyeStalk"},{"floor":9,"key":"Happy Flower"},{"floor":12,"key":"Boot"}],"event_choices":[{"damage_healed":0,"gold_gain":0,"player_choice":"Lose Max HP","damage_taken":0,"relics_obtained":["Golden Idol"],"max_hp_gain":0,"max_hp_loss":6,"event_name":"Golden Idol","floor":2,"gold_loss":0},{"damage_healed":0,"gold_gain":175,"player_choice":"AGREE","damage_taken":0,"max_hp_gain":0,"max_hp_loss":0,"event_name":"Liars Game","floor":3,"gold_loss":0,"cards_obtained":["Doubt"]},{"damage_healed":0,"gold_gain":0,"player_choice":"Entered Light","damage_taken":14,"max_hp_gain":0,"max_hp_loss":0,"event_name":"Shining Light","floor":4,"gold_loss":0,"cards_upgraded":["hermit:Defend_Hermit","hermit:Strike_Hermit"]},{"damage_healed":17,"gold_gain":0,"player_choice":"Healed","damage_taken":0,"max_hp_gain":0,"max_hp_loss":0,"event_name":"The Cleric","floor":14,"gold_loss":35}],"is_beta":false,"boss_relics":[{"not_picked":["Runic Dome","Coffee Dripper"],"picked":"Philosopher\u0027s Stone"}],"items_purged_floors":[],"is_endless":false,"potions_floor_spawned":[8,10,12,13],"killed_by":"Chosen","ascension_level":0}}