{"host":"4qkvkh7pd9qr2mca","time":1612034319,"event":{"mods":["AchievementEnabler","Act Like it!","BaseMod","Colored Map","Colored Powertips","Highlight Path","Minty Spire (QoL Compilation)","Pale of the Ancients","Permanent Neow","Quick Restart","Relic Stats","StSLib","SuperFastMode"],"gold_per_floor":[18,18,35,35,50,79,79,79,106,162,162,173,173,198,198,269,269,280,280,259,13,13,48,48,80,80,80,92,112,142,160,160,231,231,247,247,67,82,97,129,148,174,174,200,245,245,275,288,288,288,288],"floor_reached":52,"language":"ENG","playtime":3375,"items_purged":["Strike_G","Strike_G+1"],"score":2276,"play_id":"e0d6c0d9-ad66-43cd-aedd-3520c0dfbc34","local_time":"20210130201839","is_ascension_mode":true,"campfire_choices":[{"floor":7,"key":"REST"},{"data":"Calculated Gamble","floor":11,"key":"SMITH"},{"data":"Well Laid Plans","floor":13,"key":"SMITH"},{"floor":15,"key":"REST"},{"floor":24,"key":"REST"},{"floor":27,"key":"REST"},{"data":"Noxious Fumes","floor":32,"key":"SMITH"},{"floor":46,"key":"REST"},{"floor":49,"key":"RECALL"}],"circlet_count":0,"master_deck":["AscendersBane","Defend_G+1","Defend_G","Defend_G+1","Defend_G","Defend_G","Survivor","Neutralize","Apotheosis+1","Dash","Flying Knee","Calculated Gamble+1","Endless Agony+1","Well Laid Plans+1","Terror","Phantasmal Killer","Cloak And Dagger+1","Blur","Leg Sweep","PiercingWail+1","Noxious Fumes+1","Reflex","Deadly Poison","Blade Dance+1","Calculated Gamble","Envenom","Blade Dance","Master of Strategy","Escape Plan","Predator+1","Dodge and Roll","Backflip","Noxious Fumes+1","Blur+1","Terror"],"relics":["Ring of the Snake","Anchor","Snake Skull","War Paint","Akabeko","Black Star","Membership Card","Bottled Tornado","Regal Pillow","Whetstone","Pantograph","Shuriken","Kunai","Mummified Hand","Fusion Hammer","Frozen Egg 2","Dead Branch","Letter Opener","Meat on the Bone","Mango","Oddly Smooth Stone","Sundial","Ginger","Darkstone Periapt","White Beast Statue"],"acts_visited":["Exordium","TheCity","TheBeyond"],"potions_floor_usage":[10,14,16,23,39,41,51,51],"damage_taken":[{"damage":0,"enemies":"Small Slimes","floor":1,"turns":5},{"damage":0,"enemies":"2 Louse","floor":3,"turns":5},{"damage":4,"enemies":"Jaw Worm","floor":5,"turns":4},{"damage":20,"enemies":"Lagavulin","floor":6,"turns":10},{"damage":10,"enemies":"3 Sentries","floor":10,"turns":5},{"damage":1,"enemies":"Exordium Thugs","floor":12,"turns":7},{"damage":4,"enemies":"3 Sentries","floor":14,"turns":8},{"damage":2,"enemies":"Hexaghost","floor":16,"turns":6},{"damage":2,"enemies":"Chosen","floor":18,"turns":4},{"damage":3,"enemies":"2 Thieves","floor":20,"turns":4},{"damage":23,"enemies":"Slavers","floor":23,"turns":12},{"damage":18,"enemies":"Book of Stabbing","floor":25,"turns":7},{"damage":0,"enemies":"Snake Plant","floor":28,"turns":4},{"damage":5,"enemies":"Sentry and Sphere","floor":29,"turns":5},{"damage":6,"enemies":"Gremlin Leader","floor":30,"turns":5},{"damage":0,"enemies":"3 Cultists","floor":31,"turns":4},{"damage":27,"enemies":"Automaton","floor":33,"turns":9},{"damage":0,"enemies":"3 Darklings","floor":35,"turns":7},{"damage":0,"enemies":"3 Shapes","floor":38,"turns":4},{"damage":0,"enemies":"Writhing Mass","floor":39,"turns":5},{"damage":2,"enemies":"Nemesis","floor":40,"turns":5},{"damage":0,"enemies":"Transient","floor":41,"turns":5},{"damage":0,"enemies":"Giant Head","floor":42,"turns":3},{"damage":0,"enemies":"Nemesis","floor":44,"turns":5},{"damage":2,"enemies":"2 Orb Walkers","floor":45,"turns":3},{"damage":0,"enemies":"Reptomancer","floor":47,"turns":3},{"damage":4,"enemies":"Spire Growth","floor":48,"turns":3},{"damage":25,"enemies":"Donu and Deca","floor":50,"turns":8},{"damage":20,"enemies":"Awakened One","floor":51,"turns":12}],"seed_played":"-6907419415696710884","potions_obtained":[{"floor":6,"key":"Explosive Potion"},{"floor":12,"key":"AttackPotion"},{"floor":14,"key":"CultistPotion"},{"floor":20,"key":"Swift Potion"},{"floor":28,"key":"Weak Potion"},{"floor":29,"key":"DuplicationPotion"},{"floor":30,"key":"DistilledChaos"},{"floor":39,"key":"Weak Potion"},{"floor":42,"key":"Explosive Potion"},{"floor":45,"key":"Swift Potion"},{"floor":48,"key":"DuplicationPotion"}],"is_trial":false,"path_per_floor":["M","$","M","?","M","E","R","?","T","?","R","M","R","E","R","B",null,"M","?","M","$","?","E","R","E","T","R","M","M","E","M","R","B",null,"M","?","$","M","M","E","M","E","T","E","?","R","E","M","R","B","B",null],"character_chosen":"THE_SILENT","items_purchased":["Membership Card","Noxious Fumes","Master of Strategy","Escape Plan"],"campfire_rested":5,"item_purchase_floors":[21,21,37,37],"current_hp_per_floor":[59,59,59,59,55,35,54,54,54,44,44,43,43,39,58,56,64,62,62,59,59,59,36,66,48,48,66,66,61,55,55,55,39,59,59,59,59,59,59,57,57,57,71,71,69,80,80,76,76,55,60],"gold":288,"neow_bonus":"RANDOM_COLORLESS_2","is_daily":false,"chose_seed":false,"campfire_upgraded":3,"win_rate":0.0,"timestamp":1612034319,"path_taken":["M","$","M","?","M","E","R","?","T","?","R","M","R","E","R","BOSS","M","?","M","$","?","E","R","E","T","R","M","?","E","M","R","BOSS","M","?","$","M","M","E","M","E","T","E","?","R","E","M","R","BOSS","BOSS"],"items_purchased_type":["Relic","Card","Card","Card"],"build_version":"2020-12-22","purchased_purges":2,"victory":true,"max_hp_per_floor":[66,66,66,66,66,66,66,66,66,66,66,66,66,66,66,66,66,66,66,66,66,66,66,66,66,66,66,66,66,66,66,66,66,66,66,66,66,66,66,66,66,66,80,80,80,80,80,80,80,80,80],"relic_stats":{"Darkstone Periapt":0,"Regal Pillow":11,"counters":[29,167],"Dead Branch":[158],"Snake Skull":[260],"Whetstone":["Strike_G","Endless Agony"],"Letter Opener":[222],"Ginger":[0],"War Paint":["Defend_G","Defend_G"],"Shuriken":[70],"Mummified Hand":[56],"Sundial":[2],"Pantograph":40,"Black Star":7,"Kunai":[63],"obtain_stats":[{"Darkstone Periapt":47,"Regal Pillow":23,"Mango":43,"Snake Skull":9,"Whetstone":25,"Ginger":45,"Bottled Tornado":23,"Mummified Hand":30,"Sundial":44,"Pantograph":25,"Fusion Hammer":34,"Kunai":30,"Ring of the Snake":0,"Dead Branch":40,"Oddly Smooth Stone":44,"Letter Opener":42,"War Paint":10,"Frozen Egg 2":40,"Akabeko":14,"White Beast Statue":47,"Anchor":6,"Shuriken":26,"Black Star":17,"Membership Card":21,"Meat on the Bone":42},{"Darkstone Periapt":26,"Regal Pillow":11,"Mango":23,"Snake Skull":4,"Whetstone":12,"Ginger":25,"Bottled Tornado":11,"Mummified Hand":15,"Sundial":24,"Pantograph":12,"Fusion Hammer":17,"Kunai":15,"Ring of the Snake":0,"Dead Branch":21,"Oddly Smooth Stone":24,"Letter Opener":23,"War Paint":5,"Frozen Egg 2":21,"Akabeko":7,"White Beast Statue":26,"Anchor":4,"Shuriken":12,"Black Star":8,"Membership Card":10,"Meat on the Bone":23},{"Darkstone Periapt":144,"Regal Pillow":70,"Mango":133,"Snake Skull":24,"Whetstone":77,"Ginger":141,"Bottled Tornado":70,"Mummified Hand":91,"Sundial":138,"Pantograph":77,"Fusion Hammer":104,"Kunai":91,"Ring of the Snake":0,"Dead Branch":125,"Oddly Smooth Stone":138,"Letter Opener":133,"War Paint":29,"Frozen Egg 2":125,"Akabeko":44,"White Beast Statue":144,"Anchor":24,"Shuriken":77,"Black Star":50,"Membership Card":58,"Meat on the Bone":133}],"Ring of the Snake":[62],"Meat on the Bone":0},"card_choices":[{"not_picked":["Mayhem","Panache"],"picked":"Apotheosis","floor":0},{"not_picked":["Sucker Punch","Dodge and Roll"],"picked":"Dash","floor":1},{"not_picked":["Poisoned Stab","Cloak And Dagger"],"picked":"Flying Knee","floor":3},{"not_picked":["Endless Agony","Escape Plan"],"picked":"Calculated Gamble","floor":5},{"not_picked":["Flechettes","Skewer"],"picked":"Endless Agony","floor":6},{"not_picked":["Underhanded Strike","Cloak And Dagger"],"picked":"Well Laid Plans","floor":12},{"not_picked":["Finisher","Underhanded Strike"],"picked":"Terror","floor":14},{"not_picked":["Glass Knife","Malaise"],"picked":"Phantasmal Killer","floor":16},{"not_picked":["Sucker Punch","Quick Slash+1"],"picked":"Cloak And Dagger+1","floor":18},{"not_picked":["Concentrate","Bane"],"picked":"PiercingWail+1","floor":20},{"not_picked":["Outmaneuver+1","Die Die Die"],"picked":"Deadly Poison","floor":23},{"not_picked":["PiercingWail","Poisoned Stab"],"picked":"Blade Dance+1","floor":25},{"not_picked":["Bane","Quick Slash","Calculated Gamble"],"picked":"SKIP","floor":28},{"not_picked":["Bane","Quick Slash"],"picked":"Calculated Gamble","floor":28},{"not_picked":["Noxious Fumes","PiercingWail","Dash"],"picked":"SKIP","floor":29},{"not_picked":["Sucker Punch","Reflex","Dash"],"picked":"SKIP","floor":30},{"not_picked":["Underhanded Strike","Outmaneuver","PiercingWail+1"],"picked":"SKIP","floor":31},{"not_picked":["Phantasmal Killer","Burst"],"picked":"Envenom","floor":33},{"not_picked":["Underhanded Strike","Acrobatics"],"picked":"Blade Dance","floor":35},{"not_picked":["Outmaneuver+1","Deadly Poison"],"picked":"Predator+1","floor":38},{"not_picked":["Footwork","Deflect"],"picked":"Dodge and Roll","floor":39},{"not_picked":["Flying Knee","Predator","Skewer"],"picked":"SKIP","floor":40},{"not_picked":["Infinite Blades+1","Slice"],"picked":"Backflip","floor":41},{"not_picked":["Escape Plan","Outmaneuver"],"picked":"Noxious Fumes+1","floor":42},{"not_picked":["Heel Hook","Blade Dance","Bane"],"picked":"SKIP","floor":44},{"not_picked":["Accuracy+1","Bane"],"picked":"Blur+1","floor":47},{"not_picked":["Slice","Die Die Die"],"picked":"Terror","floor":48}],"player_experience":588949,"relics_obtained":[{"floor":6,"key":"Anchor"},{"floor":9,"key":"Snake Skull"},{"floor":10,"key":"War Paint"},{"floor":14,"key":"Akabeko"},{"floor":23,"key":"Bottled Tornado"},{"floor":23,"key":"Regal Pillow"},{"floor":25,"key":"Whetstone"},{"floor":25,"key":"Pantograph"},{"floor":26,"key":"Shuriken"},{"floor":30,"key":"Kunai"},{"floor":30,"key":"Mummified Hand"},{"floor":40,"key":"Frozen Egg 2"},{"floor":40,"key":"Dead Branch"},{"floor":42,"key":"Letter Opener"},{"floor":42,"key":"Meat on the Bone"},{"floor":43,"key":"Mango"},{"floor":44,"key":"Oddly Smooth Stone"},{"floor":44,"key":"Sundial"},{"floor":45,"key":"Ginger"},{"floor":47,"key":"Darkstone Periapt"},{"floor":47,"key":"White Beast Statue"}],"event_choices":[{"damage_healed":0,"gold_gain":0,"player_choice":"Leave","damage_taken":0,"max_hp_gain":0,"max_hp_loss":0,"event_name":"The Cleric","floor":4,"gold_loss":0},{"damage_healed":0,"gold_gain":0,"player_choice":"Grow","damage_taken":0,"max_hp_gain":0,"max_hp_loss":0,"event_name":"Living Wall","floor":8,"gold_loss":0,"cards_upgraded":["Apotheosis"]},{"damage_healed":0,"gold_gain":0,"player_choice":"Searched \u00271\u0027 times","damage_taken":0,"max_hp_gain":0,"max_hp_loss":0,"event_name":"Dead Adventurer","floor":10,"gold_loss":0},{"damage_healed":0,"gold_gain":0,"cards_transformed":["Strike_G","Strike_G"],"player_choice":"Became Test Subject","damage_taken":0,"max_hp_gain":0,"max_hp_loss":0,"event_name":"Drug Dealer","floor":19,"gold_loss":0,"cards_obtained":["Blur","Leg Sweep"]},{"damage_healed":0,"gold_gain":0,"cards_transformed":["Strike_G"],"player_choice":"Transformed","damage_taken":0,"max_hp_gain":0,"max_hp_loss":0,"event_name":"Transmorgrifier","floor":22,"gold_loss":0,"cards_obtained":["Reflex"]},{"damage_healed":0,"gold_gain":0,"player_choice":"Ignored","damage_taken":0,"max_hp_gain":0,"max_hp_loss":0,"event_name":"Tomb of Lord Red Mask","floor":36,"gold_loss":0},{"damage_healed":0,"gold_gain":0,"player_choice":"Fight","damage_taken":0,"max_hp_gain":0,"max_hp_loss":0,"event_name":"Mysterious Sphere","floor":45,"gold_loss":0}],"is_beta":false,"boss_relics":[{"not_picked":["SlaversCollar","HoveringKite"],"picked":"Black Star"},{"not_picked":["Busted Crown","SacredBark"],"picked":"Fusion Hammer"}],"items_purged_floors":[21,37],"is_endless":false,"potions_floor_spawned":[6,12,14,20,28,29,30,39,40,42,45,48],"ascension_level":20}}