{"host":"qbjtml023iza03hb","time":1612004735,"event":{"mods":["AchievementEnabler","BaseMod","Better Sensory Stone","Hermit","Minty Spire (QoL Compilation)","StSLib","The Animator","The Cursed"],"gold_per_floor":[113,9,34,34,34,69,69,89,89,117,167,167,167,182,182,310,310,333,348,123,123,143,177,195,110,110,130,255,255,270,78,78,208,208,221,241,14,14,37,37,71,71,71,71,85,85,125,139,139,139,139,139,139,39,74,74],"floor_reached":57,"language":"FRA","playtime":8550,"items_purged":["animator:Strike","animator:Defend"],"score":1290,"play_id":"00beba5b-7270-4063-b404-8ce345a4e414","local_time":"20210130120535","is_ascension_mode":false,"campfire_choices":[{"data":"animator:TakanashiRikka","floor":7.0,"key":"SMITH"},{"data":"animator:MumenRider","floor":15.0,"key":"SMITH"},{"data":"animator:MetalKnight","floor":29.0,"key":"SMITH"},{"data":"animator:MetalKnight","floor":32.0,"key":"SMITH"},{"data":"animator:Wiz","floor":40.0,"key":"SMITH"},{"data":"animator:DolaSchwi","floor":44.0,"key":"SMITH"},{"floor":49,"key":"RECALL"},{"data":"animator:Melzalgald","floor":52,"key":"SMITH"}],"circlet_count":0,"master_deck":["animator:Strike_NoGameNoLife","animator:Defend_NoGameNoLife","animator:Defend+1","animator:DolaSchwi+1","animator:DolaCouronne","animator:Ciel+1","animator:DwarfShaman","animator:TakanashiRikka+1","animator:MetalKnight+1","animator:MetalKnight+1","animator:MumenRider+1","animator:Nanami","animator:Boros","animator:ElricEdward+1","animator:Geryuganshoop","animator:HigakiRinne","animator:Tatsumaki","animator:FielNirvalen","animator:Patchouli+1","animator:Wiz+1","animator:ElricAlphonse+1","animator:Tet","animator:Saitama","animator:Melzalgald+1","animator:PinaCoLada"],"relics":["animator:LivingPicture","animator:TheMissingPiece","NeowsBlessing","FossilizedHelix","Mango","Ginger","Boot","Golden Idol","Empty Cage","Medical Kit","Enchiridion","Gambling Chip","InkBottle","Turnip","Bottled Lightning","SlaversCollar","Strange Spoon","CloakClasp","Champion Belt","Singing Bowl","Gremlin Horn"],"acts_visited":["Exordium","TheCity","TheBeyond","TheEnding"],"potions_floor_usage":[48,50,56],"damage_taken":[{"damage":0.0,"enemies":"Small Slimes","floor":1.0,"turns":1.0},{"damage":0.0,"enemies":"Jaw Worm","floor":3.0,"turns":1.0},{"damage":9.0,"enemies":"3 Sentries","floor":6.0,"turns":1.0},{"damage":0.0,"enemies":"2 Louse","floor":8.0,"turns":3.0},{"damage":7.0,"enemies":"Gremlin Nob","floor":10.0,"turns":5.0},{"damage":12.0,"enemies":"Exordium Thugs","floor":14.0,"turns":4.0},{"damage":0.0,"enemies":"The Guardian","floor":16.0,"turns":8.0},{"damage":5.0,"enemies":"Chosen","floor":18.0,"turns":5.0},{"damage":0.0,"enemies":"Shell Parasite","floor":19.0,"turns":4.0},{"damage":7.0,"enemies":"Snake Plant","floor":22.0,"turns":3.0},{"damage":34.0,"enemies":"Slavers","floor":23.0,"turns":6.0},{"damage":0.0,"enemies":"Snecko","floor":24.0,"turns":3.0},{"damage":0.0,"enemies":"Centurion and Healer","floor":27.0,"turns":4.0},{"damage":0.0,"enemies":"Colosseum Slavers","floor":28.0,"turns":2.0},{"damage":0.0,"enemies":"Colosseum Nobs","floor":28.0,"turns":3.0},{"damage":0.0,"enemies":"Sentry and Sphere","floor":30.0,"turns":3.0},{"damage":13.0,"enemies":"Collector","floor":33.0,"turns":7.0},{"damage":0.0,"enemies":"3 Shapes","floor":35.0,"turns":4.0},{"damage":0.0,"enemies":"3 Darklings","floor":36.0,"turns":3.0},{"damage":0.0,"enemies":"4 Shapes","floor":39.0,"turns":3.0},{"damage":0.0,"enemies":"Reptomancer","floor":41.0,"turns":6.0},{"damage":11.0,"enemies":"Sphere and 2 Shapes","floor":45.0,"turns":4.0},{"damage":0.0,"enemies":"Giant Head","floor":47.0,"turns":5.0},{"damage":0,"enemies":"Writhing Mass","floor":48,"turns":3},{"damage":22,"enemies":"Time Eater","floor":50,"turns":7},{"damage":12,"enemies":"Shield and Spear","floor":55,"turns":4},{"damage":94,"enemies":"The Heart","floor":56,"turns":6}],"seed_played":"-3652807875187823541","potions_obtained":[{"floor":6.0,"key":"Block Potion"},{"floor":14.0,"key":"PowerPotion"},{"floor":16.0,"key":"PowerPotion"},{"floor":18.0,"key":"AttackPotion"},{"floor":19.0,"key":"BlessingOfTheForge"},{"floor":23.0,"key":"SpeedPotion"},{"floor":27.0,"key":"Explosive Potion"},{"floor":36.0,"key":"Fruit Juice"},{"floor":39.0,"key":"Weak Potion"},{"floor":46.0,"key":"LiquidMemories"},{"floor":46.0,"key":"Swift Potion"},{"floor":48,"key":"FearPotion"}],"is_trial":false,"path_per_floor":["M","$","M","?","?","E","R","M","T","E","T","?","?","M","R","B",null,"M","M","$","?","M","E","M","?","T","M","?","R","M","$","R","B",null,"M","M","$","?","M","R","E","$","T","R","M","?","E","M","R","B",null,"R","??","$","E","B",null],"character_chosen":"THE_ANIMATOR","items_purchased":["FairyPotion","Medical Kit","animator:Patchouli","Strange Spoon","LiquidMemories"],"campfire_rested":0,"item_purchase_floors":[2,20,31,37,37],"current_hp_per_floor":[66,66,66,53,53,44,44,44,58,51,51,31,24,12,12,12,80,80,80,80,64,60,32,35,35,35,40,43,43,46,46,46,39,80,80,80,80,80,80,80,80,80,80,80,74,74,77,79,79,62,87,87,87,87,75,9],"gold":74,"neow_bonus":"THREE_ENEMY_KILL","is_daily":false,"chose_seed":false,"campfire_upgraded":7,"win_rate":0.0,"timestamp":1612004735,"path_taken":["M","$","M","?","?","E","R","M","T","E","?","?","?","M","R","BOSS","M","M","$","?","M","E","M","?","T","M","?","R","M","$","R","BOSS","M","M","$","?","M","R","E","?","T","R","M","?","E","M","R","BOSS","R","??","$","E","BOSS"],"items_purchased_type":["Potion","Relic","Card","Relic","Potion"],"build_version":"2020-12-22","purchased_purges":2,"victory":true,"max_hp_per_floor":[66,66,66,66,66,66,66,66,80,80,80,80,80,80,80,80,80,80,80,80,80,80,80,80,80,80,80,80,80,80,80,80,80,80,80,80,80,80,80,80,80,80,80,80,85,85,85,87,87,87,87,87,87,87,87,87],"card_choices":[{"not_picked":["animator:Rider","animator:Shinoa"],"picked":"animator:Ciel","floor":1.0},{"not_picked":["animator:Raven","animator:Cocytus"],"picked":"animator:DwarfShaman","floor":3.0},{"not_picked":["animator:Lelouch","animator:Urushihara"],"picked":"animator:TakanashiRikka","floor":5.0},{"not_picked":["animator:Raven","animator:Mikaela"],"picked":"animator:MetalKnight","floor":6.0},{"not_picked":["animator:SilverFang","animator:Genos"],"picked":"animator:MetalKnight","floor":8.0},{"not_picked":["animator:Demiurge","animator:Rider"],"picked":"animator:MumenRider","floor":10.0},{"not_picked":["animator:Shigure","animator:Azekura"],"picked":"animator:Nanami","floor":14.0},{"not_picked":["animator:Saber","animator:Rimuru"],"picked":"animator:Boros","floor":16.0},{"not_picked":["animator:Shinoa","animator:Genos"],"picked":"animator:ElricEdward+1","floor":18.0},{"not_picked":["animator:SilverFang","animator:Melzalgald"],"picked":"animator:Geryuganshoop","floor":19.0},{"not_picked":["animator:Assassin+1","animator:Guy","animator:Chung"],"picked":"SKIP","floor":22.0},{"not_picked":["animator:NagisaMomoe","animator:Assassin"],"picked":"animator:HigakiRinne","floor":23.0},{"not_picked":["animator:AcuraAkari","animator:YunYun","animator:Gillette"],"picked":"SKIP","floor":24.0},{"not_picked":["animator:Sonic","animator:Geryuganshoop"],"picked":"animator:Tatsumaki","floor":27.0},{"not_picked":["animator:Ara","animator:GoblinSlayer"],"picked":"animator:FielNirvalen","floor":28.0},{"not_picked":["animator:Entoma","animator:RoryMercury","animator:Mikaela"],"picked":"SKIP","floor":30.0},{"not_picked":["animator:Saber","animator:Elesis"],"picked":"animator:Wiz","floor":33.0},{"not_picked":["animator:Millim","animator:Nanami"],"picked":"animator:ElricAlphonse+1","floor":35.0},{"not_picked":["animator:DolaCouronne","animator:FielNirvalen"],"picked":"animator:Tet","floor":36.0},{"not_picked":["animator:Azekura+1","animator:Pride","animator:IzunaHatsuse+1"],"picked":"SKIP","floor":39.0},{"not_picked":["animator:ElricAlphonse","animator:Layla+1"],"picked":"animator:Saitama","floor":41.0},{"not_picked":["animator:KrulTepes","animator:YunYun+1","animator:SayakaMiki"],"picked":"SKIP","floor":45.0},{"not_picked":["animator:MumenRider","animator:Sonic"],"picked":"animator:Melzalgald","floor":47},{"not_picked":["animator:Shinoa","animator:AcuraTooru","animator:LeleiLaLalena+1"],"picked":"Singing Bowl","floor":48},{"not_picked":["animator:Hakurou","animator:Eris"],"picked":"animator:PinaCoLada","floor":55}],"player_experience":508737,"relics_obtained":[{"floor":6.0,"key":"FossilizedHelix"},{"floor":9.0,"key":"Mango"},{"floor":10.0,"key":"Ginger"},{"floor":11.0,"key":"Boot"},{"floor":21.0,"key":"Enchiridion"},{"floor":23.0,"key":"Gambling Chip"},{"floor":28.0,"key":"Turnip"},{"floor":28.0,"key":"Bottled Lightning"},{"floor":41.0,"key":"CloakClasp"},{"floor":43.0,"key":"Champion Belt"},{"floor":47,"key":"Singing Bowl"},{"floor":55,"key":"Gremlin Horn"}],"event_choices":[{"damage_healed":0.0,"max_hp_gain":0.0,"max_hp_loss":0.0,"gold_gain":0.0,"event_name":"Shining Light","player_choice":"Entered Light","floor":4.0,"gold_loss":0.0,"damage_taken":13.0,"cards_upgraded":["animator:Defend","animator:Ciel"]},{"damage_healed":0.0,"max_hp_gain":0.0,"max_hp_loss":0.0,"gold_gain":1.0,"event_name":"betterStone:BetterStone","player_choice":"1","floor":5.0,"gold_loss":0.0,"damage_taken":0.0},{"damage_healed":0.0,"max_hp_gain":0.0,"max_hp_loss":0.0,"gold_gain":0.0,"event_name":"Golden Idol","player_choice":"Take Damage","floor":12.0,"gold_loss":0.0,"damage_taken":20.0,"relics_obtained":["Golden Idol"]},{"cards_removed":["animator:Defend"],"damage_healed":0.0,"max_hp_gain":0.0,"max_hp_loss":0.0,"gold_gain":0.0,"event_name":"Golden Wing","player_choice":"Card Removal","floor":13.0,"gold_loss":0.0,"damage_taken":7.0},{"damage_healed":0.0,"max_hp_gain":0.0,"max_hp_loss":0.0,"gold_gain":0.0,"event_name":"Cursed Tome","player_choice":"Obtained Book","floor":21.0,"gold_loss":0.0,"damage_taken":16.0},{"damage_healed":0.0,"max_hp_gain":0.0,"max_hp_loss":0.0,"gold_gain":0.0,"event_name":"Addict","player_choice":"Obtained Relic","floor":25.0,"gold_loss":85.0,"damage_taken":0.0,"relics_obtained":["InkBottle"]},{"damage_healed":0.0,"max_hp_gain":0.0,"max_hp_loss":0.0,"gold_gain":0.0,"event_name":"Colosseum","player_choice":"Fight","floor":28.0,"gold_loss":0.0,"damage_taken":0.0},{"damage_healed":0.0,"max_hp_gain":0.0,"max_hp_loss":0.0,"gold_gain":0.0,"event_name":"Colosseum","player_choice":"Fought Nobs","floor":28.0,"gold_loss":0.0,"damage_taken":0.0},{"damage_healed":0.0,"max_hp_gain":0.0,"max_hp_loss":0.0,"gold_gain":0.0,"event_name":"Upgrade Shrine","player_choice":"Upgraded","floor":38.0,"gold_loss":0.0,"damage_taken":0.0,"cards_upgraded":["animator:Patchouli"]},{"damage_healed":0.0,"max_hp_gain":0.0,"max_hp_loss":0.0,"gold_gain":0.0,"event_name":"Lab","player_choice":"Got Potions","floor":46.0,"gold_loss":0.0,"damage_taken":0.0}],"is_beta":false,"boss_relics":[{"not_picked":["Astrolabe","Tiny House"],"picked":"Empty Cage"},{"not_picked":["SacredBark","Velvet Choker"],"picked":"SlaversCollar"}],"items_purged_floors":[20,54],"is_endless":false,"potions_floor_spawned":[6,14,16,18,19,23,27,28,36,39,48],"ascension_level":0}}