{"host":"5ddwedapke4fsx0r","time":1612010478,"event":{"mods":["BaseMod","Downfall","Infinite Spire","Jedi Mod","Minty Spire (QoL Compilation)","Reliquary","Shade Mod","StSLib","The Bladedancer","The Clintock","The Construct","The Forsaken","The Gatherer","The Hierophant","The Servant 0.9.4","TheHero","TheSurvivalist"],"gold_per_floor":[99,115,115,122,140,40,40,40,61,61,94,94,109,136,162,144,144],"floor_reached":16,"language":"ENG","playtime":1491,"items_purged":[],"score":120,"play_id":"997e4c0e-f6e5-4056-96cf-501f3036ba03","local_time":"20210130134118","is_ascension_mode":false,"campfire_choices":[{"floor":1,"key":"RECALL"},{"data":"hierophant:Punish","floor":6,"key":"SMITH"},{"data":"hierophant:TollTheBells","floor":8,"key":"SMITH"},{"data":"hierophant:PristineSoul","floor":10,"key":"SMITH"},{"floor":12,"key":"REST"}],"circlet_count":0,"master_deck":["hierophant:Strike_Hierophant","hierophant:Strike_Hierophant","hierophant:Strike_Hierophant","hierophant:Strike_Hierophant","hierophant:Punish+1","hierophant:Defend_Hierophant","hierophant:Defend_Hierophant","hierophant:Defend_Hierophant","hierophant:Defend_Hierophant","hierophant:ChurchCoffers","hierophant:Flagellation","hierophant:Sermon","hierophant:TollTheBells+1","hierophant:PristineSoul+1","hierophant:Exaltation","hierophant:Doubloon","hierophant:Charity","hierophant:Doubloon","hierophant:Refuge","hierophant:Cornucopia","hierophant:Zeal","hierophant:ThreeLashes"],"relics":["hierophant:PropheticMaskRelic","Prayer Wheel","downfall:HeartBlessingRed","infinitespire:Midas Blood","MealTicket","jedi:bottledfury","theForsaken:Lifeblossom"],"acts_visited":["Exordium"],"potions_floor_usage":[14,15],"damage_taken":[{"damage":9,"enemies":"Jaw Worm","floor":2,"turns":6},{"damage":0,"enemies":"Small Slimes","floor":4,"turns":4},{"damage":0,"enemies":"Cultist","floor":5,"turns":3},{"damage":21,"enemies":"3 Sentries","floor":9,"turns":5},{"damage":20,"enemies":"Lagavulin","floor":11,"turns":9},{"damage":0,"enemies":"3 Louse","floor":13,"turns":2},{"damage":27,"enemies":"Gremlin Nob","floor":14,"turns":4},{"damage":12,"enemies":"Blue Slaver","floor":15,"turns":3},{"damage":25,"enemies":"WA_ARCHETYPE_RETAIN","floor":16,"turns":6}],"seed_played":"857914139249469984","potions_obtained":[{"floor":2,"key":"SteroidPotion"},{"floor":14,"key":"PowerPotion"},{"floor":15,"key":"sneckomod:MuddlingPotion"}],"is_trial":false,"path_per_floor":["R","M","?","M","M","R","T","R","E","R","E","R","M","E","M","B"],"character_chosen":"HIEROPHANT","items_purchased":[],"campfire_rested":1,"item_purchase_floors":[],"current_hp_per_floor":[82,73,66,66,66,66,66,66,45,45,25,49,49,22,16,0,0],"gold":144,"neow_bonus":"TEN_PERCENT_HP_BONUS","is_daily":false,"chose_seed":false,"campfire_upgraded":3,"win_rate":0.0,"timestamp":1612010478,"path_taken":["R","M","?","M","M","R","T","R","E","R","E","R","M","E","M","BOSS"],"items_purchased_type":[],"build_version":"2020-12-22","purchased_purges":0,"victory":false,"max_hp_per_floor":[82,82,82,82,82,82,82,82,82,82,82,82,82,82,82,82,82],"card_choices":[{"not_picked":["hierophant:RustyCrate","hierophant:SealAway"],"picked":"hierophant:Flagellation","floor":2},{"not_picked":["hierophant:Doubloon","hierophant:AuricBeam"],"picked":"hierophant:Sermon","floor":4},{"not_picked":["hierophant:AuricBeam","hierophant:SealAway","hierophant:Blessing"],"picked":"SKIP","floor":4},{"not_picked":["hierophant:Purify","hierophant:PassingBell"],"picked":"hierophant:TollTheBells","floor":5},{"not_picked":["hierophant:Purify","hierophant:Remorse","hierophant:DisplayOfPower"],"picked":"SKIP","floor":5},{"not_picked":["hierophant:WrathOfGod","hierophant:FlamingChariot"],"picked":"hierophant:PristineSoul","floor":9},{"not_picked":["hierophant:OrnateBuckler","hierophant:AuricBeam"],"picked":"hierophant:Exaltation","floor":11},{"not_picked":["hierophant:Bribe","hierophant:SealAway"],"picked":"hierophant:Charity","floor":13},{"not_picked":["hierophant:MirrorShield","hierophant:Doomsaying"],"picked":"hierophant:Refuge","floor":13},{"not_picked":["hierophant:Doubloon","hierophant:FlamingChariot"],"picked":"hierophant:Cornucopia","floor":14},{"not_picked":["hierophant:HolyVerse","hierophant:Doubloon"],"picked":"hierophant:Zeal","floor":15},{"not_picked":["hierophant:RepressedViolence","hierophant:CoinFling"],"picked":"hierophant:ThreeLashes","floor":15}],"player_experience":518702,"relics_obtained":[{"floor":7,"key":"infinitespire:Midas Blood"},{"floor":9,"key":"MealTicket"},{"floor":11,"key":"jedi:bottledfury"},{"floor":14,"key":"theForsaken:Lifeblossom"}],"event_choices":[{"damage_healed":0,"gold_gain":0,"player_choice":"Success","damage_taken":7,"relics_obtained":["Prayer Wheel"],"max_hp_gain":0,"max_hp_loss":0,"event_name":"Scrap Ooze","floor":3,"gold_loss":0}],"is_beta":false,"boss_relics":[],"items_purged_floors":[],"is_endless":false,"potions_floor_spawned":[2,14,15],"killed_by":"WA_ARCHETYPE_RETAIN","ascension_level":0}}