{"host":"sc0o2qwpf9j16a4i","time":1612013955,"event":{"mods":["AchievementEnabler","BaseMod","BetterRewards","Block Reminder","Colored Map","Colored Powertips","Custom Start","Highlight Path","Minty Spire (QoL Compilation)","Relic Stats"],"gold_per_floor":[143,29,65,137,137,169,169,199,224,235,264,264,264,291,291,390,390,410,410,186,186,186,214,214,241,266,266,216,244,255,285,285,384,384,395,60,70,70,2,34,50,85,111,141,141,141,9,36,36,36],"floor_reached":51,"language":"ENG","playtime":2544,"items_purged":[],"score":1211,"play_id":"e4c48714-ea9f-4096-8261-48404a3f2c15","local_time":"20210130153915","daily_mods":["Shiny","Colorless Cards","Elite Swarm"],"is_ascension_mode":false,"campfire_choices":[{"data":"Limit Break","floor":13,"key":"SMITH"},{"data":"Apotheosis","floor":15,"key":"SMITH"},{"floor":24,"key":"REST"},{"data":"Apotheosis","floor":27,"key":"SMITH"},{"data":"Offering","floor":32,"key":"SMITH"},{"data":"Feel No Pain","floor":45,"key":"SMITH"},{"data":"True Grit","floor":49,"key":"SMITH"}],"circlet_count":0,"master_deck":["Double Tap","Demon Form","Bludgeon","Feed","Limit Break+1","Corruption","Barricade+1","Fiend Fire","Berserk","Impervious","Juggernaut","Brutality","Reaper","Exhume","Offering+1","Immolate","Thinking Ahead","Metamorphosis","Master of Strategy","Magnetism","Chrysalis","Transmutation","HandOfGreed","Mayhem","Apotheosis+1","Secret Weapon","Panache","Violence","Secret Technique+1","The Bomb","Sadistic Nature","Shockwave","Flame Barrier+1","Exhume","Dark Embrace","Feed","Limit Break","Feed","Disarm+1","Body Slam","Feel No Pain+1","Whirlwind+1","Enlightenment","Limit Break","Impervious","Shrug It Off+1","Apotheosis+1","Demon Form","Shame","Limit Break","Shockwave","Body Slam","Secret Technique","Panacea","Mind Blast+1","Evolve","Rupture+1","Feel No Pain","Impervious","Disarm+1","Corruption","Normality","True Grit+1","Purity","Corruption"],"relics":["Burning Blood","Anchor","Letter Opener","War Paint","Vajra","Pantograph","Question Card","Prayer Wheel","Cursed Key","Orrery","Enchiridion","Pear","Boot","Orichalcum","Pen Nib","Mark of Pain","Dead Branch","Du-Vu Doll","Centennial Puzzle","Red Skull","MealTicket","Toy Ornithopter"],"acts_visited":["Exordium","TheCity","TheBeyond"],"potions_floor_usage":[11,16,23,30,37,50,50],"damage_taken":[{"damage":1,"enemies":"Cultist","floor":1,"turns":2},{"damage":1,"enemies":"Small Slimes","floor":3,"turns":3},{"damage":12,"enemies":"Lagavulin","floor":6,"turns":5},{"damage":0,"enemies":"Gremlin Nob","floor":8,"turns":3},{"damage":1,"enemies":"Jaw Worm","floor":10,"turns":3},{"damage":0,"enemies":"3 Sentries","floor":11,"turns":2},{"damage":13,"enemies":"Lagavulin","floor":14,"turns":6},{"damage":64,"enemies":"Hexaghost","floor":16,"turns":6},{"damage":9,"enemies":"Shell Parasite","floor":18,"turns":6},{"damage":46,"enemies":"Slavers","floor":23,"turns":9},{"damage":6,"enemies":"Gremlin Leader","floor":25,"turns":3},{"damage":30,"enemies":"Book of Stabbing","floor":29,"turns":7},{"damage":12,"enemies":"3 Byrds","floor":30,"turns":3},{"damage":24,"enemies":"Gremlin Leader","floor":31,"turns":5},{"damage":16,"enemies":"Automaton","floor":33,"turns":6},{"damage":8,"enemies":"3 Shapes","floor":35,"turns":4},{"damage":3,"enemies":"3 Darklings","floor":37,"turns":5},{"damage":5,"enemies":"Giant Head","floor":40,"turns":6},{"damage":7,"enemies":"Jaw Worm Horde","floor":41,"turns":2},{"damage":12,"enemies":"Nemesis","floor":42,"turns":7},{"damage":0,"enemies":"Giant Head","floor":44,"turns":4},{"damage":0,"enemies":"Nemesis","floor":48,"turns":1},{"damage":31,"enemies":"Awakened One","floor":50,"turns":15}],"seed_played":"1543962037370253506","potions_obtained":[{"floor":1,"key":"LiquidMemories"},{"floor":8,"key":"DuplicationPotion"},{"floor":14,"key":"DistilledChaos"},{"floor":16,"key":"ColorlessPotion"},{"floor":18,"key":"Swift Potion"},{"floor":31,"key":"PowerPotion"},{"floor":35,"key":"GamblersBrew"},{"floor":40,"key":"SkillPotion"}],"is_trial":true,"path_per_floor":["M","$","M","?","?","E","?","E","T","M","E","T","R","E","R","B",null,"M","?","$","?","?","E","R","E","T","R","?","E","M","E","R","B",null,"M","$","M","?","$","E","M","E","T","E","R","?","$","E","R","B",null],"character_chosen":"IRONCLAD","items_purchased":["Shockwave","Flame Barrier","Feel No Pain","Orrery","Dead Branch","Evolve","Feel No Pain","True Grit","Purity"],"campfire_rested":1,"item_purchase_floors":[2,2,20,20,36,36,39,47,47],"current_hp_per_floor":[80,80,84,84,84,78,66,72,72,77,83,83,83,80,80,47,92,93,93,93,77,77,59,94,115,115,115,115,118,130,122,122,124,134,136,136,142,142,142,145,152,157,157,157,157,149,149,153,153,153],"gold":36,"neow_bonus":"","is_daily":false,"chose_seed":false,"campfire_upgraded":6,"win_rate":0.0,"timestamp":1612013955,"path_taken":["M","$","M","?","?","E","?","E","T","M","E","?","R","E","R","BOSS","M","?","$","?","?","E","R","E","T","R","?","E","M","E","R","BOSS","M","$","?","?","?","E","?","E","T","E","R","?","$","E","R","BOSS"],"items_purchased_type":["Card","Card","Card","Relic","Relic","Card","Card","Card","Card"],"build_version":"2020-12-22","purchased_purges":0,"victory":true,"max_hp_per_floor":[80,80,84,84,84,84,84,84,84,84,84,84,84,88,88,92,92,96,96,96,96,96,118,118,118,118,118,118,118,130,134,134,134,134,138,138,142,142,142,145,153,157,157,157,157,149,149,153,153,161],"relic_stats":{"counters":[23,113],"Dead Branch":[174],"Pen Nib":[5],"Letter Opener":[521],"War Paint":["Secret Technique","Flame Barrier"],"Orichalcum":[42],"Question Card":26,"Cursed Key":2,"Boot":[0],"Burning Blood":94,"Centennial Puzzle":[3],"Pantograph":20,"Prayer Wheel":5,"MealTicket":0,"obtain_stats":[{"Pear":23,"Dead Branch":36,"Vajra":9,"Enchiridion":21,"Pen Nib":31,"Letter Opener":7,"War Paint":8,"Orichalcum":26,"Question Card":12,"Cursed Key":17,"Boot":25,"Burning Blood":0,"Du-Vu Doll":40,"Anchor":6,"Centennial Puzzle":42,"Pantograph":11,"Orrery":20,"Prayer Wheel":14,"MealTicket":44,"Mark of Pain":34,"Red Skull":43,"Toy Ornithopter":48},{"Pear":10,"Dead Branch":16,"Vajra":4,"Enchiridion":9,"Pen Nib":14,"Letter Opener":3,"War Paint":4,"Orichalcum":11,"Question Card":6,"Cursed Key":8,"Boot":11,"Burning Blood":0,"Du-Vu Doll":18,"Anchor":3,"Centennial Puzzle":20,"Pantograph":6,"Orrery":9,"Prayer Wheel":7,"MealTicket":21,"Mark of Pain":15,"Red Skull":20,"Toy Ornithopter":22},{"Pear":45,"Dead Branch":73,"Vajra":13,"Enchiridion":36,"Pen Nib":63,"Letter Opener":10,"War Paint":13,"Orichalcum":48,"Question Card":18,"Cursed Key":30,"Boot":48,"Burning Blood":0,"Du-Vu Doll":84,"Anchor":10,"Centennial Puzzle":93,"Pantograph":18,"Orrery":36,"Prayer Wheel":24,"MealTicket":97,"Mark of Pain":69,"Red Skull":93,"Toy Ornithopter":98}],"Toy Ornithopter":5},"card_choices":[{"not_picked":["Sentinel","Pommel Strike","Swift Strike"],"picked":"SKIP","floor":1},{"not_picked":["Warcry","Sever Soul","Cleave"],"picked":"SKIP","floor":3},{"not_picked":["Sadistic Nature","Berserk","Magnetism"],"picked":"SKIP","floor":6},{"not_picked":["Panache","Secret Technique"],"picked":"Exhume","floor":8},{"not_picked":["Iron Wave","Perfected Strike"],"picked":"Dark Embrace","floor":10},{"not_picked":["Berserk","Juggernaut"],"picked":"Feed","floor":11},{"not_picked":["Panache","Demon Form","Transmutation"],"picked":"Limit Break","floor":14},{"not_picked":["Juggernaut","Immolate","Magnetism"],"picked":"Feed","floor":16},{"not_picked":["Thunderclap","Mind Blast","Anger"],"picked":"Disarm+1","floor":18},{"not_picked":["Finesse","Clothesline","Pommel Strike"],"picked":"Body Slam","floor":18},{"not_picked":["Madness","Rupture","Twin Strike"],"picked":"Whirlwind+1","floor":20},{"not_picked":["Shockwave","Flex","Anger"],"picked":"Enlightenment","floor":20},{"not_picked":["Thunderclap","Headbutt","Perfected Strike"],"picked":"Limit Break","floor":20},{"not_picked":["Cleave","Rampage","Clothesline+1"],"picked":"Impervious","floor":20},{"not_picked":["Secret Weapon","Heavy Blade","Evolve"],"picked":"Shrug It Off+1","floor":20},{"not_picked":["Brutality","Offering","Magnetism"],"picked":"Apotheosis","floor":23},{"not_picked":["Immolate","Metamorphosis","Fiend Fire"],"picked":"Demon Form","floor":25},{"not_picked":["Sadistic Nature","Exhume","Immolate"],"picked":"Limit Break","floor":29},{"not_picked":["Rampage","Sword Boomerang","Bandage Up+1"],"picked":"Shockwave","floor":30},{"not_picked":["Finesse","Bloodletting","Madness"],"picked":"Body Slam","floor":30},{"not_picked":["Mayhem","Secret Weapon","Berserk","Brutality"],"picked":"SKIP","floor":31},{"not_picked":["Magnetism","Thinking Ahead","Double Tap"],"picked":"Secret Technique","floor":33},{"not_picked":["Armaments","Thunderclap","Dropkick"],"picked":"Panacea","floor":35},{"not_picked":["Intimidate","Warcry+1","Twin Strike"],"picked":"Mind Blast+1","floor":35},{"not_picked":["Havoc","Jack Of All Trades+1","Cleave"],"picked":"Rupture+1","floor":37},{"not_picked":["Anger","Clash","Hemokinesis+1","Perfected Strike+1"],"picked":"SKIP","floor":37},{"not_picked":["Metamorphosis","Reaper","Apotheosis"],"picked":"Impervious","floor":40},{"not_picked":["Flash of Steel+1","Clash","Metallicize+1"],"picked":"Disarm+1","floor":41},{"not_picked":["Carnage+1","Wild Strike+1","Clothesline","Deep Breath"],"picked":"SKIP","floor":41},{"not_picked":["Double Tap","Panache","Violence"],"picked":"Corruption","floor":42},{"not_picked":["Metamorphosis","Violence","Bludgeon","Brutality"],"picked":"SKIP","floor":44},{"not_picked":["Feed","Metamorphosis","Panache"],"picked":"Corruption","floor":48}],"player_experience":1085769,"relics_obtained":[{"floor":6,"key":"Anchor"},{"floor":8,"key":"War Paint"},{"floor":9,"key":"Vajra"},{"floor":11,"key":"Pantograph"},{"floor":12,"key":"Question Card"},{"floor":14,"key":"Prayer Wheel"},{"floor":21,"key":"Enchiridion"},{"floor":23,"key":"Pear"},{"floor":25,"key":"Boot"},{"floor":26,"key":"Orichalcum"},{"floor":31,"key":"Pen Nib"},{"floor":40,"key":"Du-Vu Doll"},{"floor":42,"key":"Centennial Puzzle"},{"floor":43,"key":"Red Skull"},{"floor":44,"key":"MealTicket"},{"floor":48,"key":"Toy Ornithopter"}],"event_choices":[{"damage_healed":0,"gold_gain":72,"player_choice":"Gained Gold","damage_taken":0,"max_hp_gain":0,"max_hp_loss":0,"event_name":"Golden Wing","floor":4,"gold_loss":0},{"damage_healed":0,"gold_gain":0,"player_choice":"Leave","damage_taken":0,"max_hp_gain":0,"max_hp_loss":0,"event_name":"The Cleric","floor":5,"gold_loss":0},{"damage_healed":0,"gold_gain":0,"player_choice":"Success","damage_taken":12,"relics_obtained":["Letter Opener"],"max_hp_gain":0,"max_hp_loss":0,"event_name":"Scrap Ooze","floor":7,"gold_loss":0},{"damage_healed":0,"gold_gain":0,"player_choice":"Ignored","damage_taken":0,"max_hp_gain":0,"max_hp_loss":0,"event_name":"Vampires","floor":19,"gold_loss":0},{"damage_healed":0,"gold_gain":0,"player_choice":"Obtained Book","damage_taken":16,"max_hp_gain":0,"max_hp_loss":0,"event_name":"Cursed Tome","floor":21,"gold_loss":0},{"damage_healed":0,"gold_gain":0,"player_choice":"Simplicity","damage_taken":0,"max_hp_gain":0,"max_hp_loss":0,"event_name":"Back to Basics","floor":22,"gold_loss":0,"cards_upgraded":[]},{"damage_healed":0,"gold_gain":0,"player_choice":"Bet on Murderer","damage_taken":0,"max_hp_gain":0,"max_hp_loss":0,"event_name":"The Joust","floor":28,"gold_loss":50},{"damage_healed":0,"gold_gain":0,"player_choice":"Forge","damage_taken":0,"max_hp_gain":0,"max_hp_loss":0,"event_name":"Accursed Blacksmith","floor":38,"gold_loss":0,"cards_upgraded":["Barricade"]},{"damage_healed":0,"gold_gain":0,"player_choice":"Max HP","damage_taken":0,"max_hp_gain":0,"max_hp_loss":8,"event_name":"Winding Halls","floor":46,"gold_loss":0}],"is_beta":false,"boss_relics":[{"not_picked":["Black Blood","Coffee Dripper"],"picked":"Cursed Key"},{"not_picked":["SacredBark","Velvet Choker"],"picked":"Mark of Pain"}],"items_purged_floors":[],"is_endless":false,"potions_floor_spawned":[1,8,14,16,18,31,35,40,44,48],"ascension_level":0}}