{"host":"6p0attdrtjqaih7v","time":1612037546,"event":{"mods":["2.2 Compatiblity","AchievementEnabler","Bard","BaseMod","Better Skull","Better Third Choice","Colored Powertips","Downfall","Hermit","Highlight Path","Key Reminder","Minty Spire (QoL Compilation)","Permanent Neow","Quick Restart","Random Character Button","Relic Stats","Replay The Spire","Robot Space Explorer","StSLib","The Witch"],"gold_per_floor":[111,111,124,140,157,157,157],"floor_reached":6,"language":"ENG","playtime":201,"items_purged":[],"score":76,"play_id":"45c91140-8572-411a-829b-ee3f06ab8c23","local_time":"20210130151226","is_ascension_mode":true,"campfire_choices":[],"circlet_count":0,"master_deck":["AscendersBane","hermit:Strike_Hermit","hermit:Strike_Hermit","hermit:Strike_Hermit","hermit:Defend_Hermit","hermit:Defend_Hermit","hermit:Defend_Hermit","hermit:Defend_Hermit","hermit:Snapshot+1","hermit:Covet","hermit:LowProfile","hermit:Determination","hermit:CalledShot","hermit:WideOpen"],"relics":["hermit:Momento"],"acts_visited":["Exordium"],"potions_floor_usage":[5],"damage_taken":[{"damage":0,"enemies":"2 Louse","floor":1,"turns":2},{"damage":0,"enemies":"Cultist","floor":3,"turns":4},{"damage":10,"enemies":"Small Slimes","floor":4,"turns":7},{"damage":0,"enemies":"3 Louse","floor":5,"turns":1},{"damage":55,"enemies":"Gremlin Nob","floor":6,"turns":4}],"seed_played":"-4383705990175261782","potions_obtained":[{"floor":4,"key":"AttackPotion"}],"is_trial":false,"path_per_floor":["M","?","M","M","M","E"],"character_chosen":"HERMIT","items_purchased":[],"campfire_rested":0,"item_purchase_floors":[],"current_hp_per_floor":[64,64,64,54,54,0,0],"gold":157,"neow_bonus":"UPGRADE_CARD","is_daily":false,"chose_seed":false,"campfire_upgraded":0,"win_rate":0.0,"timestamp":1612037546,"path_taken":["M","?","M","M","?","E"],"items_purchased_type":[],"build_version":"2020-12-22","purchased_purges":0,"victory":false,"max_hp_per_floor":[71,71,71,71,71,71,71],"relic_stats":{"counters":[5,18],"obtain_stats":[{"hermit:Momento":0},{"hermit:Momento":0},{"hermit:Momento":0}]},"card_choices":[{"not_picked":["hermit:Coalescence","hermit:Feint","hermit:EyeOfTheStorm"],"picked":"SKIP","floor":1},{"not_picked":["hermit:Dive","hermit:HoleUp"],"picked":"hermit:Determination","floor":3},{"not_picked":["hermit:Coalescence","hermit:Ricochet"],"picked":"hermit:CalledShot","floor":4},{"not_picked":["hermit:Gestalt","hermit:Vantage"],"picked":"hermit:WideOpen","floor":5}],"player_experience":968659,"relics_obtained":[],"event_choices":[{"damage_healed":0,"gold_gain":0,"cards_transformed":["hermit:Strike_Hermit"],"player_choice":"Transformed","damage_taken":0,"max_hp_gain":0,"max_hp_loss":0,"event_name":"Transmorgrifier","floor":2,"gold_loss":0,"cards_obtained":["hermit:LowProfile"]}],"is_beta":false,"boss_relics":[],"items_purged_floors":[],"is_endless":false,"potions_floor_spawned":[4],"killed_by":"Gremlin Nob","ascension_level":20}}