{"host":"ekyl8r8j8fco3zlk","time":1612031004,"event":{"mods":["ATMod(∞¢Ë™Mod)","Act Like it!","Arknights The Spire","BaseMod","CapriCore","Decade(Õı–°√˜)","Dota2Spire","Downfall","Friendly Minions","Gensokyo","Lobotomy","LobotomyExtend","Marisa£®ÏF”Í°°ƒß¿Ì…≥£©","Minty Spire (QoL Compilation)","READ ME - Guardian Mod","Rare Cards Sparkle","Reimu£®≤©¿ˆ¡È√Œ£©","StSLib","The Alterego","The Immortal","The Jungle","TheWitcher","Waifu the Spire","WarShipGirlsR/’ΩΩ¢…Ÿ≈ÆR mod","Yakumo Yukari mod","°æ“≈ŒÔø®≈∆°øREMEMod"],"gold_per_floor":[110,129,89,107,107,107,145,169,169,182,13,37,77,92,92,218,218,234,257,247,247,265,265,6,6,6,6,25,43,74,98,98,219,219,249,280,306,343,355,367,24,24,24,24,60,60,60,73,73,73,73],"floor_reached":52,"language":"ZHS","playtime":1865,"items_purged":["ats:Dogmatic Field+1"],"score":716,"play_id":"c38f97c5-d2d1-4210-986a-e2bd255d3761","local_time":"20210131022324","is_ascension_mode":false,"campfire_choices":[{"data":"ats:Flexible Camouflage","floor":6,"key":"SMITH"},{"data":"ats:Serious Mode","floor":15,"key":"SMITH"},{"data":"ats:Directed Diagnosis","floor":23,"key":"SMITH"},{"data":"AT_IchimonjiDouble","floor":25,"key":"SMITH"},{"data":"AT_IchimonjiDouble","floor":27,"key":"SMITH"},{"data":"ats:Calcification","floor":32,"key":"SMITH"},{"data":"ats:Disruption Kick","floor":40,"key":"SMITH"},{"data":"ats:Encircling Forest","floor":42,"key":"SMITH"},{"data":"ats:Nebulous Foxfire","floor":44,"key":"SMITH"},{"data":"ats:Charging Defense","floor":47,"key":"SMITH"},{"data":"ats:Armor Crushing Shot","floor":49,"key":"SMITH"}],"circlet_count":0,"master_deck":["ats:Strike C","ats:Strike G","ats:Strike S","ats:Strike V","ats:Armor Crushing Shot+1","ats:Defend","ats:Defend","ats:Defend","ats:Defend","ats:Emotion Absorption","ats:Leaping Hammer","AT_IchimonjiDouble+1","ats:Encircling Forest+1","ats:Flexible Camouflage+1","AT_IchimonjiDouble+1","ats:Demon Strength+1","ats:Directed Diagnosis+1","ats:Serious Mode+1","ats:Red Shift","ats:Roar Of Ursus+1","ats:Assault Order","ats:Calcification+1","ats:Blood Oath","ats:Cat Scratch","ats:Charging Defense+1","ats:Apocalypse","ats:Consecutive Shot Auto+1","ats:Nebulous Foxfire+1","ats:Disruption Kick+1","ats:Automatic Cover+1","ats:Soul Rend+1","ats:Shadow Assault","ats:Closed Bolt Burst Fire+1"],"relics":["ats:Sanity","AT_ATBox","REME_ComplimentaryCards","LetterFromLob","PaintedHorse:ReiMu","Golden Idol","ats:Originium","Gremlin Horn","Frozen Egg 2","Tea:ReiMu","Coffee Dripper","ats:Lavender","AT_DeathDance","Bag of Preparation","REME_LowDesire","AT_ChloranthyRing","MawBank","Membership Card","Dead Branch","Dota2Spire:BlackKingBar"],"acts_visited":["Exordium","TheCity","TheBeyond"],"potions_floor_usage":[7,13,16,33,50,50,50],"damage_taken":[{"damage":6,"enemies":"Cultist","floor":1,"turns":3},{"damage":1,"enemies":"2 Louse","floor":2,"turns":3},{"damage":11,"enemies":"Jaw Worm","floor":4,"turns":3},{"damage":22,"enemies":"Lagavulin","floor":7,"turns":5},{"damage":4,"enemies":"Exordium Wildlife","floor":8,"turns":3},{"damage":6,"enemies":"Exordium Thugs","floor":10,"turns":3},{"damage":6,"enemies":"3 Louse","floor":12,"turns":2},{"damage":15,"enemies":"3 Sentries","floor":13,"turns":4},{"damage":3,"enemies":"Blue Slaver","floor":14,"turns":3},{"damage":24,"enemies":"The Guardian","floor":16,"turns":5},{"damage":10,"enemies":"3 Byrds","floor":18,"turns":4},{"damage":10,"enemies":"Spheric Guardian","floor":19,"turns":3},{"damage":21,"enemies":"Snecko","floor":22,"turns":5},{"damage":7,"enemies":"3 Cultists","floor":28,"turns":5},{"damage":8,"enemies":"Centurion and Healer","floor":29,"turns":5},{"damage":43,"enemies":"Gremlin Leader","floor":30,"turns":4},{"damage":6,"enemies":"Snake Plant","floor":31,"turns":3},{"damage":23,"enemies":"Champ","floor":33,"turns":8},{"damage":1,"enemies":"3 Shapes","floor":35,"turns":3},{"damage":17,"enemies":"Orb Walker","floor":36,"turns":3},{"damage":35,"enemies":"Writhing Mass","floor":37,"turns":4},{"damage":0,"enemies":"Maw","floor":38,"turns":8},{"damage":4,"enemies":"Nemesis","floor":45,"turns":5},{"damage":14,"enemies":"Sphere and 2 Shapes","floor":48,"turns":4},{"damage":73,"enemies":"Donu and Deca","floor":50,"turns":8}],"seed_played":"1302778634114353935","potions_obtained":[{"floor":1,"key":"Slimebound:ThreeZeroPotion"},{"floor":4,"key":"Regen Potion"},{"floor":10,"key":"Regen Potion"},{"floor":13,"key":"DistilledChaos"},{"floor":29,"key":"Ancient Potion"},{"floor":30,"key":"Dexterity Potion"},{"floor":33,"key":"SkillPotion"},{"floor":45,"key":"SteroidPotion"}],"is_trial":false,"path_per_floor":["M","M","?","M","?","R","E","M","T","M","$","M","E","M","R","B",null,"M","M","?","?","M","R","$","R","T","R","M","M","E","M","R","B",null,"M","M","M","M","?","R","$","R","T","R","E","?","R","M","R","B",null,null],"character_chosen":"DOCTOR_CLASS","items_purchased":["ats:Roar Of Ursus+1","ats:Assault Order","ats:Lavender","Membership Card","ats:Soul Rend+1","ats:Shadow Assault"],"campfire_rested":0,"item_purchase_floors":[11,11,24,41,41,41],"current_hp_per_floor":[66,65,65,54,36,36,28,29,29,28,28,22,26,27,27,7,72,63,56,56,56,41,41,41,62,62,72,68,71,37,43,43,55,72,72,56,36,66,72,72,72,72,72,72,72,72,72,69,69,37,37],"gold":73,"neow_bonus":"THREE_CARDS","is_daily":false,"chose_seed":false,"campfire_upgraded":11,"win_rate":0.0,"timestamp":1612031004,"path_taken":["M","?","?","M","?","R","E","M","T","M","?","?","E","M","R","BOSS","M","M","?","?","M","R","$","R","T","R","M","M","E","M","R","BOSS","M","M","M","?","?","R","$","R","T","R","E","?","R","M","R","BOSS"],"items_purchased_type":["Card","Card","Relic","Relic","Card","Card"],"build_version":"2020-12-22","purchased_purges":1,"victory":true,"max_hp_per_floor":[72,72,72,72,72,72,72,72,72,72,72,72,72,72,72,72,72,72,72,72,72,72,72,72,72,72,72,72,72,72,72,72,72,72,72,72,72,72,72,72,72,72,72,72,72,72,72,72,72,72,72],"card_choices":[{"not_picked":["ats:Poison Spread","ats:Blood Oath"],"picked":"ats:Leaping Hammer","floor":0},{"not_picked":["ats:Leaping Hammer","ats:Absolute Focus"],"picked":"ats:Encircling Forest","floor":1},{"not_picked":["ats:Blood Oath","ats:Very Hot Blade"],"picked":"ats:Flexible Camouflage","floor":2},{"not_picked":["ats:Spore Proliferation","ats:Guard Mode"],"picked":"ats:Demon Strength","floor":4},{"not_picked":["ats:Literary Storm","ats:Poison Spread"],"picked":"ats:Directed Diagnosis","floor":7},{"not_picked":["ats:Consecutive Shot Auto","ats:Apocalypse"],"picked":"ats:Serious Mode","floor":8},{"not_picked":["ats:Ignite","ats:Shell Defense"],"picked":"ats:Red Shift","floor":10},{"not_picked":["ats:Flexible Camouflage","ats:Cat Scratch"],"picked":"ats:Calcification","floor":12},{"not_picked":["ats:Shell Defense","ats:Flame Of Heaven"],"picked":"ats:Blood Oath","floor":13},{"not_picked":["ats:Consecutive Shot Auto","ats:Serious Mode+1"],"picked":"ats:Cat Scratch","floor":14},{"not_picked":["ats:Nebulous Foxfire","ats:True Silver Slash"],"picked":"ats:Dogmatic Field+1","floor":16},{"not_picked":["ats:Composite Medical Shells+1","ats:Burning Ground+1"],"picked":"ats:Charging Defense","floor":18},{"not_picked":["ats:Very Hot Blade","ats:Leaping Hammer"],"picked":"ats:Apocalypse","floor":19},{"not_picked":["ats:Powerful Strike","ats:Ignite"],"picked":"ats:Magnetic Hammer","floor":22},{"not_picked":["ats:Hammer On","ats:Counter Healing Mode+1"],"picked":"ats:Consecutive Shot Auto+1","floor":28},{"not_picked":["ats:Assault Order","ats:Cat Scratch"],"picked":"ats:Nebulous Foxfire","floor":29},{"not_picked":["ats:Very Hot Blade","ats:Charging Defense+1","ats:Mental Burst"],"picked":"SKIP","floor":30},{"not_picked":["ats:Hammer On","ats:Collapsing Strike","ats:Consecutive Shot Auto+1"],"picked":"SKIP","floor":31},{"not_picked":["ats:Echo Reverb","ats:Calcification"],"picked":"ats:Disruption Kick","floor":33},{"not_picked":["ats:Powerful Strike","ats:Apocalypse+1","ats:Shadow Raid","Thinking Ahead"],"picked":"SKIP","floor":35},{"not_picked":["ats:Blood Oath","ats:Flexible Camouflage+1","ats:Hammer On+1","REME_TheoryOfElimination"],"picked":"SKIP","floor":36},{"not_picked":["ats:Blood Oath+1","ats:Collapsing Strike+1","Deep Breath"],"picked":"ats:Automatic Cover+1","floor":37},{"not_picked":["ats:LN2 Cannon","ats:Assault Order+1","ats:Flexible Camouflage","Magnetism+1"],"picked":"SKIP","floor":38},{"not_picked":["ats:Mental Burst","ats:Flexible Camouflage","Bandage Up"],"picked":"ats:Closed Bolt Burst Fire+1","floor":45},{"not_picked":["ats:Magnetic Hammer+1","ats:Beaten Up","ats:Rat Pack","Apotheosis"],"picked":"SKIP","floor":48}],"player_experience":744395,"relics_obtained":[{"floor":1,"key":"LetterFromLob"},{"floor":7,"key":"ats:Originium"},{"floor":7,"key":"Gremlin Horn"},{"floor":9,"key":"Frozen Egg 2"},{"floor":13,"key":"ats:Originium"},{"floor":13,"key":"Tea:ReiMu"},{"floor":26,"key":"AT_DeathDance"},{"floor":30,"key":"ats:Originium"},{"floor":30,"key":"Bag of Preparation"},{"floor":34,"key":"AT_ChloranthyRing"},{"floor":34,"key":"MawBank"},{"floor":43,"key":"Dead Branch"},{"floor":45,"key":"ats:Originium"},{"floor":45,"key":"Dota2Spire:BlackKingBar"}],"event_choices":[{"damage_healed":0,"gold_gain":0,"player_choice":"»˚«Æ","damage_taken":0,"relics_obtained":["PaintedHorse:ReiMu"],"max_hp_gain":0,"max_hp_loss":0,"event_name":"yidonshenshe","floor":3,"gold_loss":40},{"damage_healed":0,"gold_gain":0,"player_choice":"Take Damage","damage_taken":18,"relics_obtained":["Golden Idol"],"max_hp_gain":0,"max_hp_loss":0,"event_name":"Golden Idol","floor":5,"gold_loss":0},{"damage_healed":0,"gold_gain":0,"player_choice":"Forge","damage_taken":0,"max_hp_gain":0,"max_hp_loss":0,"event_name":"Accursed Blacksmith","floor":21,"gold_loss":0,"cards_upgraded":["ats:Demon Strength"]},{"cards_removed":["ats:Magnetic Hammer"],"damage_healed":0,"gold_gain":0,"player_choice":"Purged","damage_taken":0,"max_hp_gain":0,"max_hp_loss":0,"event_name":"Purifier","floor":46,"gold_loss":0}],"is_beta":false,"boss_relics":[{"not_picked":["SlaversCollar","REME_DemonsWealth"],"picked":"Coffee Dripper"},{"not_picked":["bronze:MakeshiftBattery","Runic Dome"],"picked":"REME_LowDesire"}],"items_purged_floors":[41],"is_endless":false,"potions_floor_spawned":[1,4,10,13,29,30,33,35,38,45],"ascension_level":0}}