{"host":"ef3ybc9bdsabvdps","time":1612013757,"event":{"mods":["BaseMod","Minty Spire (QoL Compilation)"],"gold_per_floor":[115,115,131,150,75,75,109,109,181,181,181,200,251,201,201,297,297,309,326,326,337,262,290,290,290,290],"floor_reached":25,"language":"KOR","playtime":1100,"items_purged":["Strike_R"],"score":274,"play_id":"b9ab9a05-d0c0-4375-886b-793d6df6d430","local_time":"20210130223557","is_ascension_mode":true,"campfire_choices":[{"data":"Bash","floor":6.0,"key":"SMITH"},{"data":"Dropkick","floor":8.0,"key":"SMITH"},{"data":"Flame Barrier","floor":15.0,"key":"SMITH"},{"data":"Rampage","floor":24,"key":"SMITH"}],"circlet_count":0,"master_deck":["Strike_R","Strike_R","Defend_R","Defend_R","Bash+1","Dropkick+1","Disarm","Shrug It Off","Limit Break","Panacea","Spot Weakness","Flame Barrier+1","Double Tap","RitualDagger","Rampage+1"],"relics":["Burning Blood","MealTicket","Meat on the Bone","Orichalcum","Black Star","Nunchaku","Shuriken"],"acts_visited":["Exordium","TheCity"],"potions_floor_usage":[23,23],"damage_taken":[{"damage":3.0,"enemies":"2 Louse","floor":1.0,"turns":4.0},{"damage":10.0,"enemies":"Cultist","floor":3.0,"turns":5.0},{"damage":6.0,"enemies":"Jaw Worm","floor":4.0,"turns":5.0},{"damage":30.0,"enemies":"Gremlin Nob","floor":7.0,"turns":4.0},{"damage":12.0,"enemies":"Large Slime","floor":12.0,"turns":6.0},{"damage":35.0,"enemies":"The Guardian","floor":16.0,"turns":11.0},{"damage":30.0,"enemies":"Spheric Guardian","floor":18.0,"turns":9.0},{"damage":8.0,"enemies":"Chosen","floor":19.0,"turns":5.0},{"damage":10.0,"enemies":"Shelled Parasite and Fungi","floor":21.0,"turns":5.0},{"damage":40,"enemies":"Slavers","floor":23,"turns":7},{"damage":32,"enemies":"Book of Stabbing","floor":25,"turns":4}],"seed_played":"817931082671883231","potions_obtained":[{"floor":4.0,"key":"Fire Potion"},{"floor":16.0,"key":"FearPotion"}],"is_trial":false,"path_per_floor":["M","?","M","M","$","R","E","R","T","?","?","M","T","?","R","B",null,"M","M","?","M","?","E","R","E"],"character_chosen":"IRONCLAD","items_purchased":[],"campfire_rested":0,"item_purchase_floors":[],"current_hp_per_floor":[88,88,84,84,84,84,60,60,60,53,53,59,59,59,59,42,77,53,51,45,53,53,31,31,0,0],"gold":290,"neow_bonus":"TEN_PERCENT_HP_BONUS","is_daily":false,"chose_seed":false,"campfire_upgraded":4,"win_rate":0.0,"timestamp":1612013757,"path_taken":["M","?","?","M","?","R","E","R","T","?","?","?","?","?","R","BOSS","M","M","?","M","?","E","R","E"],"items_purchased_type":[],"build_version":"2020-12-22","purchased_purges":1,"victory":false,"max_hp_per_floor":[88,88,88,88,88,88,88,88,88,88,88,88,88,88,88,88,88,88,88,88,88,88,88,88,88,88],"card_choices":[{"not_picked":["Havoc","Anger"],"picked":"Dropkick","floor":1.0},{"not_picked":["Body Slam","Heavy Blade"],"picked":"Disarm","floor":3.0},{"not_picked":["Armaments","Heavy Blade"],"picked":"Shrug It Off","floor":4.0},{"not_picked":["Whirlwind","Infernal Blade"],"picked":"Limit Break","floor":7.0},{"not_picked":["Iron Wave","Clothesline"],"picked":"Flame Barrier","floor":12.0},{"not_picked":["Fiend Fire","Barricade"],"picked":"Double Tap","floor":16.0},{"not_picked":["Anger","Twin Strike","Spot Weakness"],"picked":"SKIP","floor":18.0},{"not_picked":["Anger","Perfected Strike","Havoc+1"],"picked":"SKIP","floor":19.0},{"not_picked":["Headbutt","Searing Blow"],"picked":"Rampage","floor":21.0},{"not_picked":["Cleave","Body Slam","Flame Barrier"],"picked":"SKIP","floor":23}],"player_experience":330468,"relics_obtained":[{"floor":7.0,"key":"MealTicket"},{"floor":9.0,"key":"Meat on the Bone"},{"floor":13.0,"key":"Orichalcum"},{"floor":23,"key":"Nunchaku"},{"floor":23,"key":"Shuriken"}],"event_choices":[{"cards_removed":["Strike_R"],"damage_healed":0.0,"max_hp_gain":0.0,"max_hp_loss":0.0,"gold_gain":0.0,"event_name":"Bonfire Elementals","player_choice":"Offered Basic","floor":2.0,"gold_loss":0.0,"damage_taken":0.0},{"cards_removed":["Defend_R"],"damage_healed":0.0,"max_hp_gain":0.0,"max_hp_loss":0.0,"gold_gain":0.0,"event_name":"Golden Wing","player_choice":"Card Removal","floor":10.0,"gold_loss":0.0,"damage_taken":7.0},{"damage_healed":0.0,"max_hp_gain":0.0,"max_hp_loss":0.0,"gold_gain":0.0,"event_name":"Match and Keep!","player_choice":"2 cards matched","floor":11.0,"gold_loss":0.0,"damage_taken":0.0,"cards_obtained":["Panacea","Spot Weakness"]},{"cards_removed":["Defend_R"],"damage_healed":0.0,"max_hp_gain":0.0,"max_hp_loss":0.0,"gold_gain":0.0,"event_name":"The Cleric","player_choice":"Card Removal","floor":14.0,"gold_loss":50.0,"damage_taken":0.0},{"damage_healed":0.0,"max_hp_gain":0.0,"max_hp_loss":0.0,"gold_gain":0.0,"event_name":"Nest","player_choice":"Joined the Cult","floor":20.0,"gold_loss":0.0,"damage_taken":6.0,"cards_obtained":["RitualDagger"]},{"cards_removed":["Strike_R"],"damage_healed":0.0,"max_hp_gain":0.0,"max_hp_loss":0.0,"gold_gain":0.0,"event_name":"Beggar","player_choice":"Gave Gold","floor":22.0,"gold_loss":75.0,"damage_taken":0.0}],"is_beta":false,"boss_relics":[{"not_picked":["Tiny House","Fusion Hammer"],"picked":"Black Star"}],"items_purged_floors":[5],"is_endless":false,"potions_floor_spawned":[4,16],"killed_by":"Book of Stabbing","ascension_level":5}}