{"host":"ijtyqc57s6c9mbij","time":1612044475,"event":{"mods":["BaseMod","Colored Map","Downfall","Minty Spire (QoL Compilation)","StSLib"],"gold_per_floor":[99,109,109,94,94,120,120,20,36,36,36,486,386,398,415,515,515,515,529,529,548,648,648,648,658,658,691,691,720,795,286,297,395,445,345,359,372,22,39,92,92,118,118,118,118,118,118,33,48,48,48,82,4,4,4,4,4,4],"floor_reached":56,"language":"ENG","playtime":5886,"items_purged":["downfall:Icky","downfall:Icky"],"score":947,"play_id":"e728ca3d-bcfb-4cfd-b404-bef4aedfd9ab","local_time":"20210130140755","is_ascension_mode":true,"campfire_choices":[{"data":"champ:Execute","floor":1,"key":"SMITH"},{"floor":8,"key":"RECALL"},{"data":"champ:FancyFootwork","floor":13,"key":"SMITH"},{"data":"champ:CrookedStrike","floor":18,"key":"SMITH"},{"data":"champ:DefensiveStyle","floor":23,"key":"SMITH"},{"data":"champ:BerserkerStyle","floor":35,"key":"SMITH"},{"data":"champ:TripleStrike","floor":45,"key":"SMITH"},{"data":"champ:LastStand","floor":54,"key":"SMITH"}],"circlet_count":0,"master_deck":["champ:Strike","champ:Strike","champ:Strike+1","champ:Strike","champ:Execute+1","champ:Taunt+1","champ:FocusedBerserking+1","champ:FancyFootwork+1","champ:StanceDance+1","champ:AdrenalArmor+1","champ:BerserkersShout+1","champ:CrookedStrike+1","champ:HoldFirm+1","champ:ArenaPreparation+1","champ:FaceSlap","J.A.X.+1","champ:DefensiveStyle+1","champ:GutPunch","champ:ArenaPreparation+1","champ:BringItOn+1","champ:VampiricStrike","champ:DeathBlow","champ:Shatter+1","champ:BerserkerStyle+1","champ:Lariat+1","champ:ShieldThrow","champ:ViciousMockery+1","champ:HoldFirm+1","champ:ShieldWall","champ:Circumvent+1","champ:FalseCounter+1","champ:Lariat+1","champ:ShieldWall+1","champ:VampiricStrike","champ:TripleStrike+1","champ:Endure+1","champ:Endure+1","champ:Lariat+1","champ:Circumvent+1","CurseOfTheBell","CurseOfTheBell","champ:MurderStrike+1","downfall:Icky","expansioncontent:Hexaburn","expansioncontent:YouAreMine+1","expansioncontent:PrepareCrush+1","champ:ShieldSlam+1","champ:CheapShot+1","champ:LastStand+1"],"relics":["Velvet Choker","Toxic Egg 2","Juzu Bracelet","downfall:HeartBlessingGreen","downfall:HeartBlessingRed","Black Star","MutagenicStrength","Pen Nib","Bird Faced Urn","War Paint","Akabeko","Sling","Tiny House","downfall:HeartBlessingBlue","champ:DefensiveTrainingManual","InkBottle","Orrery","Ginger","Sundial","Molten Egg 2","Mercury Hourglass","downfall:ExtraCursedBell","Question Card","PreservedInsect","Calipers","Bottled Lightning","Toy Ornithopter"],"acts_visited":["Exordium","TheCity","TheBeyond","TheEnding"],"potions_floor_usage":[16,27,27,33,33,36,39,49,50,55,55,56],"damage_taken":[{"damage":15,"enemies":"Small Slimes","floor":2,"turns":3},{"damage":20,"enemies":"downfall:FleeingMerchant","floor":4,"turns":4},{"damage":45,"enemies":"Gremlin Nob","floor":6,"turns":4},{"damage":0,"enemies":"Cultist","floor":9,"turns":3},{"damage":20,"enemies":"2 Louse","floor":14,"turns":2},{"damage":44,"enemies":"2 Fungi Beasts","floor":15,"turns":3},{"damage":102,"enemies":"WA_ARCHETYPE_RETAIN","floor":16,"turns":8},{"damage":50,"enemies":"Spheric Guardian","floor":19,"turns":4},{"damage":51,"enemies":"Snecko","floor":21,"turns":5},{"damage":68,"enemies":"downfall:Augmenter","floor":22,"turns":5},{"damage":48,"enemies":"Snake Plant","floor":25,"turns":4},{"damage":104,"enemies":"Gremlin Leader","floor":27,"turns":7},{"damage":66,"enemies":"Slavers","floor":29,"turns":3},{"damage":54,"enemies":"downfall:FleeingMerchant","floor":31,"turns":4},{"damage":48,"enemies":"Centurion and Healer","floor":32,"turns":4},{"damage":85,"enemies":"SI_MIRROR_ARCHETYPE","floor":33,"turns":7},{"damage":74,"enemies":"3 Darklings","floor":36,"turns":4},{"damage":21,"enemies":"3 Shapes","floor":37,"turns":4},{"damage":81,"enemies":"downfall:FleeingMerchant","floor":38,"turns":4},{"damage":60,"enemies":"Jaw Worm Horde","floor":39,"turns":3},{"damage":43,"enemies":"2 Orb Walkers","floor":40,"turns":4},{"damage":118,"enemies":"Nemesis","floor":42,"turns":5},{"damage":22,"enemies":"4 Shapes","floor":49,"turns":3},{"damage":58,"enemies":"IC_BLOCK_ARCHETYPE","floor":50,"turns":7},{"damage":128,"enemies":"downfall:CharBossMerchant","floor":52,"turns":7},{"damage":220,"enemies":"downfall:NeowBoss","floor":55,"turns":19},{"damage":216,"enemies":"downfall:NeowBossFinal","floor":56,"turns":11}],"seed_played":"1579080920301395451","potions_obtained":[{"floor":14,"key":"Strength Potion"},{"floor":15,"key":"Block Potion"},{"floor":16,"key":"Regen Potion"},{"floor":21,"key":"SkillPotion"},{"floor":22,"key":"Regen Potion"},{"floor":30,"key":"downfall:CursedFountainPotion"},{"floor":34,"key":"FairyPotion"},{"floor":36,"key":"champ:CounterPotion"},{"floor":39,"key":"PowerPotion"},{"floor":40,"key":"DuplicationPotion"},{"floor":49,"key":"Dexterity Potion"}],"is_trial":false,"path_per_floor":["R","M","?","$","?","E","T","R","M","?","?","?","R","M","M","B",null,"R","M","?","M","?","R","T","M","?","E","?","E","?","$","M","B",null,"R","M","M","$","M","?","T","E","?","?","R","?","?","$","M","B",null,"E","$","R","B","B"],"character_chosen":"THE_CHAMP","items_purchased":["Sling","champ:OpenerPotion","champ:BerserkerStyle","champ:Lariat+1","champ:ShieldThrow","champ:DefensiveTrainingManual","InkBottle","champ:Lariat+1","Orrery","champ:ShieldSlam+1","hexamod:SoulburnPotion","DuplicationPotion"],"campfire_rested":0,"item_purchase_floors":[31,31,31,31,31,38,38,38,38,48,48,53],"current_hp_per_floor":[90,85,90,90,90,65,65,65,65,65,70,70,70,70,66,29,95,95,75,75,64,61,61,61,43,43,64,64,55,55,53,52,53,100,110,83,87,86,70,45,45,65,65,65,65,65,55,55,51,44,110,84,84,84,71,0,0,0],"gold":4,"neow_bonus":"BOSS_RELIC","is_daily":false,"chose_seed":false,"campfire_upgraded":7,"win_rate":0.0,"timestamp":1612044475,"path_taken":["R","M","?","?","?","E","T","R","M","?","?","?","R","M","M","BOSS","R","M","?","M","?","R","T","M","?","E","?","E","?","$","M","BOSS","R","M","M","$","M","?","T","E","?","?","R","?","?","$","M","BOSS","E","$","R","BOSS","BOSS"],"items_purchased_type":["Relic","Potion","Card","Card","Card","Relic","Relic","Card","Relic","Card","Potion","Potion"],"build_version":"2020-12-22","purchased_purges":2,"victory":false,"max_hp_per_floor":[90,90,90,90,90,90,90,90,90,90,95,95,95,95,95,95,95,95,95,95,95,95,95,95,95,95,95,95,95,95,95,95,95,100,110,110,110,110,110,110,110,110,110,110,110,110,110,110,110,110,110,110,110,110,110,110,110,110],"card_choices":[{"not_picked":["champ:Shatter","champ:FlashCut"],"picked":"champ:GutPunch","floor":2},{"not_picked":["champ:PreemptiveStrike","champ:FancyFootwork"],"picked":"champ:FocusedBerserking","floor":4},{"not_picked":["champ:DefensiveStyle","champ:BladeFlurry"],"picked":"champ:StanceDance+1","floor":6},{"not_picked":["champ:BerserkersShout+1","champ:VampiricStrike"],"picked":"champ:AdrenalArmor+1","floor":9},{"not_picked":["champ:PreciseThrust","champ:FocusedBerserking+1"],"picked":"champ:BerserkersShout+1","floor":14},{"not_picked":["champ:ShieldWall","champ:FancyFootwork+1"],"picked":"champ:CrookedStrike","floor":15},{"not_picked":["champ:SteelEdge","champ:UltimateStance+1"],"picked":"champ:HoldFirm+1","floor":16},{"not_picked":["champ:PreciseThrust","champ:GutPunch"],"picked":"champ:PerfectedStrike","floor":19},{"not_picked":["champ:Backstep+1","champ:CrownThrow"],"picked":"champ:ArenaPreparation+1","floor":21},{"not_picked":["champ:FancyFootwork+1","champ:FanOfKnives"],"picked":"champ:FaceSlap","floor":22},{"not_picked":[],"picked":"J.A.X.","floor":22},{"not_picked":["champ:StanceDance+1","champ:PreciseThrust"],"picked":"champ:ArenaPreparation+1","floor":25},{"not_picked":["champ:Encircle+1","champ:FlashCut"],"picked":"champ:VampiricStrike","floor":27},{"not_picked":["champ:PreciseThrust","champ:Parry+1"],"picked":"champ:DeathBlow","floor":29},{"not_picked":["champ:Backstep+1","champ:IronFortress"],"picked":"champ:Shatter+1","floor":31},{"not_picked":["champ:EnGarde+1","champ:DefensiveShout+1"],"picked":"champ:ViciousMockery+1","floor":32},{"not_picked":["champ:Devastate","champ:IgnorePain+1"],"picked":"champ:HoldFirm+1","floor":33},{"not_picked":["champ:FanOfKnives","champ:EnGarde+1"],"picked":"champ:ShieldWall","floor":34},{"not_picked":["champ:EnragedBash","champ:BringItOn+1"],"picked":"champ:Circumvent+1","floor":36},{"not_picked":["champ:CrownThrow+1","champ:ArenaPreparation+1"],"picked":"champ:FalseCounter+1","floor":37},{"not_picked":["champ:PreciseThrust","champ:FanOfKnives+1"],"picked":"champ:PerfectedStrike","floor":38},{"not_picked":["champ:PerfectedStrike","champ:CrownThrow+1"],"picked":"champ:ShieldWall+1","floor":38},{"not_picked":["champ:CrookedStrike","champ:CrownThrow+1"],"picked":"champ:VampiricStrike","floor":38},{"not_picked":["champ:EndlessRage+1","champ:CrookedStrike"],"picked":"champ:TripleStrike","floor":38},{"not_picked":["champ:Encircle","champ:BringItOn+1"],"picked":"champ:Endure+1","floor":38},{"not_picked":["champ:FancyFootwork+1","champ:BerserkerStyle"],"picked":"champ:Endure+1","floor":38},{"not_picked":["champ:GutPunch","champ:BerserkersShout+1"],"picked":"champ:RisingSlash","floor":39},{"not_picked":["champ:Circumvent+1","champ:FlashCut"],"picked":"champ:Lariat+1","floor":40},{"not_picked":["champ:BerserkersShout+1","champ:StanceDance+1"],"picked":"champ:Circumvent+1","floor":42},{"not_picked":["expansioncontent:Chronoboost","expansioncontent:PolyBeam"],"picked":"expansioncontent:Hexaburn","floor":47},{"not_picked":["expansioncontent:DecaShield","expansioncontent:GuardianWhirl"],"picked":"expansioncontent:YouAreMine","floor":47},{"not_picked":["expansioncontent:YouAreMine","expansioncontent:DecaShield"],"picked":"expansioncontent:PrepareCrush","floor":47},{"not_picked":["champ:FlashCut+1","champ:StanceDance+1","champ:Backstep+1"],"picked":"champ:CheapShot+1","floor":49},{"not_picked":["champ:Endure+1","champ:PerfectedStrike+1","champ:FocusedBerserking+1"],"picked":"champ:LastStand","floor":52}],"player_experience":915130,"relics_obtained":[{"floor":6,"key":"Toxic Egg 2"},{"floor":7,"key":"Juzu Bracelet"},{"floor":22,"key":"MutagenicStrength"},{"floor":27,"key":"Pen Nib"},{"floor":27,"key":"Bird Faced Urn"},{"floor":29,"key":"War Paint"},{"floor":29,"key":"Akabeko"},{"floor":40,"key":"Ginger"},{"floor":41,"key":"Sundial"},{"floor":42,"key":"Molten Egg 2"},{"floor":42,"key":"Mercury Hourglass"},{"floor":44,"key":"Question Card"},{"floor":44,"key":"PreservedInsect"},{"floor":44,"key":"Calipers"},{"floor":52,"key":"Bottled Lightning"},{"floor":52,"key":"Toy Ornithopter"}],"event_choices":[{"cards_removed":["champ:GutPunch"],"damage_healed":5,"gold_gain":0,"player_choice":"Offered Common","damage_taken":0,"max_hp_gain":0,"max_hp_loss":0,"event_name":"Bonfire Elementals","floor":3,"gold_loss":0},{"cards_removed":["champ:GutPunch"],"damage_healed":5,"gold_gain":0,"player_choice":"Offered Special","damage_taken":0,"max_hp_gain":0,"max_hp_loss":0,"event_name":"Bonfire Elementals","floor":3,"gold_loss":0},{"damage_healed":0,"gold_gain":0,"player_choice":"Grow","damage_taken":0,"max_hp_gain":0,"max_hp_loss":0,"event_name":"Living Wall","floor":10,"gold_loss":0,"cards_upgraded":["champ:Taunt"]},{"damage_healed":0,"gold_gain":0,"player_choice":"Donut","damage_taken":0,"max_hp_gain":5,"max_hp_loss":0,"event_name":"Big Fish","floor":11,"gold_loss":0},{"damage_healed":0,"gold_gain":0,"player_choice":"Fight","damage_taken":0,"max_hp_gain":0,"max_hp_loss":0,"event_name":"Mysterious Sphere","floor":40,"gold_loss":0},{"cards_removed":["champ:RisingSlash"],"damage_healed":0,"gold_gain":0,"player_choice":"Removed Attack","damage_taken":0,"max_hp_gain":0,"max_hp_loss":0,"event_name":"Falling","floor":43,"gold_loss":0}],"is_beta":false,"boss_relics":[{"not_picked":["Fusion Hammer","Calling Bell"],"picked":"Black Star"},{"not_picked":["Runic Dome","Cursed Key"],"picked":"Tiny House"}],"items_purged_floors":[31,38],"is_endless":false,"potions_floor_spawned":[14,15,16,21,22,25,32,36,39,40,49],"killed_by":"downfall:NeowBossFinal","ascension_level":1}}