{"host":"o3b7ow6d1xe49css","time":1612007580,"event":{"mods":["Act Like it!","Aspiration","BaseMod","Bestiary","Better Altar","Better Match","Better Note","Better Sensory Stone","Better Skull","Better Third Choice","Colored Powertips","Conspire","Energized Spire","Force Act Four","GifTheSpireLib","Halation","Hermit","Hubris","Infinite Spire","Lobotomy","Minty Spire (QoL Compilation)","Quick Restart","Rare Cards Sparkle","Relic Filter Mod","Reliquary","Replay The Spire","Spicy Shops","Spikes Relics","Spire Arcade","StSLib","Stuff the Spire","The Blue Laboratory","Wandering Minibosses"],"gold_per_floor":[117,127,145,164,164,164,164,200,200,20,20,20,55,94,94,225,225,241,266,266,284,298,298,50,85,111,147,181,28,28,66,66,192,192,192,192],"floor_reached":35,"language":"ENG","playtime":1409,"items_purged":["Amnesia","Strike_P"],"score":814,"play_id":"ffbbfc89-f32e-4073-aae7-898605e89ab2","local_time":"20210130025300","daily_mods":["Heirloom","Flight"],"is_ascension_mode":true,"campfire_choices":[{"floor":6,"key":"REST"},{"data":"Eruption","floor":7,"key":"SMITH"},{"data":"BattleHymn","floor":11,"key":"SMITH"},{"data":"Vault","floor":15,"key":"SMITH"},{"floor":23,"key":"RECALL"},{"data":"Adaptation","floor":32,"key":"SMITH"}],"circlet_count":0,"master_deck":["Strike_P","Defend_P","Defend_P","Defend_P","Defend_P","Eruption+1","Vigilance","BattleHymn+1","Prostrate","DeusExMachina","OldLady","Consecrate","DevaForm","UniverseFragment","Vault+1","Brilliance+1","OSAHOGD","CrushJoints+1","Crescendo","DevaForm+1","Adaptation+1","Scrawl+1","NothingThere"],"relics":["HolyWater","Ring of Chaos","Prayer Wheel","CogitoBucket","Golden Idol","conspire:GiftBox","Onion Ring","ReplayTheSpireMod:CursedCoin","Molten Egg 2","reliquary:RoseTintedGlasses","BrokenLever","Nunchaku","ResearcherNote","Ornamental Fan","hubris:MysteriousPyramids","MealTicket","Replay:Baseball","Golden Egg","Ginger","halation:PromiseList","StuffTheSpire:Rhapsscallions","aspiration:FutureDiary"],"acts_visited":["Exordium","TheCity","TheBeyond"],"potions_floor_usage":[8,8,18,21,25,27,27,28,35],"damage_taken":[{"damage":2,"enemies":"Jaw Worm","floor":1,"turns":3},{"damage":5,"enemies":"Small Slimes","floor":2,"turns":3},{"damage":17,"enemies":"Cultist","floor":3,"turns":5},{"damage":7,"enemies":"Large Slime","floor":4,"turns":4},{"damage":0,"enemies":"3 Sentries","floor":8,"turns":5},{"damage":0,"enemies":"Lagavulin","floor":13,"turns":4},{"damage":0,"enemies":"3 Sentries","floor":14,"turns":2},{"damage":0,"enemies":"Fading Forest","floor":16,"turns":12},{"damage":0,"enemies":"2 Thieves","floor":18,"turns":3},{"damage":0,"enemies":"Shell Parasite","floor":19,"turns":4},{"damage":5,"enemies":"Shelled Parasite and Fungi","floor":21,"turns":4},{"damage":0,"enemies":"Centurion and Healer","floor":22,"turns":4},{"damage":22,"enemies":"Book of Stabbing","floor":25,"turns":5},{"damage":0,"enemies":"Nightmare","floor":27,"turns":2},{"damage":0,"enemies":"Slavers","floor":28,"turns":3},{"damage":10,"enemies":"Gremlin Leader","floor":31,"turns":4},{"damage":4,"enemies":"conspire:MysteriousRune","floor":33,"turns":5},{"damage":59,"enemies":"Orb Walker","floor":35,"turns":3}],"seed_played":"-7864840507321993257","potions_obtained":[{"floor":1,"key":"Strength Potion"},{"floor":3,"key":"Venom Potion"},{"floor":4,"key":"BlessingOfTheForge"},{"floor":13,"key":"Swift Potion"},{"floor":14,"key":"SpeedPotion"},{"floor":22,"key":"blueLaboratory:PhilterOfMotion"},{"floor":25,"key":"SkillPotion"},{"floor":27,"key":"DistilledChaos"},{"floor":33,"key":"Languid Potion"}],"is_trial":true,"path_per_floor":["M","M","M","M","?","R","R","E","T","$","R","?","E","E","R","B",null,"M","M","AVR","M","M","R","$","E","T","NM","E","$","?","E","R","B",null,"M"],"character_chosen":"WATCHER","items_purchased":["ReplayTheSpireMod:CursedCoin","Molten Egg 2","hubris:MysteriousPyramids","halation:PromiseList"],"campfire_rested":1,"item_purchase_floors":[10,10,24,29],"current_hp_per_floor":[70,65,48,41,23,44,44,44,44,44,44,44,44,44,44,62,70,70,70,70,65,65,65,65,43,43,43,43,58,58,51,51,47,68,9,9],"gold":192,"neow_bonus":"","is_daily":false,"chose_seed":false,"campfire_upgraded":4,"win_rate":0.0,"timestamp":1612007580,"path_taken":["M","M","M","M","?","R","R","E","T","$","R","?","E","E","R","BOSS","M","M","AVR","M","M","R","$","E","T","NM","E","$","?","E","R","BOSS","M"],"items_purchased_type":["Relic","Relic","Relic","Relic"],"build_version":"2020-12-22","purchased_purges":2,"victory":false,"max_hp_per_floor":[72,72,72,72,72,72,72,72,72,72,72,72,72,72,72,72,72,72,72,72,72,72,72,72,72,72,72,72,72,72,75,75,75,75,75,75],"card_choices":[{"not_picked":["Replay:Cycle","Replay:Anticipation"],"picked":"BattleHymn","floor":1},{"not_picked":["NakedNest","Scarecrow","SpiderBud"],"picked":"Singing Bowl","floor":1},{"not_picked":["ClearTheMind","FollowUp","WreathOfFlame"],"picked":"SKIP","floor":1},{"not_picked":["Scarecrow","Bloodbath","WallGazer"],"picked":"Singing Bowl","floor":2},{"not_picked":["Replay:BluntJabs","Replay:ManipulateFuture","Replay:Cycle"],"picked":"SKIP","floor":2},{"not_picked":["Protect","Tantrum","Weave"],"picked":"SKIP","floor":2},{"not_picked":["BeautyBeast","ShyLook","SpiderBud"],"picked":"Singing Bowl","floor":3},{"not_picked":["ThirdEye","Protect"],"picked":"Prostrate","floor":3},{"not_picked":["Perseverance","FlyingSleeves"],"picked":"DeusExMachina","floor":3},{"not_picked":["BeautyBeast","PunishingBird","SnowQueen"],"picked":"Singing Bowl","floor":4},{"not_picked":["Funeral","MHz"],"picked":"OldLady","floor":4},{"not_picked":["MentalFortress","EmptyFist"],"picked":"Consecrate","floor":4},{"not_picked":["FlurryOfBlows","ReachHeaven","EmptyFist"],"picked":"SKIP","floor":4},{"not_picked":["Blasphemy","Omniscience"],"picked":"DevaForm","floor":8},{"not_picked":["Laetitia","SpiderBud","Murderer"],"picked":"Singing Bowl","floor":8},{"not_picked":["MHz","Rudolta"],"picked":"UniverseFragment","floor":8},{"not_picked":["PathToVictory","Swivel","SashWhip"],"picked":"SKIP","floor":8},{"not_picked":["RedShoes","MeatLantern","MHz"],"picked":"Singing Bowl","floor":13},{"not_picked":["CrushJoints+1","PathToVictory"],"picked":"Vault","floor":13},{"not_picked":["PunishingBird","Porccubus","SpiderBud"],"picked":"Singing Bowl","floor":14},{"not_picked":["InnerPeace","Replay:BluntJabs+1","Weave+1"],"picked":"SKIP","floor":14},{"not_picked":["BeautyBeast","FairyFestival","FieryBird"],"picked":"Singing Bowl","floor":16},{"not_picked":["SpiritShield","MasterReality"],"picked":"Brilliance+1","floor":16},{"not_picked":["DespairKnight","BigBadWolf","Funeral"],"picked":"Singing Bowl","floor":18},{"not_picked":["Wireheading","PathToVictory","CrushJoints+1"],"picked":"SKIP","floor":18},{"not_picked":["CrushJoints+1","Replay:AtTheReady+1","BowlingBash+1"],"picked":"SKIP","floor":18},{"not_picked":["PunishingBird","LittlePrince"],"picked":"OSAHOGD","floor":19},{"not_picked":["BattleHymn+1","Halt","PathToVictory+1"],"picked":"SKIP","floor":19},{"not_picked":["FearNoEvil+1","Wireheading+1","Perseverance"],"picked":"SKIP","floor":19},{"not_picked":["BattleHymn+1","Halt","PathToVictory+1"],"picked":"SKIP","floor":19},{"not_picked":["FearNoEvil+1","Wireheading+1","Perseverance"],"picked":"SKIP","floor":19},{"not_picked":["Scorched","GalaxyChild","Yin"],"picked":"Singing Bowl","floor":21},{"not_picked":["Evaluate","Consecrate+1","Vengeance"],"picked":"SKIP","floor":21},{"not_picked":["ForeignInfluence","DeceiveReality","Consecrate+1"],"picked":"SKIP","floor":21},{"not_picked":["BeautyBeast","FairyFestival","Wellcheers"],"picked":"Singing Bowl","floor":22},{"not_picked":["Protect","Replay:ManipulateFuture+1"],"picked":"CrushJoints+1","floor":22},{"not_picked":["LikeWater","Evaluate","FlyingSleeves+1"],"picked":"SKIP","floor":22},{"not_picked":["GalaxyChild","SnowQueen","Wellcheers"],"picked":"Singing Bowl","floor":25},{"not_picked":["ThirdEye","Replay:ManipulateFuture","CutThroughFate+1"],"picked":"SKIP","floor":25},{"not_picked":["GalaxyChild","CrumblingArmor","Bloodbath"],"picked":"Singing Bowl","floor":27},{"not_picked":["FearNoEvil+1","Crescendo+1","Brilliance+1"],"picked":"SKIP","floor":27},{"not_picked":["PunishingBird","NakedNest","Variant"],"picked":"Singing Bowl","floor":28},{"not_picked":["Judgement","WaveOfTheHand+1"],"picked":"Crescendo","floor":28},{"not_picked":["FairyFestival","NothingThere","Wellcheers"],"picked":"Singing Bowl","floor":31},{"not_picked":["Nirvana","EmptyFist+1"],"picked":"Adaptation","floor":31},{"not_picked":["MasterReality","Devotion"],"picked":"Scrawl","floor":33},{"not_picked":["SpiderBud","SingingMachine","LongBird"],"picked":"Singing Bowl","floor":33},{"not_picked":["Woodsman","Funeral"],"picked":"NothingThere","floor":33}],"player_experience":1910535,"relics_obtained":[{"floor":8,"key":"conspire:GiftBox"},{"floor":9,"key":"Onion Ring"},{"floor":13,"key":"BrokenLever"},{"floor":14,"key":"Nunchaku"},{"floor":25,"key":"MealTicket"},{"floor":26,"key":"Replay:Baseball"},{"floor":27,"key":"Golden Egg"},{"floor":28,"key":"Ginger"},{"floor":31,"key":"StuffTheSpire:Rhapsscallions"}],"event_choices":[{"damage_healed":0,"gold_gain":0,"player_choice":"Take Damage","damage_taken":18,"relics_obtained":["Golden Idol"],"max_hp_gain":0,"max_hp_loss":0,"event_name":"Golden Idol","floor":5,"gold_loss":0},{"damage_healed":0,"gold_gain":0,"player_choice":"Searched \u00271\u0027 times","damage_taken":0,"relics_obtained":["reliquary:RoseTintedGlasses"],"max_hp_gain":0,"max_hp_loss":0,"event_name":"Dead Adventurer","floor":12,"gold_loss":0},{"damage_healed":0,"gold_gain":0,"cards_transformed":["Strike_P"],"player_choice":"Transformed","damage_taken":0,"max_hp_gain":0,"max_hp_loss":0,"event_name":"Transmorgrifier","floor":30,"gold_loss":0,"cards_obtained":["DevaForm"]}],"is_beta":false,"boss_relics":[{"not_picked":["hubris:RunicObelisk","aspiration:PoetsPen_weak"],"picked":"HolyWater"},{"not_picked":["halation:PlatinumPhoenix","StuffTheSpire:Kangaroo"],"picked":"aspiration:FutureDiary"}],"items_purged_floors":[10,20],"is_endless":true,"potions_floor_spawned":[1,3,4,13,14,22,25,27,33],"killed_by":"Orb Walker","ascension_level":5}}