{"host":"6g3xdvewo8r2cc5h","time":1612031804,"event":{"mods":["AchievementEnabler","BaseMod","Minty Spire (QoL Compilation)","SuperFastMode"],"gold_per_floor":[116,116,41,60,70,70,70,81,107,107,141,316,332,364,364,364,364],"floor_reached":16,"language":"ENG","playtime":480,"items_purged":["Regret"],"score":176,"play_id":"56ee45fa-221c-4906-84fe-319ac2b730a8","local_time":"20210130193644","is_ascension_mode":true,"campfire_choices":[{"data":"Neutralize","floor":10,"key":"SMITH"},{"floor":15,"key":"REST"}],"circlet_count":0,"master_deck":["AscendersBane","Strike_G","Strike_G","Strike_G","Strike_G","Strike_G","Defend_G","Defend_G","Defend_G","Defend_G","Defend_G","Survivor","Neutralize+1","Dagger Spray+1","Backflip","Doubt","Accuracy","Blade Dance"],"relics":["SlaversCollar","Juzu Bracelet","Potion Belt","Ornamental Fan","Ancient Tea Set"],"acts_visited":["Exordium"],"potions_floor_usage":[8,11],"damage_taken":[{"damage":0,"enemies":"Small Slimes","floor":1,"turns":4},{"damage":0,"enemies":"2 Louse","floor":4,"turns":3},{"damage":4,"enemies":"Cultist","floor":5,"turns":5},{"damage":1,"enemies":"Looter","floor":8,"turns":4},{"damage":11,"enemies":"Gremlin Nob","floor":11,"turns":4},{"damage":25,"enemies":"Large Slime","floor":13,"turns":9},{"damage":16,"enemies":"3 Sentries","floor":14,"turns":10},{"damage":31,"enemies":"The Guardian","floor":16,"turns":15}],"seed_played":"-2462538722638831389","potions_obtained":[{"floor":4,"key":"DistilledChaos"},{"floor":5,"key":"FearPotion"}],"is_trial":false,"path_per_floor":["M","?","$","M","M","?","?","M","T","R","E","?","M","E","R","B"],"character_chosen":"THE_SILENT","items_purchased":[],"campfire_rested":1,"item_purchase_floors":[],"current_hp_per_floor":[63,63,63,63,59,59,59,58,58,58,47,47,22,6,27,0,0],"gold":364,"neow_bonus":"BOSS_RELIC","is_daily":false,"chose_seed":false,"campfire_upgraded":1,"win_rate":0.0,"timestamp":1612031804,"path_taken":["M","?","$","M","M","?","?","M","T","R","E","?","M","E","R","BOSS"],"items_purchased_type":[],"build_version":"2020-12-22","purchased_purges":1,"victory":false,"max_hp_per_floor":[70,70,70,70,70,70,70,70,70,70,70,70,70,70,70,70,70],"card_choices":[{"not_picked":["Bane","Choke"],"picked":"Dagger Spray","floor":1},{"not_picked":["Bane","Setup"],"picked":"Backflip","floor":4},{"not_picked":["Dagger Spray","Riddle With Holes","Slice"],"picked":"SKIP","floor":5},{"not_picked":["Slice","Bane","Backflip"],"picked":"SKIP","floor":8},{"not_picked":["Flying Knee","Bouncing Flask","Deadly Poison"],"picked":"SKIP","floor":11},{"not_picked":["Dodge and Roll","Dagger Throw"],"picked":"Accuracy","floor":13},{"not_picked":["Backflip","Finisher"],"picked":"Blade Dance","floor":14}],"player_experience":221258,"relics_obtained":[{"floor":9,"key":"Potion Belt"},{"floor":11,"key":"Ornamental Fan"},{"floor":14,"key":"Ancient Tea Set"}],"event_choices":[{"damage_healed":0,"gold_gain":0,"player_choice":"Box","damage_taken":0,"relics_obtained":["Juzu Bracelet"],"max_hp_gain":0,"max_hp_loss":0,"event_name":"Big Fish","floor":2,"gold_loss":0,"cards_obtained":["Regret"]},{"damage_healed":0,"gold_gain":0,"player_choice":"Grow","damage_taken":0,"max_hp_gain":0,"max_hp_loss":0,"event_name":"Living Wall","floor":6,"gold_loss":0,"cards_upgraded":["Dagger Spray"]},{"damage_healed":0,"gold_gain":0,"player_choice":"Got Potions","damage_taken":0,"max_hp_gain":0,"max_hp_loss":0,"event_name":"Lab","floor":7,"gold_loss":0},{"damage_healed":0,"gold_gain":175,"player_choice":"AGREE","damage_taken":0,"max_hp_gain":0,"max_hp_loss":0,"event_name":"Liars Game","floor":12,"gold_loss":0,"cards_obtained":["Doubt"]}],"is_beta":false,"boss_relics":[],"items_purged_floors":[3],"is_endless":false,"potions_floor_spawned":[4,5],"killed_by":"The Guardian","ascension_level":12}}