{"host":"udyc8f81k2jocuhg","time":1612018785,"event":{"mods":["2.2 Compatiblity","BaseMod","Better Third Choice","Colored Powertips","Conspire","Custom Start","GifTheSpireLib","Hermit","Minty Spire (QoL Compilation)","Permanent Neow","Quick Restart","Relic Filter","Relic Stats","Replay The Spire","Shop Mod","Spikes Relics","StSLib","Stuff the Spire"],"gold_per_floor":[112,129,142,159,173,173,173],"floor_reached":6,"language":"ENG","playtime":346,"items_purged":[],"score":80,"play_id":"86fd5d8c-514c-4c48-a23b-fab2a130dcb7","local_time":"20210130155945","is_ascension_mode":true,"campfire_choices":[],"circlet_count":0,"master_deck":["AscendersBane","Strike_B","Strike_B","Strike_B","Strike_B","Defend_B","Defend_B","Defend_B","Defend_B","Zap","Dualcast","Glacier","ReplayTheSpireMod:Calculation Training","Capacitor","StuffTheSpire:Coldhearted"],"relics":["Sozu"],"acts_visited":["Exordium"],"potions_floor_usage":[],"damage_taken":[{"damage":6.0,"enemies":"Cultist","floor":1.0,"turns":4.0},{"damage":0.0,"enemies":"Small Slimes","floor":2.0,"turns":4.0},{"damage":6.0,"enemies":"Jaw Worm","floor":3.0,"turns":6.0},{"damage":5.0,"enemies":"Exordium Thugs","floor":4.0,"turns":8.0},{"damage":0.0,"enemies":"2 Fungi Beasts","floor":5.0,"turns":5.0},{"damage":75,"enemies":"Gremlin Nob","floor":6,"turns":4}],"seed_played":"-3211742182142081063","potions_obtained":[],"is_trial":false,"path_per_floor":["M","M","M","M","M","E"],"character_chosen":"DEFECT","items_purchased":[],"campfire_rested":0,"item_purchase_floors":[],"current_hp_per_floor":[58,58,52,47,47,0,0],"gold":173,"neow_bonus":"BOSS_RELIC","is_daily":false,"chose_seed":false,"campfire_upgraded":0,"win_rate":0.0,"timestamp":1612018785,"path_taken":["M","M","M","M","M","E"],"items_purchased_type":[],"build_version":"2020-12-22","purchased_purges":0,"victory":false,"max_hp_per_floor":[71,71,71,71,71,71,71],"relic_stats":{"Sozu":2,"counters":[6,31],"obtain_stats":[{"Sozu":0,"Cracked Core":0},{"Sozu":0,"Cracked Core":0},{"Sozu":0,"Cracked Core":0}]},"card_choices":[{"not_picked":["Undo","Skim"],"picked":"Glacier","floor":1.0},{"not_picked":["Stack","ReplayGash"],"picked":"ReplayTheSpireMod:Calculation Training","floor":2.0},{"not_picked":["BasicCrystalCard","StuffTheSpire:NuclearReactor","StuffTheSpire:Plugnplay"],"picked":"SKIP","floor":3.0},{"not_picked":["Redo","Undo"],"picked":"Capacitor","floor":4.0},{"not_picked":["BootSequence","Cold Snap"],"picked":"StuffTheSpire:Coldhearted","floor":5.0}],"player_experience":2026243,"relics_obtained":[],"event_choices":[],"is_beta":false,"boss_relics":[],"items_purged_floors":[],"is_endless":false,"potions_floor_spawned":[1,3],"killed_by":"Gremlin Nob","ascension_level":20}}