{"host":"takgv9cv6xf64vhq","time":1612002863,"event":{"mods":["BaseMod","Colored Powertips","Downfall","Hubris","LagranYue(拉格朗・月)","Marisa（F雨　魔理沙）","Minty Spire (QoL Compilation)","Replay The Spire","StSLib","The Animator","The Cursed","The Jungle","TheHeartMod"],"gold_per_floor":[116,116,136,147,164,164,183,183,183,34,34,34,47,47,47,47,47],"floor_reached":16,"language":"ZHS","playtime":677,"items_purged":[],"score":101,"play_id":"18112c1f-c4f5-46aa-b78c-8f17dd92a835","local_time":"20210130183423","is_ascension_mode":true,"campfire_choices":[{"data":"ReplayTheSpireMod:Tripwire","floor":6,"key":"SMITH"},{"data":"Caltrops","floor":15,"key":"SMITH"}],"circlet_count":0,"master_deck":["Strike_G","Strike_G","Strike_G","Strike_G","Strike_G","Defend_G","Defend_G","Defend_G","Defend_G","Defend_G","Survivor","Neutralize+1","Masterful Stab","PiercingWail","ReplayTheSpireMod:Tripwire+1","Backflip+1","Caltrops+1"],"relics":["ReplayTheSpireMod:DimensionalGlitch","hubris:AstralHammer","Gremlin Horn","hubris:OldNail"],"acts_visited":["Exordium"],"potions_floor_usage":[16],"damage_taken":[{"damage":0,"enemies":"Small Slimes","floor":1,"turns":4},{"damage":0,"enemies":"Cultist","floor":3,"turns":4},{"damage":0,"enemies":"2 Louse","floor":4,"turns":2},{"damage":13,"enemies":"Exordium Thugs","floor":5,"turns":7},{"damage":10,"enemies":"Lots of Slimes","floor":7,"turns":7},{"damage":0,"enemies":"Looter","floor":13,"turns":4},{"damage":58,"enemies":"The Guardian","floor":16,"turns":19}],"seed_played":"-7997068361132939883","potions_obtained":[{"floor":1,"key":"Fire Potion"},{"floor":4,"key":"BlessingOfTheForge"},{"floor":7,"key":"FearPotion"}],"is_trial":false,"path_per_floor":["M","?","M","M","M","R","M","?","T","$","?","?","M","$","R","B"],"character_chosen":"THE_SILENT","items_purchased":["hubris:OldNail"],"campfire_rested":0,"item_purchase_floors":[10],"current_hp_per_floor":[70,70,70,70,57,57,47,47,47,47,47,47,47,47,47,0,0],"gold":47,"neow_bonus":"BOSS_RELIC","is_daily":false,"chose_seed":false,"campfire_upgraded":2,"win_rate":0.0,"timestamp":1612002863,"path_taken":["M","?","M","?","M","R","M","?","T","?","?","?","M","?","R","BOSS"],"items_purchased_type":["Relic"],"build_version":"2020-12-22","purchased_purges":0,"victory":false,"max_hp_per_floor":[70,70,70,70,70,70,70,70,70,70,70,70,70,70,70,70,70],"card_choices":[{"not_picked":["Catalyst","Outmaneuver"],"picked":"Masterful Stab","floor":1},{"not_picked":["Calculated Gamble","Underhanded Strike"],"picked":"PiercingWail","floor":3},{"not_picked":["Bane","hubris:TrickCloak"],"picked":"ReplayTheSpireMod:Tripwire","floor":4},{"not_picked":["Quick Slash","Flying Knee"],"picked":"Backflip","floor":5},{"not_picked":["Flechettes","Bane"],"picked":"Slice","floor":7},{"not_picked":["Reflex","Backstab"],"picked":"Caltrops","floor":13}],"player_experience":231701,"relics_obtained":[{"floor":9,"key":"Gremlin Horn"}],"event_choices":[{"damage_healed":0,"gold_gain":0,"player_choice":"Upgraded","damage_taken":0,"max_hp_gain":0,"max_hp_loss":0,"event_name":"Upgrade Shrine","floor":2,"gold_loss":0,"cards_upgraded":["Neutralize"]},{"cards_removed":["Slice"],"damage_healed":0,"gold_gain":0,"player_choice":"Gave Card","damage_taken":0,"relics_obtained":["hubris:AstralHammer"],"max_hp_gain":0,"max_hp_loss":0,"event_name":"WeMeetAgain","floor":8,"gold_loss":0},{"damage_healed":0,"gold_gain":0,"player_choice":"Grow","damage_taken":0,"max_hp_gain":0,"max_hp_loss":0,"event_name":"Living Wall","floor":11,"gold_loss":0,"cards_upgraded":["Backflip"]}],"is_beta":false,"boss_relics":[],"items_purged_floors":[],"is_endless":false,"potions_floor_spawned":[1,4,7,13],"killed_by":"The Guardian","ascension_level":2}}