{"host":"y7b1p9nkx4idorr2","time":1612008295,"event":{"mods":["AchievementEnabler","Act Like it!","BaseMod","Colored Map","Downfall","GifTheSpireLib","Googly Eyes","Highlight Path","Mimic Mod","Minty Spire (QoL Compilation)","Shop Mod","Spicy Shops","StSLib","Unceasing Turn Reminder"],"gold_per_floor":[99,113,113,113,31,49,76,76,100,135,28,52,52,52,79,79,79,79],"floor_reached":16,"language":"ENG","playtime":1017,"items_purged":["hexamod:Strike","hexamod:Strike"],"score":100,"play_id":"bf7e184f-fea6-4745-88c8-19e90bf4e5fe","local_time":"20210130060455","is_ascension_mode":false,"campfire_choices":[{"floor":1,"key":"RECALL"},{"data":"hexamod:FastForward","floor":8,"key":"SMITH"},{"data":"hexamod:SoulSteal","floor":13,"key":"SMITH"}],"circlet_count":0,"master_deck":["hexamod:Strike","hexamod:Strike","hexamod:Defend","hexamod:Defend","hexamod:Defend+1","hexamod:Defend","hexamod:Sear","hexamod:Float+1","hexamod:TimeWarp+1","hexamod:SecondSeal","hexamod:FastForward+1","hexamod:GhostLash","hexamod:SoulSteal+1","hexamod:RainOfEmbers","hexamod:HeatShield","hexamod:StepThrough","downfall:Malfunctioning","hexamod:SkipABeat"],"relics":["hexamod:SpiritBrand","Pear","downfall:BrokenWingStatue","Ancient Tea Set"],"acts_visited":["Exordium"],"potions_floor_usage":[11,16],"damage_taken":[{"damage":0,"enemies":"Small Slimes","floor":2,"turns":3},{"damage":5,"enemies":"downfall:FleeingMerchant","floor":5,"turns":4},{"damage":2,"enemies":"2 Louse","floor":6,"turns":2},{"damage":1,"enemies":"Jaw Worm","floor":9,"turns":2},{"damage":11,"enemies":"Lagavulin","floor":10,"turns":5},{"damage":0,"enemies":"downfall:FleeingMerchant","floor":11,"turns":4},{"damage":3,"enemies":"Exordium Thugs","floor":12,"turns":5},{"damage":1,"enemies":"2 Fungi Beasts","floor":15,"turns":2},{"damage":53,"enemies":"SI_SHIV_ARCHETYPE","floor":16,"turns":8}],"seed_played":"-5751393916122506976","potions_obtained":[{"floor":2,"key":"ColorlessPotion"},{"floor":6,"key":"EssenceOfSteel"},{"floor":10,"key":"hexamod:SoulburnPotion"}],"is_trial":false,"path_per_floor":["R","M","?","?","$","M","T","R","M","E","$","M","R","?","M","B"],"character_chosen":"THE_SPIRIT","items_purchased":[],"campfire_rested":0,"item_purchase_floors":[],"current_hp_per_floor":[70,70,73,73,68,66,66,66,65,54,54,51,51,51,50,0,0,0],"gold":79,"neow_bonus":"ONE_RANDOM_RARE_CARD","is_daily":false,"chose_seed":false,"campfire_upgraded":2,"win_rate":0.0,"timestamp":1612008295,"path_taken":["R","M","?","?","$","M","T","R","M","E","?","?","R","?","M","BOSS"],"items_purchased_type":[],"build_version":"2020-12-22","purchased_purges":2,"victory":false,"max_hp_per_floor":[70,70,80,80,80,80,80,80,80,80,80,80,80,80,80,80,80,80],"card_choices":[{"not_picked":["hexamod:Incineration","hexamod:PhantomFireball"],"picked":"hexamod:SecondSeal","floor":2},{"not_picked":["hexamod:HauntingEcho","hexamod:RetreatToShadows"],"picked":"hexamod:FastForward","floor":5},{"not_picked":["hexamod:Rewind","hexamod:ThermalTransfer"],"picked":"hexamod:GhostLash","floor":6},{"not_picked":["hexamod:ShieldOfDarkness","hexamod:HauntingEcho"],"picked":"hexamod:SoulSteal","floor":9},{"not_picked":["hexamod:NecessarySacrifice","hexamod:GiftsFromTheDead"],"picked":"hexamod:RainOfEmbers","floor":10},{"not_picked":["hexamod:Again","hexamod:ThermalTransfer"],"picked":"hexamod:HeatShield","floor":11},{"not_picked":["hexamod:NightmareStrike","hexamod:HeatShield"],"picked":"hexamod:StepThrough","floor":12},{"not_picked":["hexamod:HeatMetal","hexamod:NightmareStrike"],"picked":"hexamod:SkipABeat","floor":15}],"player_experience":2236870,"relics_obtained":[{"floor":10,"key":"Ancient Tea Set"}],"event_choices":[{"damage_healed":0,"gold_gain":0,"player_choice":"Success","damage_taken":7,"relics_obtained":["Pear"],"max_hp_gain":0,"max_hp_loss":0,"event_name":"Scrap Ooze","floor":3,"gold_loss":0}],"is_beta":false,"boss_relics":[],"items_purged_floors":[5,11],"is_endless":false,"potions_floor_spawned":[2,6,10],"killed_by":"SI_SHIV_ARCHETYPE","ascension_level":0}}