{"host":"dlyy4wv9zatha4f7","time":1612043880,"event":{"mods":["BaseMod","Better Third Choice","Colored Map","GifTheSpireLib","Minty Spire (QoL Compilation)","Spicy Shops","StSLib","SuperFastMode","Unceasing Turn Reminder"],"gold_per_floor":[116,126,140,140,140,140,169,182,182,196,226,240,240,255,255,354,354,372,372,389,19,52,82,82,110,110,110,137,137,155,155,155,252,252,262,88,101,147,147,180,180,208,208,208,242,53,79,97,97,97],"floor_reached":51,"language":"ENG","playtime":2420,"items_purged":["Clumsy","Strike_R"],"score":1301,"play_id":"15faf444-4026-4ca3-9030-a4352b6effa6","local_time":"20210130235800","is_ascension_mode":true,"campfire_choices":[{"data":"1","floor":6,"key":"LIFT"},{"data":"2","floor":13,"key":"LIFT"},{"data":"3","floor":15,"key":"LIFT"},{"data":"J.A.X.","floor":24,"key":"SMITH"},{"data":"Inflame","floor":29,"key":"SMITH"},{"data":"Offering","floor":32,"key":"SMITH"},{"data":"Perfected Strike","floor":41,"key":"SMITH"},{"data":"Perfected Strike","floor":44,"key":"SMITH"},{"data":"Inflame","floor":49,"key":"SMITH"}],"circlet_count":0,"master_deck":["Strike_R","Strike_R","Strike_R","Defend_R","Defend_R","Defend_R","Defend_R","Bash+1","Seeing Red","Pommel Strike+1","Infernal Blade","Offering+1","Intimidate","Perfected Strike+1","Inflame+1","Twin Strike","Perfected Strike+1","Impervious","J.A.X.+1","Thunderclap+1","Perfected Strike","Dark Embrace+1","True Grit+1","Feed","Whirlwind+1","Twin Strike+1","Flex+1","Armaments+1","Battle Trance+1","Inflame+1","Flame Barrier+1"],"relics":["Burning Blood","Girya","Strawberry","Regal Pillow","Bottled Flame","Sozu","ClockworkSouvenir","Bag of Preparation","Toolbox","Omamori","Juzu Bracelet","Toxic Egg 2","Eternal Feather","Letter Opener","Runic Cube","Lee\u0027s Waffle","Prayer Wheel","Bronze Scales","Lantern","Orichalcum","Potion Belt","TungstenRod","Darkstone Periapt"],"acts_visited":["Exordium","TheCity","TheBeyond"],"potions_floor_usage":[7,11,16,25,50],"damage_taken":[{"damage":14,"enemies":"Jaw Worm","floor":1,"turns":5},{"damage":5,"enemies":"2 Louse","floor":2,"turns":3},{"damage":6,"enemies":"Cultist","floor":3,"turns":4},{"damage":10,"enemies":"Gremlin Nob","floor":7,"turns":3},{"damage":7,"enemies":"Looter","floor":8,"turns":2},{"damage":6,"enemies":"Red Slaver","floor":10,"turns":1},{"damage":17,"enemies":"3 Sentries","floor":11,"turns":4},{"damage":12,"enemies":"3 Louse","floor":12,"turns":3},{"damage":6,"enemies":"Looter","floor":14,"turns":2},{"damage":6,"enemies":"Slime Boss","floor":16,"turns":2},{"damage":6,"enemies":"Spheric Guardian","floor":18,"turns":3},{"damage":26,"enemies":"3 Byrds","floor":20,"turns":4},{"damage":9,"enemies":"Centurion and Healer","floor":22,"turns":3},{"damage":9,"enemies":"Gremlin Leader","floor":23,"turns":2},{"damage":9,"enemies":"Slavers","floor":25,"turns":3},{"damage":36,"enemies":"Book of Stabbing","floor":28,"turns":4},{"damage":6,"enemies":"Snecko","floor":30,"turns":2},{"damage":27,"enemies":"Collector","floor":33,"turns":5},{"damage":3,"enemies":"Orb Walker","floor":35,"turns":2},{"damage":24,"enemies":"3 Shapes","floor":37,"turns":6},{"damage":31,"enemies":"2 Orb Walkers","floor":38,"turns":5},{"damage":9,"enemies":"Reptomancer","floor":40,"turns":2},{"damage":21,"enemies":"Nemesis","floor":42,"turns":3},{"damage":9,"enemies":"Giant Head","floor":45,"turns":3},{"damage":35,"enemies":"Reptomancer","floor":47,"turns":5},{"damage":0,"enemies":"Maw","floor":48,"turns":3},{"damage":69,"enemies":"Awakened One","floor":50,"turns":8}],"seed_played":"-6585368113257348150","potions_obtained":[{"floor":1,"key":"ColorlessPotion"},{"floor":2,"key":"SkillPotion"},{"floor":7,"key":"Dexterity Potion"},{"floor":11,"key":"PowerPotion"},{"floor":16,"key":"Block Potion"}],"is_trial":false,"path_per_floor":["M","M","M","?","?","R","E","M","T","M","E","M","R","M","R","B",null,"M","?","M","$","M","E","R","E","T","?","E","R","M","?","R","B",null,"M","$","M","?","?","E","R","E","T","R","E","$","E","M","R","B",null],"character_chosen":"IRONCLAD","items_purchased":["ClockworkSouvenir","Bag of Preparation","Toolbox","Lee\u0027s Waffle","TungstenRod","Flame Barrier+1"],"campfire_rested":0,"item_purchase_floors":[21,21,21,36,46,46],"current_hp_per_floor":[64,65,65,58,58,58,61,60,60,60,49,43,43,43,43,43,70,70,70,50,50,47,44,44,41,41,41,11,23,23,23,35,14,63,69,89,74,49,72,72,87,72,72,87,87,87,58,64,82,19],"gold":97,"neow_bonus":"ONE_RARE_RELIC","is_daily":false,"chose_seed":false,"campfire_upgraded":6,"win_rate":0.0,"timestamp":1612043880,"path_taken":["M","M","M","?","?","R","E","?","T","M","E","M","R","M","R","BOSS","M","?","M","$","M","E","R","E","T","?","E","R","M","?","R","BOSS","M","$","M","?","?","E","R","E","T","R","E","$","E","M","R","BOSS"],"items_purchased_type":["Relic","Relic","Relic","Relic","Relic","Card"],"build_version":"2020-12-22","purchased_purges":2,"victory":true,"max_hp_per_floor":[72,72,72,72,72,72,79,79,79,79,79,79,79,79,79,79,79,79,79,79,79,79,79,79,79,79,79,79,79,79,79,79,79,79,82,89,92,92,92,95,95,95,95,95,98,98,98,98,98,98],"card_choices":[{"not_picked":["Clash","Rupture"],"picked":"Seeing Red","floor":1},{"not_picked":["Dark Embrace","Feel No Pain"],"picked":"Pommel Strike","floor":2},{"not_picked":["Sever Soul","Rupture"],"picked":"Infernal Blade","floor":3},{"not_picked":["Sever Soul","Clothesline"],"picked":"Offering","floor":7},{"not_picked":["Sentinel","Burning Pact"],"picked":"Intimidate","floor":8},{"not_picked":["Dropkick","Headbutt"],"picked":"Perfected Strike","floor":10},{"not_picked":["Flex","Ghostly Armor"],"picked":"Inflame","floor":11},{"not_picked":["Cleave","Rampage"],"picked":"Twin Strike","floor":12},{"not_picked":["Evolve","True Grit"],"picked":"Perfected Strike","floor":14},{"not_picked":["Juggernaut","Exhume"],"picked":"Impervious","floor":16},{"not_picked":["Sentinel","Iron Wave","Power Through"],"picked":"SKIP","floor":18},{"not_picked":["Armaments","Shrug It Off"],"picked":"Thunderclap+1","floor":20},{"not_picked":["Anger","Cleave"],"picked":"Perfected Strike","floor":22},{"not_picked":["Heavy Blade","Juggernaut"],"picked":"Dark Embrace+1","floor":23},{"not_picked":["Warcry","Barricade"],"picked":"True Grit+1","floor":25},{"not_picked":["Iron Wave+1","Thunderclap","Berserk"],"picked":"SKIP","floor":28},{"not_picked":["Thunderclap+1","Evolve+1","True Grit+1"],"picked":"SKIP","floor":30},{"not_picked":["Exhume+1","Fiend Fire"],"picked":"Feed","floor":33},{"not_picked":["Flex+1","Anger+1"],"picked":"Whirlwind+1","floor":35},{"not_picked":["Sever Soul+1","Havoc+1"],"picked":"Twin Strike+1","floor":37},{"not_picked":["Iron Wave","Power Through+1"],"picked":"Flex+1","floor":38},{"not_picked":["Flex+1","Clothesline+1"],"picked":"Armaments+1","floor":40},{"not_picked":["Wild Strike","Impervious+1"],"picked":"Battle Trance+1","floor":42},{"not_picked":["Headbutt+1","Rampage+1"],"picked":"Inflame","floor":45},{"not_picked":["Iron Wave+1","Sentinel+1","Twin Strike"],"picked":"SKIP","floor":47},{"not_picked":["Flex+1","Headbutt+1","Thunderclap"],"picked":"SKIP","floor":48},{"not_picked":["True Grit+1","Headbutt+1","Combust"],"picked":"SKIP","floor":48}],"player_experience":2261680,"relics_obtained":[{"floor":7,"key":"Strawberry"},{"floor":9,"key":"Regal Pillow"},{"floor":11,"key":"Bottled Flame"},{"floor":23,"key":"Omamori"},{"floor":25,"key":"Juzu Bracelet"},{"floor":26,"key":"Toxic Egg 2"},{"floor":28,"key":"Eternal Feather"},{"floor":38,"key":"Prayer Wheel"},{"floor":40,"key":"Bronze Scales"},{"floor":42,"key":"Lantern"},{"floor":43,"key":"Orichalcum"},{"floor":45,"key":"Potion Belt"},{"floor":47,"key":"Darkstone Periapt"}],"event_choices":[{"cards_removed":["Strike_R"],"damage_healed":0,"gold_gain":0,"player_choice":"Card Removal","damage_taken":7,"max_hp_gain":0,"max_hp_loss":0,"event_name":"Golden Wing","floor":4,"gold_loss":0},{"damage_healed":0,"gold_gain":0,"player_choice":"Upgraded","damage_taken":0,"max_hp_gain":0,"max_hp_loss":0,"event_name":"Upgrade Shrine","floor":5,"gold_loss":0,"cards_upgraded":["Bash"]},{"damage_healed":0,"gold_gain":0,"player_choice":"Obtain J.A.X.","damage_taken":0,"max_hp_gain":0,"max_hp_loss":0,"event_name":"Drug Dealer","floor":19,"gold_loss":0,"cards_obtained":["J.A.X."]},{"damage_healed":0,"gold_gain":0,"player_choice":"Upgraded","damage_taken":0,"max_hp_gain":0,"max_hp_loss":0,"event_name":"Upgrade Shrine","floor":27,"gold_loss":0,"cards_upgraded":["Pommel Strike"]},{"damage_healed":0,"gold_gain":0,"player_choice":"Opened","damage_taken":0,"relics_obtained":["Letter Opener"],"max_hp_gain":0,"max_hp_loss":0,"event_name":"The Mausoleum","floor":31,"gold_loss":0},{"damage_healed":0,"gold_gain":0,"player_choice":"Fight","damage_taken":0,"max_hp_gain":0,"max_hp_loss":0,"event_name":"Mysterious Sphere","floor":38,"gold_loss":0},{"damage_healed":23,"gold_gain":0,"player_choice":"Writhe","damage_taken":0,"max_hp_gain":0,"max_hp_loss":0,"event_name":"Winding Halls","floor":39,"gold_loss":0,"cards_obtained":["Writhe"]}],"is_beta":false,"boss_relics":[{"not_picked":["Black Star","Runic Dome"],"picked":"Sozu"},{"not_picked":["Velvet Choker","Philosopher\u0027s Stone"],"picked":"Runic Cube"}],"items_purged_floors":[21,36],"is_endless":false,"potions_floor_spawned":[1,2,7,11,16,18,22,23,28,33,35,38,48],"ascension_level":7}}