{"host":"cdkrzjeeka80pjqp","time":1612027653,"event":{"mods":["AchievementEnabler","BaseMod","Block Reminder","Colored Map","Colored Powertips","Highlight Path","Minty Spire (QoL Compilation)","Relic Stats"],"gold_per_floor":[137,137,62,62,85,123,123,177,177,177,177],"floor_reached":10,"language":"ENG","playtime":644,"items_purged":["Decay"],"score":85,"play_id":"10cf5e4f-f23c-4de2-82ff-aff00ac374d6","local_time":"20210130182733","is_ascension_mode":true,"campfire_choices":[{"floor":7,"key":"REST"}],"circlet_count":0,"master_deck":["Strike_P","Strike_P","Strike_P","Strike_P","Defend_P","Defend_P","Defend_P","Defend_P","Eruption","Vigilance","Magnetism","Protect","FlurryOfBlows","FlurryOfBlows","Establishment"],"relics":["PureWater","Golden Idol","Singing Bowl","The Courier","Vajra"],"acts_visited":["Exordium"],"potions_floor_usage":[6,8,10],"damage_taken":[{"damage":9,"enemies":"Jaw Worm","floor":1,"turns":3},{"damage":2,"enemies":"2 Louse","floor":5,"turns":3},{"damage":25,"enemies":"3 Sentries","floor":6,"turns":7},{"damage":14,"enemies":"Gremlin Nob","floor":8,"turns":4},{"damage":40,"enemies":"3 Sentries","floor":10,"turns":8}],"seed_played":"-6272288524744309515","potions_obtained":[{"floor":1,"key":"Energy Potion"},{"floor":5,"key":"LiquidMemories"},{"floor":6,"key":"Strength Potion"}],"is_trial":false,"path_per_floor":["M","?","$","?","M","E","R","E","T","E"],"character_chosen":"WATCHER","items_purchased":[],"campfire_rested":1,"item_purchase_floors":[],"current_hp_per_floor":[63,63,63,45,43,18,39,25,25,0,0],"gold":177,"neow_bonus":"RANDOM_COLORLESS_2","is_daily":false,"chose_seed":false,"campfire_upgraded":0,"win_rate":0.0,"timestamp":1612027653,"path_taken":["M","?","$","?","M","E","R","E","T","E"],"items_purchased_type":[],"build_version":"2020-12-22","purchased_purges":1,"victory":false,"max_hp_per_floor":[72,72,72,72,72,72,72,72,72,72,72],"relic_stats":{"Singing Bowl":0,"counters":[5,25],"Golden Idol":20,"obtain_stats":[{"Singing Bowl":6,"Golden Idol":4,"Vajra":9,"The Courier":8,"PureWater":0},{"Singing Bowl":3,"Golden Idol":1,"Vajra":4,"The Courier":4,"PureWater":0},{"Singing Bowl":13,"Golden Idol":3,"Vajra":17,"The Courier":17,"PureWater":0}]},"card_choices":[{"not_picked":["Secret Weapon","Mayhem"],"picked":"Magnetism","floor":0},{"not_picked":["Worship","PathToVictory"],"picked":"Protect","floor":1},{"not_picked":["Crescendo","BowlingBash"],"picked":"FlurryOfBlows","floor":5},{"not_picked":["PathToVictory","SashWhip"],"picked":"FlurryOfBlows","floor":6},{"not_picked":["Adaptation","WaveOfTheHand"],"picked":"Establishment","floor":8}],"player_experience":401147,"relics_obtained":[{"floor":6,"key":"Singing Bowl"},{"floor":8,"key":"The Courier"},{"floor":9,"key":"Vajra"}],"event_choices":[{"damage_healed":0,"gold_gain":0,"player_choice":"Ignored","damage_taken":0,"max_hp_gain":0,"max_hp_loss":0,"event_name":"Liars Game","floor":2,"gold_loss":0},{"damage_healed":0,"gold_gain":0,"player_choice":"Take Damage","damage_taken":18,"relics_obtained":["Golden Idol"],"max_hp_gain":0,"max_hp_loss":0,"event_name":"Golden Idol","floor":4,"gold_loss":0}],"is_beta":false,"boss_relics":[],"items_purged_floors":[3],"is_endless":false,"potions_floor_spawned":[1,5,6],"killed_by":"3 Sentries","ascension_level":3}}