{"host":"7oiwk103j2prpym5","time":1612042929,"event":{"mods":["BaseMod","BetterRewards","Colored Map","Colored Powertips","GifTheSpireLib","Infinite Spire","Minty Spire (QoL Compilation)","Permanent Neow","Relic Filter Mod","Reliquary","Remove Card Discount Mod","Replay The Spire","StSLib","Stuff the Spire","Weighted Paths"],"gold_per_floor":[111,111,130,110,129,161,161,177,177,191,208,208,230,248,248,248,248],"floor_reached":16,"language":"ENG","playtime":1295,"items_purged":["Strike_R","Defend_R"],"score":193,"play_id":"5324f702-24d3-4aa9-add3-147643f2303b","local_time":"20210130154209","is_ascension_mode":true,"campfire_choices":[{"floor":7,"key":"REST"},{"floor":12,"key":"REST"},{"floor":15,"key":"REST"}],"circlet_count":0,"master_deck":["Strike_R","Strike_R","Strike_R","Strike_R","Defend_R","Defend_R","Defend_R","Bash","Magnetism","Twin Strike","ReplayTheSpireMod:Corrosion Curse","ReplayTheSpireMod:Corrosion Curse","Life Link","Thunderclap","StuffTheSpire:BloodClot","Shockwave","Whirlwind","Flex","Cleave"],"relics":["Burning Blood","ReplayTheSpireMod:Shallot","Unceasing Top","Ornamental Fan","Pet Ghost","Odd Mushroom"],"acts_visited":["Exordium"],"potions_floor_usage":[13,16,16,16,16,16],"damage_taken":[{"damage":0,"enemies":"Jaw Worm","floor":1,"turns":3},{"damage":0,"enemies":"Cultist","floor":3,"turns":3},{"damage":3,"enemies":"Small Slimes","floor":5,"turns":3},{"damage":73,"enemies":"3 Sentries","floor":6,"turns":12},{"damage":2,"enemies":"Blue Slaver","floor":8,"turns":4},{"damage":14,"enemies":"Exordium Wildlife","floor":10,"turns":4},{"damage":27,"enemies":"Exordium Thugs","floor":11,"turns":5},{"damage":0,"enemies":"The Mushroom Lair","floor":13,"turns":3},{"damage":9,"enemies":"Large Slime","floor":14,"turns":8},{"damage":69,"enemies":"Slime Boss","floor":16,"turns":13}],"seed_played":"-5756672139086487326","potions_obtained":[{"floor":3,"key":"AttackPotion"},{"floor":4,"key":"EntropicBrew"},{"floor":13,"key":"Elixir"}],"is_trial":false,"path_per_floor":["M","$","M","?","M","E","R","M","T","M","M","R","?","M","R","B"],"character_chosen":"IRONCLAD","items_purchased":["ReplayTheSpireMod:Shallot","Magnetism","Ornamental Fan","Twin Strike","ReplayTheSpireMod:Corrosion Curse","SkillPotion","Life Link"],"campfire_rested":3,"item_purchase_floors":[0,0,0,0,0,0,0],"current_hp_per_floor":[70,70,76,76,79,12,36,40,40,32,11,35,41,38,62,0,0],"gold":248,"neow_bonus":"","is_daily":false,"chose_seed":false,"campfire_upgraded":0,"win_rate":0.0,"timestamp":1612042929,"path_taken":["M","$","M","?","M","E","R","?","T","M","M","R","?","M","R","BOSS"],"items_purchased_type":["Relic","Card","Relic","Card","Card","Potion","Card"],"build_version":"2020-12-22","purchased_purges":2,"victory":false,"max_hp_per_floor":[80,80,80,80,80,80,80,80,80,80,80,80,80,80,80,80,80],"card_choices":[{"not_picked":["Wild Strike","Anger"],"picked":"Thunderclap","floor":1},{"not_picked":["True Grit","Perfected Strike","Blood for Blood"],"picked":"SKIP","floor":3},{"not_picked":["StuffTheSpire:RockThrow","Sword Boomerang"],"picked":"StuffTheSpire:BloodClot","floor":5},{"not_picked":["Twin Strike","Brutality"],"picked":"Shockwave","floor":6},{"not_picked":["Thunderclap","Twin Strike"],"picked":"Whirlwind","floor":8},{"not_picked":["ReplayTheSpireMod:Corrosion Curse","Sword Boomerang"],"picked":"Flex","floor":10},{"not_picked":["Uppercut","Armaments","Fiend Fire"],"picked":"SKIP","floor":11},{"not_picked":["Iron Wave","Headbutt"],"picked":"Cleave","floor":13},{"not_picked":["Perfected Strike","Pummel","StuffTheSpire:RockThrow"],"picked":"SKIP","floor":14}],"player_experience":805838,"relics_obtained":[{"floor":6,"key":"Pet Ghost"},{"floor":13,"key":"Odd Mushroom"}],"event_choices":[{"damage_healed":0,"gold_gain":0,"player_choice":"Bought 1 Potion","damage_taken":0,"max_hp_gain":0,"max_hp_loss":0,"event_name":"The Woman in Blue","floor":4,"gold_loss":0},{"damage_healed":0,"gold_gain":0,"player_choice":"Fought Mushrooms","damage_taken":0,"max_hp_gain":0,"max_hp_loss":0,"event_name":"Mushrooms","floor":13,"gold_loss":0}],"is_beta":false,"boss_relics":[],"items_purged_floors":[0,0],"is_endless":false,"potions_floor_spawned":[3,8,13,14],"killed_by":"Slime Boss","ascension_level":5}}