{"host":"lktusdb9orijgc6z","time":1612028928,"event":{"mods":["BaseMod","Bestiary","Colored Map","Colored Powertips","Minty Spire (QoL Compilation)","Permanent Neow","Quick Restart","Relic Stats","StSLib","everything is the same but u backflip on backflip","slay the spire mod where everything is the same but ironclad has a cowboy hat"],"gold_per_floor":[109,119,131,131,150,150,179,179,179,213,213,233,277,352,352,352,352],"floor_reached":16,"language":"ENG","playtime":650,"items_purged":[],"score":340,"play_id":"9d59d807-a0f7-473e-8aa1-2a224263e86a","local_time":"20210130184848","is_ascension_mode":true,"campfire_choices":[{"data":"Go for the Eyes","floor":6,"key":"SMITH"},{"data":"Rainbow","floor":15,"key":"SMITH"}],"circlet_count":0,"master_deck":["AscendersBane","Strike_B","Strike_B","Strike_B+1","Strike_B","Defend_B","Defend_B","Defend_B","Defend_B","Zap","Dualcast","Go for the Eyes+1","Chill","Buffer+1","Cold Snap","Doom and Gloom","Barrage","Sunder","Rainbow+1"],"relics":["Cracked Core","Akabeko","Boot","Golden Idol","Anchor","Gremlin Horn","Singing Bowl","Pantograph"],"acts_visited":["Exordium"],"potions_floor_usage":[7,13,16],"damage_taken":[{"damage":0,"enemies":"Small Slimes","floor":1,"turns":2},{"damage":0,"enemies":"2 Louse","floor":2,"turns":1},{"damage":5,"enemies":"Jaw Worm","floor":3,"turns":2},{"damage":0,"enemies":"Large Slime","floor":5,"turns":6},{"damage":12,"enemies":"Gremlin Nob","floor":7,"turns":4},{"damage":2,"enemies":"3 Sentries","floor":10,"turns":6},{"damage":0,"enemies":"Blue Slaver","floor":12,"turns":3},{"damage":6,"enemies":"Lagavulin","floor":13,"turns":8},{"damage":35,"enemies":"Hexaghost","floor":16,"turns":11}],"seed_played":"-7568900965048210251","potions_obtained":[{"floor":3,"key":"ColorlessPotion"},{"floor":5,"key":"SpeedPotion"},{"floor":7,"key":"SkillPotion"},{"floor":12,"key":"Fire Potion"}],"is_trial":false,"path_per_floor":["M","M","M","?","M","R","E","?","T","E","T","M","E","?","R","B"],"character_chosen":"DEFECT","items_purchased":[],"campfire_rested":0,"item_purchase_floors":[],"current_hp_per_floor":[64,64,59,38,38,38,26,26,26,24,24,24,18,7,7,0,0],"gold":352,"neow_bonus":"RANDOM_COMMON_RELIC","is_daily":false,"chose_seed":false,"campfire_upgraded":2,"win_rate":0.0,"timestamp":1612028928,"path_taken":["M","M","M","?","M","R","E","?","T","E","?","M","E","?","R","BOSS"],"items_purchased_type":[],"build_version":"2020-12-22","purchased_purges":0,"victory":false,"max_hp_per_floor":[71,71,71,71,71,71,71,64,64,64,64,64,64,64,64,64,64],"relic_stats":{"Gremlin Horn":[0,0],"Singing Bowl":0,"counters":[9,43],"Golden Idol":20,"Pantograph":25,"Boot":[20],"obtain_stats":[{"Anchor":9,"Gremlin Horn":10,"Singing Bowl":11,"Golden Idol":8,"Pantograph":13,"Cracked Core":0,"Boot":7,"Akabeko":0},{"Anchor":5,"Gremlin Horn":6,"Singing Bowl":6,"Golden Idol":5,"Pantograph":8,"Cracked Core":0,"Boot":5,"Akabeko":0},{"Anchor":15,"Gremlin Horn":21,"Singing Bowl":21,"Golden Idol":15,"Pantograph":32,"Cracked Core":0,"Boot":15,"Akabeko":0}]},"card_choices":[{"not_picked":["Capacitor","Loop"],"picked":"Go for the Eyes","floor":1},{"not_picked":["Beam Cell","Ball Lightning"],"picked":"Chill","floor":2},{"not_picked":["Redo","Rebound"],"picked":"Buffer","floor":3},{"not_picked":["Loop","Sweeping Beam"],"picked":"Cold Snap","floor":5},{"not_picked":["Rebound","Lockon"],"picked":"Doom and Gloom","floor":7},{"not_picked":["Cold Snap","Leap"],"picked":"Barrage","floor":10},{"not_picked":["Hologram","Thunder Strike"],"picked":"Sunder","floor":12},{"not_picked":["Hello World","Storm"],"picked":"Rainbow","floor":13}],"player_experience":721155,"relics_obtained":[{"floor":7,"key":"Boot"},{"floor":9,"key":"Anchor"},{"floor":10,"key":"Gremlin Horn"},{"floor":11,"key":"Singing Bowl"},{"floor":13,"key":"Pantograph"}],"event_choices":[{"damage_healed":0,"gold_gain":0,"player_choice":"Entered Light","damage_taken":21,"max_hp_gain":0,"max_hp_loss":0,"event_name":"Shining Light","floor":4,"gold_loss":0,"cards_upgraded":["Buffer","Strike_B"]},{"damage_healed":0,"gold_gain":0,"player_choice":"Lose Max HP","damage_taken":0,"relics_obtained":["Golden Idol"],"max_hp_gain":0,"max_hp_loss":7,"event_name":"Golden Idol","floor":8,"gold_loss":0},{"damage_healed":0,"gold_gain":75,"player_choice":"Gather Gold","damage_taken":11,"max_hp_gain":0,"max_hp_loss":0,"event_name":"World of Goop","floor":14,"gold_loss":0}],"is_beta":false,"boss_relics":[],"items_purged_floors":[],"is_endless":false,"potions_floor_spawned":[3,5,7,12],"killed_by":"Hexaghost","ascension_level":20}}