{"host":"q6r63elxu27obe7v","time":1612013625,"event":{"mods":["BaseMod","DeckTracker","Keyboard Shortcuts","Minty Spire (QoL Compilation)","Permanent Neow","Quick Restart","StSLib","SuperFastMode","Swap Starting Deck Mod"],"gold_per_floor":[111,111,186,197,210,210,241,241,241,241,253,83,93,106,106,206,206,222,222,60,95,8,33,33,44,44,44,44,44,60,91,91,192,242,259,20,365,376,376,376,336,354,377,53,66,80,100,0,0,0,0],"floor_reached":50,"language":"KOR","playtime":3328,"items_purged":[],"score":532,"play_id":"eda61777-de18-4120-b18d-77c3e3ea870b","local_time":"20210130223345","is_ascension_mode":false,"campfire_choices":[{"floor":6,"key":"RECALL"},{"data":"Neutralize","floor":8,"key":"SMITH"},{"floor":10,"key":"REST"},{"data":"Underhanded Strike","floor":15,"key":"SMITH"},{"data":"Dagger Spray","floor":24,"key":"SMITH"},{"data":"Eviscerate","floor":27,"key":"SMITH"},{"data":"Die Die Die","floor":32,"key":"SMITH"},{"floor":40,"key":"REST"},{"floor":49,"key":"REST"}],"circlet_count":0,"master_deck":["Strike_G","Strike_G","Strike_G","Strike_G","Strike_G","Defend_G+1","Defend_G","Defend_G","Defend_G","Defend_G","Survivor","Neutralize+1","Eviscerate+1","Terror+1","Underhanded Strike+1","Escape Plan+1","Master of Strategy+1","Adrenaline+1","Die Die Die+1","Prepared+1","Blade Dance+1","Apotheosis+1","Dagger Spray+1","Madness+1","Dagger Spray+1","Eviscerate+1","Outmaneuver+1","All Out Attack+1","Storm of Steel+1","Slice","Blade Dance+1","Bandage Up+1","Wraith Form v2","Slice+1","Madness+1","Calculated Gamble+1"],"relics":["Runic Pyramid","Toxic Egg 2","Bag of Marbles","HoveringKite","Red Mask","Toy Ornithopter","Pantograph","Happy Flower","Tiny House","Toolbox","Old Coin","Lantern","Letter Opener"],"acts_visited":["Exordium","TheCity","TheBeyond"],"potions_floor_usage":[7,18,21,31,31,33,37,37,37,39,39,45,46,47,50],"damage_taken":[{"damage":1,"enemies":"Jaw Worm","floor":1,"turns":4},{"damage":3,"enemies":"Small Slimes","floor":4,"turns":3},{"damage":0,"enemies":"2 Louse","floor":5,"turns":2},{"damage":17,"enemies":"Gremlin Nob","floor":7,"turns":4},{"damage":0,"enemies":"Large Slime","floor":11,"turns":5},{"damage":0,"enemies":"Looter","floor":13,"turns":2},{"damage":0,"enemies":"2 Fungi Beasts","floor":14,"turns":3},{"damage":12,"enemies":"The Guardian","floor":16,"turns":10},{"damage":4,"enemies":"Shell Parasite","floor":18,"turns":4},{"damage":0,"enemies":"Masked Bandits","floor":21,"turns":3},{"damage":1,"enemies":"Gremlin Leader","floor":23,"turns":4},{"damage":2,"enemies":"2 Thieves","floor":25,"turns":2},{"damage":1,"enemies":"Chosen and Byrds","floor":30,"turns":3},{"damage":14,"enemies":"Slavers","floor":31,"turns":3},{"damage":41,"enemies":"Collector","floor":33,"turns":7},{"damage":13,"enemies":"3 Darklings","floor":35,"turns":2},{"damage":21,"enemies":"2 Orb Walkers","floor":37,"turns":3},{"damage":58,"enemies":"3 Shapes","floor":38,"turns":4},{"damage":1,"enemies":"Transient","floor":39,"turns":4},{"damage":0,"enemies":"Jaw Worm Horde","floor":42,"turns":1},{"damage":1,"enemies":"Spire Growth","floor":45,"turns":3},{"damage":26,"enemies":"Maw","floor":46,"turns":5},{"damage":17,"enemies":"Writhing Mass","floor":47,"turns":4},{"damage":138,"enemies":"Time Eater","floor":50,"turns":9}],"seed_played":"-5071686089995389979","potions_obtained":[{"floor":5,"key":"Poison Potion"},{"floor":11,"key":"PowerPotion"},{"floor":13,"key":"Ancient Potion"},{"floor":16,"key":"SpeedPotion"},{"floor":21,"key":"Ancient Potion"},{"floor":23,"key":"Swift Potion"},{"floor":25,"key":"SpeedPotion"},{"floor":34,"key":"EntropicBrew"},{"floor":38,"key":"SmokeBomb"},{"floor":41,"key":"Swift Potion"},{"floor":41,"key":"FairyPotion"},{"floor":41,"key":"Swift Potion"},{"floor":45,"key":"Energy Potion"},{"floor":46,"key":"ColorlessPotion"},{"floor":47,"key":"CunningPotion"}],"is_trial":false,"path_per_floor":["M","?","?","M","M","R","E","R","T","R","M","$","M","M","R","B",null,"M","?","$","?","$","E","R","M","T","R","?","?","M","E","R","B",null,"M","$","?","M","M","R","?","M","T","$","M","M","M","$","R","B"],"character_chosen":"THE_SILENT","items_purchased":["Master of Strategy+1","Apotheosis+1","Madness+1","Toolbox","Bandage Up+1","Letter Opener","Madness+1","FairyPotion"],"campfire_rested":3,"item_purchase_floors":[12,20,22,36,36,44,44,48],"current_hp_per_floor":[69,66,55,52,52,52,35,35,35,56,56,56,56,56,56,44,70,66,66,66,66,66,65,65,63,63,63,63,63,62,58,58,34,75,62,62,56,4,13,35,35,35,35,35,45,30,18,18,40,0,0],"gold":0,"neow_bonus":"BOSS_RELIC","is_daily":false,"chose_seed":false,"campfire_upgraded":5,"win_rate":0.0,"timestamp":1612013625,"path_taken":["M","?","?","M","M","R","E","R","T","R","M","$","M","M","R","BOSS","M","?","$","?","$","E","R","M","T","R","?","?","M","E","R","BOSS","M","$","?","M","M","R","?","M","T","$","?","?","M","?","R","BOSS"],"items_purchased_type":["Card","Card","Card","Relic","Card","Relic","Card","Potion"],"build_version":"2020-12-22","purchased_purges":0,"victory":false,"max_hp_per_floor":[70,70,70,70,70,70,70,70,70,70,70,70,70,70,70,70,70,70,70,70,70,70,70,70,70,70,70,70,70,70,70,70,70,75,75,75,75,75,75,75,75,75,75,75,75,75,75,75,75,75,75],"card_choices":[{"not_picked":["Underhanded Strike","Dagger Throw"],"picked":"Eviscerate","floor":1},{"not_picked":["Noxious Fumes","Caltrops","Bane"],"picked":"SKIP","floor":4},{"not_picked":["Dagger Spray","Backflip+1"],"picked":"Terror+1","floor":5},{"not_picked":["Cloak And Dagger+1","Expertise+1"],"picked":"Underhanded Strike","floor":7},{"not_picked":["Quick Slash","Noxious Fumes"],"picked":"Escape Plan+1","floor":11},{"not_picked":["Sucker Punch","Dagger Throw"],"picked":"Adrenaline+1","floor":13},{"not_picked":["Catalyst+1","Poisoned Stab","Cloak And Dagger+1"],"picked":"SKIP","floor":14},{"not_picked":["Unload","Malaise+1"],"picked":"Die Die Die","floor":16},{"not_picked":["Footwork+1","Predator"],"picked":"Prepared+1","floor":18},{"not_picked":["Blur+1","PiercingWail+1"],"picked":"Dagger Spray+1","floor":21},{"not_picked":["PiercingWail+1","Unload"],"picked":"Dagger Spray","floor":23},{"not_picked":["Dodge and Roll+1","Cloak And Dagger+1"],"picked":"Eviscerate","floor":25},{"not_picked":["Footwork","Dagger Spray"],"picked":"Outmaneuver+1","floor":30},{"not_picked":["Crippling Poison+1","Cloak And Dagger+1"],"picked":"All Out Attack+1","floor":31},{"not_picked":["A Thousand Cuts","Venomology+1"],"picked":"Storm of Steel+1","floor":33},{"not_picked":["Quick Slash","Bane"],"picked":"Slice","floor":34},{"not_picked":["Choke+1","Dodge and Roll+1"],"picked":"Blade Dance+1","floor":35},{"not_picked":["Poisoned Stab","Underhanded Strike"],"picked":"Wraith Form v2","floor":38},{"not_picked":["Outmaneuver+1","Dodge and Roll+1"],"picked":"Slice+1","floor":42},{"not_picked":["Expertise+1","Outmaneuver+1","Bane"],"picked":"SKIP","floor":45},{"not_picked":["Bouncing Flask+1","Choke+1","Deflect+1"],"picked":"SKIP","floor":46},{"not_picked":["Deadly Poison+1","Backflip+1"],"picked":"Calculated Gamble+1","floor":47}],"player_experience":45414,"relics_obtained":[{"floor":7,"key":"Bag of Marbles"},{"floor":21,"key":"Red Mask"},{"floor":23,"key":"Toy Ornithopter"},{"floor":26,"key":"Pantograph"},{"floor":31,"key":"Happy Flower"},{"floor":37,"key":"Old Coin"},{"floor":43,"key":"Lantern"}],"event_choices":[{"damage_healed":0,"gold_gain":0,"player_choice":"Success","damage_taken":3,"relics_obtained":["Toxic Egg 2"],"max_hp_gain":0,"max_hp_loss":0,"event_name":"Scrap Ooze","floor":2,"gold_loss":0},{"damage_healed":0,"gold_gain":75,"player_choice":"Gather Gold","damage_taken":11,"max_hp_gain":0,"max_hp_loss":0,"event_name":"World of Goop","floor":3,"gold_loss":0},{"damage_healed":0,"gold_gain":0,"player_choice":"Read","damage_taken":0,"max_hp_gain":0,"max_hp_loss":0,"event_name":"The Library","floor":19,"gold_loss":0,"cards_obtained":["Blade Dance"]},{"damage_healed":0,"gold_gain":0,"player_choice":"Fought Bandits","damage_taken":0,"max_hp_gain":0,"max_hp_loss":0,"event_name":"Masked Bandits","floor":21,"gold_loss":0},{"damage_healed":0,"gold_gain":0,"player_choice":"Ignored","damage_taken":0,"max_hp_gain":0,"max_hp_loss":0,"event_name":"Ghosts","floor":28,"gold_loss":0},{"damage_healed":0,"gold_gain":0,"player_choice":"Forge","damage_taken":0,"max_hp_gain":0,"max_hp_loss":0,"event_name":"Accursed Blacksmith","floor":29,"gold_loss":0,"cards_upgraded":["Eviscerate"]},{"damage_healed":0,"gold_gain":0,"player_choice":"Fight","damage_taken":0,"max_hp_gain":0,"max_hp_loss":0,"event_name":"Mysterious Sphere","floor":37,"gold_loss":0},{"damage_healed":0,"gold_gain":0,"player_choice":"Bought 3 Potions","damage_taken":0,"max_hp_gain":0,"max_hp_loss":0,"event_name":"The Woman in Blue","floor":41,"gold_loss":0}],"is_beta":false,"boss_relics":[{"not_picked":["Astrolabe","Busted Crown"],"picked":"HoveringKite"},{"not_picked":["Cursed Key","Black Star"],"picked":"Tiny House"}],"items_purged_floors":[],"is_endless":false,"potions_floor_spawned":[5,11,13,16,21,23,25,38,39,45,46,47],"killed_by":"Time Eater","ascension_level":0}}