{"host":"7xbu8gt067z192g2","time":1612048358,"event":{"mods":["BaseMod","Better Note","BetterRewards","Colored Map","Colored Powertips","Decade(???)","Googly Eyes","Highlight Path","Infinite Spire","Jorbs\u0027s Wanderer Trilogy","Minty Spire (QoL Compilation)","Rare Cards Sparkle","Replay The Spire","StSLib","The Bladedancer","The Bug Knight","The Construct","The Cursed","The Hierophant","The Valiant","The Wild Card"],"gold_per_floor":[111,111,111,111,129,167,167,167,220,264,68,68,92,133,133,133,133],"floor_reached":16,"language":"ENG","playtime":957,"items_purged":["HollowMod:NailStrikeStart"],"score":141,"play_id":"513f3b39-ba52-4820-a040-54cc4e34f806","local_time":"20210130181238","is_ascension_mode":false,"campfire_choices":[{"data":"HollowMod:SoulSplash","floor":7,"key":"SMITH"},{"data":"HollowMod:NewGlowingWomb","floor":12,"key":"SMITH"},{"data":"HollowMod:DungDefenderAura","floor":15,"key":"SMITH"}],"circlet_count":0,"master_deck":["HollowMod:NailStrikeStart","HollowMod:NailStrikeStart","HollowMod:NailStrikeStart","HollowMod:QuickDashStart","HollowMod:QuickDashStart","HollowMod:QuickDashStart","HollowMod:FocusHealStart","HollowMod:PogoStrike","HollowMod:SoulSplash+1","infinitespire:Collect","HollowMod:SoulVessel","HollowMod:DoubleDash","HollowMod:HeavyBlow","HollowMod:InfectedCysts","HollowMod:NewGlowingWomb+1","HollowMod:TaintedHusks","HollowMod:DungDefenderAura+1"],"relics":["HollowMod:VesselMask","NeowsBlessing","Golden Idol","infinitespire:Eraser","InkBottle","MealTicket","Pear","ReplayTheSpireMod:Ninjato"],"acts_visited":["Exordium"],"potions_floor_usage":[14,14],"damage_taken":[{"damage":0,"enemies":"Small Slimes","floor":1,"turns":1},{"damage":0,"enemies":"2 Louse","floor":5,"turns":1},{"damage":0,"enemies":"3 Sentries","floor":6,"turns":1},{"damage":5,"enemies":"HollowMod:MossKnight","floor":10,"turns":6},{"damage":11,"enemies":"infinitespire:Voidling","floor":13,"turns":3},{"damage":53,"enemies":"3 Sentries","floor":14,"turns":7},{"damage":15,"enemies":"The Guardian","floor":16,"turns":2}],"seed_played":"5501912119591251903","potions_obtained":[{"floor":1,"key":"FearPotion"},{"floor":5,"key":"AttackPotion"}],"is_trial":false,"path_per_floor":["M","?","?","?","M","E","R","?","T","E","$","R","M","E","R","B"],"character_chosen":"THE_BUGKNIGHT","items_purchased":["HollowMod:InfectedCysts","HollowMod:NewGlowingWomb"],"campfire_rested":0,"item_purchase_floors":[11,11],"current_hp_per_floor":[75,75,57,57,57,57,57,45,45,60,75,75,68,15,15,0,0],"gold":133,"neow_bonus":"THREE_ENEMY_KILL","is_daily":false,"chose_seed":false,"campfire_upgraded":3,"win_rate":0.0,"timestamp":1612048358,"path_taken":["M","?","?","?","M","E","R","?","T","E","$","R","M","E","R","BOSS"],"items_purchased_type":["Card","Card"],"build_version":"2020-12-22","purchased_purges":1,"victory":false,"max_hp_per_floor":[75,75,75,69,69,69,69,69,69,79,79,79,79,79,79,79,79],"card_choices":[{"not_picked":["HollowMod:FastStrike","HollowMod:SiblingsSouls"],"picked":"HollowMod:SoulSplash","floor":1},{"not_picked":["infinitespire:UltimateForm","infinitespire:Oblivion"],"picked":"infinitespire:Collect","floor":3},{"not_picked":["HollowMod:WraithStrike","HollowMod:VengefulSpirit"],"picked":"HollowMod:SoulVessel","floor":5},{"not_picked":["HollowMod:theNailsmith","HollowMod:SharpenedShadows"],"picked":"HollowMod:DoubleDash","floor":6},{"not_picked":["HollowMod:PerfectDash","HollowMod:SharpenedNail"],"picked":"HollowMod:HeavyBlow","floor":10},{"not_picked":["HollowMod:FastStrike","HollowMod:WraithStrike"],"picked":"HollowMod:TaintedHusks","floor":13},{"not_picked":["HollowMod:InfectedAttack","HollowMod:VengefulVoid"],"picked":"HollowMod:DungDefenderAura","floor":14}],"player_experience":211751,"relics_obtained":[{"floor":6,"key":"infinitespire:Eraser"},{"floor":9,"key":"MealTicket"},{"floor":10,"key":"Pear"},{"floor":14,"key":"ReplayTheSpireMod:Ninjato"}],"event_choices":[{"damage_healed":0,"gold_gain":0,"player_choice":"Lose Max HP","damage_taken":0,"relics_obtained":["Golden Idol"],"max_hp_gain":0,"max_hp_loss":6,"event_name":"Golden Idol","floor":4,"gold_loss":0},{"damage_healed":0,"gold_gain":0,"player_choice":"Success","damage_taken":12,"relics_obtained":["InkBottle"],"max_hp_gain":0,"max_hp_loss":0,"event_name":"Scrap Ooze","floor":8,"gold_loss":0}],"is_beta":false,"boss_relics":[],"items_purged_floors":[11],"is_endless":false,"potions_floor_spawned":[1,5],"killed_by":"The Guardian","ascension_level":0}}