{"host":"rbccvrvdyhsypb23","time":1612013101,"event":{"mods":["AchievementEnabler","Act Like it!","Arknights The Spire","Aspiration","BaseMod","Better Third Choice","BetterRewards","Fox Events","Friendly Minions","Gensokyo","Hubris","Infinite Spire","Ironclad Rager","KomeijiMod","Minty Spire (QoL Compilation)","Replay The Spire","Shade Mod","StSLib","The Blackbeard","The Marked","The Mystic","Wandering Minibosses"],"gold_per_floor":[119,139,152,152,172,205,233,260,260,277,304,121,155,179,179,289,289,331,360,384,384,413,466,493,493,493,523,572,649,649,691,691,807,807,831,831,866,889,513,584,641,641,641,676,676,716,753,812,812,925,925,945,950,605,465,470,791,809,809,855,475,499,499,562,596,646,744,794,798,813,827,827,822,822,849,869,869,869,829,829,829,841,841,942,942,958,958,962,976,547,571,582,582,664,664,666,683,710,416,416,511,511,511],"floor_reached":102,"language":"ENG","playtime":4818,"items_purged":["Madness+1","Grand Finale+1","Deadly Poison"],"score":3391,"play_id":"b4ace808-46ab-4594-a379-e7ada6a4f3e7","local_time":"20210130162501","is_ascension_mode":true,"campfire_choices":[{"data":"After Image","floor":15.0,"key":"SMITH"},{"data":"hubris:Fate","floor":30.0,"key":"SMITH"},{"data":"Envenom","floor":32.0,"key":"SMITH"},{"data":"ReplayTheSpireMod:Scrap Shanks","floor":49,"key":"SMITH"},{"data":"Tools of the Trade","floor":63,"key":"SMITH"},{"floor":66,"key":"RECALL"},{"data":"infinitespire:Menacing","floor":74,"key":"SMITH"},{"data":"Neutralize","floor":80,"key":"SMITH"},{"data":"Bouncing Flask","floor":83,"key":"SMITH"},{"data":"Accuracy","floor":93,"key":"SMITH"},{"data":"Defend_G","floor":100,"key":"PURGE"}],"circlet_count":0,"master_deck":["Strike_G+1","Strike_G","Strike_G+1","Strike_G","Strike_G","Defend_G","Defend_G","Defend_G","Defend_G+1","Survivor","Neutralize+1","Bouncing Flask+1","Footwork+1","Footwork+1","PiercingWail","Dagger Throw+1","Backflip+1","ReplayTheSpireMod:Speed Training+1","Prepared+1","Backflip","ReplayTheSpireMod:Scrap Shanks+1","Calculated Gamble+1","After Image+1","Corpse Explosion+1","hubris:Fate+1","infinitespire:Menacing+1","Blade Dance","Envenom+1","ReplayTheSpireMod:Exploit Weakness+1","Tools of the Trade+1","Madness+1","Acrobatics+1","ReplayTheSpireMod:Scrap Shanks+1","Gensokyo:SummonJeweledCobra","Accuracy+1","infinitespire:TheBestDefense+1"],"relics":["Ring of the Snake","hubris:Zylophone","Thread and Needle","Chemical X","Turnip","KyoryuNoHagoromo","hubris:GlazedTorus","ClockworkSouvenir","WingedGreaves","Incense Burner","Ginger","aspiration:AnachronicSnailShell","hubris:Towel","PreservedInsect","Whetstone","Replay:Mystery Machine","Gremlin Horn","Vajra","ReplayTheSpireMod:TigerMarble","Replay:Bandana","Runic Dome","aspiration:FaultyCoupler","wanderingMiniBosses:Blackblade","Pondfish Scales","Toxic Egg 2","War Paint","infinitespire:BottledMercury","Simple Rune","Black Star","Nunchaku","Guide Book","Snake Skull","infinitespire:Bottled Soul","Replay:Bottled Eggs","Tough Bandages","hubris:TinFlute","aspiration:Lifesprig","ReplayTheSpireMod:Lightbulb","StrikeDummy","Orichalcum","HoveringKite","Sling","Bird Faced Urn","hubris:MobiusCoin","Ancient Tea Set","Gensokyo:Companionship","Blood Vial","Singing Bowl","Bag of Preparation","hubris:TenFootPole","FossilizedHelix","Replay:Rubber Ducky","hubris:Teleporter","Replay:Baseball","aspiration:SeaSaltIceCream","Black Star","hubris:VirtuousBlindfold","aspiration:FetidBarrel","Akabeko","infinitespire:Lucky Rock","Gensokyo:SongOfSouls","Ice Cream","Garlic","Bag of Marbles","Bottled Flame","hubris:SlimyHat","aspiration:StickyExplosives","Peace Pipe","Replay:Grab Bag","infinitespire:Cupcake","Philosopher\u0027s Stone","aspiration:SecretTechniqueScroll"],"acts_visited":["Exordium","Exordium","TheBeyond","TheBeyond","Gensokyo:Gensokyo","Gensokyo:Gensokyoer","Gensokyo:Gensokyoest"],"potions_floor_usage":[47,47,84,91,91],"damage_taken":[{"damage":0.0,"enemies":"Cultist","floor":1.0,"turns":4.0},{"damage":0.0,"enemies":"Jaw Worm","floor":2.0,"turns":3.0},{"damage":0.0,"enemies":"Small Slimes","floor":3.0,"turns":5.0},{"damage":0.0,"enemies":"Gremlin Gang","floor":5.0,"turns":6.0},{"damage":0.0,"enemies":"Lagavulin","floor":6.0,"turns":7.0},{"damage":0.0,"enemies":"Replay:BlueRogue","floor":7.0,"turns":4.0},{"damage":0.0,"enemies":"Gremlin Nob","floor":8.0,"turns":3.0},{"damage":0.0,"enemies":"Exordium Thugs","floor":10.0,"turns":3.0},{"damage":0.0,"enemies":"3 Sentries","floor":11.0,"turns":6.0},{"damage":0.0,"enemies":"Gremlin Nob","floor":13.0,"turns":3.0},{"damage":0.0,"enemies":"Looter","floor":14.0,"turns":5.0},{"damage":0.0,"enemies":"Hexaghost","floor":16.0,"turns":8.0},{"damage":4.0,"enemies":"Gensokyo:CosmicMonolith","floor":18.0,"turns":3.0},{"damage":0.0,"enemies":"Gensokyo:AngelMirror","floor":19.0,"turns":4.0},{"damage":0.0,"enemies":"Gensokyo:Wraith","floor":20.0,"turns":6.0},{"damage":1.0,"enemies":"Gensokyo:Mirror_and_Dog","floor":22.0,"turns":4.0},{"damage":11.0,"enemies":"Nightmare","floor":23.0,"turns":6.0},{"damage":0.0,"enemies":"Gensokyo:3_Gloops","floor":24.0,"turns":3.0},{"damage":0.0,"enemies":"Gensokyo:Wraith","floor":27.0,"turns":5.0},{"damage":0.0,"enemies":"Gensokyo:Reisen","floor":28.0,"turns":5.0},{"damage":0.0,"enemies":"Gensokyo:Koishi","floor":31.0,"turns":4.0},{"damage":5.0,"enemies":"Gensokyo:Eternal_Rivals","floor":33.0,"turns":5.0},{"damage":0.0,"enemies":"Orb Walker","floor":35.0,"turns":2.0},{"damage":4,"enemies":"3 Darklings","floor":37,"turns":4},{"damage":0,"enemies":"Transient","floor":38,"turns":3},{"damage":0,"enemies":"R_Hoarder","floor":40,"turns":4},{"damage":1,"enemies":"Spire Growth","floor":44,"turns":4},{"damage":0,"enemies":"Reptomancer","floor":46,"turns":3},{"damage":0,"enemies":"Nemesis","floor":47,"turns":4},{"damage":0,"enemies":"Giant Head","floor":48,"turns":3},{"damage":2,"enemies":"Time Eater","floor":50,"turns":7},{"damage":0,"enemies":"Gensokyo:2_Kodama","floor":52,"turns":1},{"damage":0,"enemies":"Gensokyo:Python","floor":53,"turns":2},{"damage":0,"enemies":"Gensokyo:Gryphon","floor":56,"turns":4},{"damage":0,"enemies":"Gensokyo:Cirno","floor":57,"turns":4},{"damage":0,"enemies":"Gensokyo:Kitsune","floor":58,"turns":1},{"damage":0,"enemies":"Gensokyo:Aya","floor":62,"turns":2},{"damage":0,"enemies":"Gensokyo:Cirno","floor":64,"turns":5},{"damage":0,"enemies":"Gensokyo:Mamizou","floor":65,"turns":2},{"damage":0,"enemies":"Gensokyo:Reimu","floor":67,"turns":1},{"damage":0,"enemies":"Gensokyo:3_Dogs","floor":69,"turns":2},{"damage":0,"enemies":"Gensokyo:Chomper","floor":70,"turns":1},{"damage":0,"enemies":"Gensokyo:3_Gloops","floor":71,"turns":2},{"damage":0,"enemies":"Gensokyo:Wraith","floor":73,"turns":4},{"damage":0,"enemies":"Gensokyo:Koishi","floor":75,"turns":1},{"damage":0,"enemies":"Gensokyo:Slime_Group","floor":76,"turns":1},{"damage":0,"enemies":"Gensokyo:Swordslinger","floor":82,"turns":1},{"damage":0,"enemies":"Gensokyo:Eiki","floor":84,"turns":3},{"damage":0,"enemies":"Gensokyo:3_Bats","floor":86,"turns":1},{"damage":0,"enemies":"Gensokyo:3_Boulders","floor":88,"turns":1},{"damage":0,"enemies":"Gensokyo:Sharpion","floor":89,"turns":1},{"damage":0,"enemies":"Gensokyo:Marisa","floor":91,"turns":2},{"damage":0,"enemies":"Gensokyo:AtlasGolem","floor":92,"turns":1},{"damage":0,"enemies":"Gensokyo:Rafflesia","floor":96,"turns":3},{"damage":0,"enemies":"Gensokyo:Dusk_and_Dawn","floor":97,"turns":1},{"damage":0,"enemies":"Gensokyo:Kasen","floor":98,"turns":1},{"damage":0,"enemies":"Gensokyo:Yuyuko","floor":101,"turns":2}],"seed_played":"-1296904800620889796","potions_obtained":[{"floor":2.0,"key":"Fruit Juice"},{"floor":5.0,"key":"Swift Potion"},{"floor":6.0,"key":"Adrenaline Potion"},{"floor":18.0,"key":"PowerPotion"},{"floor":22.0,"key":"Ancient Potion"},{"floor":38,"key":"BlessingOfTheForge"},{"floor":44,"key":"Strength Potion"},{"floor":50,"key":"GamblersBrew"},{"floor":69,"key":"BlessingOfTheForge"},{"floor":101,"key":"PowerPotion"}],"is_trial":false,"path_per_floor":["M","M","M","?","M","E","E","E","T","M","E","$","E","M","R","B",null,"M","M","M","AVR","M","NM","M","?","T","M","E","T","R","E","R","B",null,"M","?","M","M","$","E","?","R","T","M","?","E","E","E","R","B",null,"M","M","COS","?","M","E","M","?","T","$","E","R","?","E","R","B",null,"M","M","M","?","M","R","E","M","T","?","?","R","?","M","R","B",null,"M","?","M","M","$","E","M","R","T","?","M","M","E","$","R","B",null],"character_chosen":"THE_SILENT","items_purchased":["Bouncing Flask","Chemical X","Footwork","KyoryuNoHagoromo","hubris:GlazedTorus","ClockworkSouvenir","Ginger","Footwork","PiercingWail","ReplayTheSpireMod:Scrap Shanks","ReplayTheSpireMod:TigerMarble","Nunchaku","Guide Book","Singing Bowl","Accuracy","Ice Cream","Peace Pipe"],"campfire_rested":0,"item_purchase_floors":[0,0,0,0,0,0,0,0,0,12,12,39,39,61,61,90,99],"current_hp_per_floor":[70,75,75,75,75,75,75,75,75,75,75,75,75,75,75,75,75,71,71,71,71,70,59,59,59,59,74,74,74,74,74,74,69,75,75,66,62,62,62,62,44,44,44,43,43,43,43,43,43,41,75,75,75,75,75,75,75,75,75,75,75,77,77,79,81,81,83,85,87,89,91,91,93,93,95,97,97,97,97,97,97,99,99,101,101,103,103,105,107,107,109,111,111,111,111,113,115,117,117,117,119,119,119],"gold":511,"neow_bonus":"","is_daily":false,"chose_seed":false,"campfire_upgraded":9,"win_rate":0.0,"timestamp":1612013101,"path_taken":["M","M","?","?","M","E","E","E","T","M","E","$","E","M","R","BOSS","M","M","M","AVR","M","NM","M","?","T","?","E","?","R","E","R","BOSS","M","?","M","M","$","E","?","R","T","M","?","E","E","E","R","BOSS","M","M","COS","?","M","E","?","?","T","$","E","R","?","E","R","BOSS","M","M","M","?","M","R","E","M","T","?","?","R","?","M","R","BOSS","M","?","M","M","$","E","?","R","T","?","?","M","E","?","R","BOSS"],"items_purchased_type":["Card","Relic","Card","Relic","Relic","Relic","Relic","Card","Card","Card","Relic","Relic","Relic","Relic","Card","Relic","Relic"],"build_version":"2020-12-22","purchased_purges":3,"victory":false,"max_hp_per_floor":[70,75,75,75,75,75,75,75,75,75,75,75,75,75,75,75,75,75,75,75,75,75,75,75,75,75,75,75,75,75,75,75,75,75,75,75,75,75,75,75,75,75,75,75,75,75,75,75,75,75,75,75,75,75,75,75,75,75,75,75,75,77,77,79,81,81,83,85,87,89,91,91,93,93,95,97,97,97,97,97,97,99,99,101,101,103,103,105,107,107,109,111,111,111,111,113,115,117,117,117,119,119,119],"card_choices":[{"not_picked":["Flying Knee","Deflect"],"picked":"Dagger Throw","floor":1.0},{"not_picked":["Acrobatics","Outmaneuver","Expertise"],"picked":"SKIP","floor":2.0},{"not_picked":["Calculated Gamble","Cloak And Dagger"],"picked":"Deadly Poison","floor":3.0},{"not_picked":["Backflip","ReplayTheSpireMod:The Works"],"picked":"Grand Finale","floor":5.0},{"not_picked":["Fluid Movement","Replay:Poison Smokescreen"],"picked":"Backflip","floor":6.0},{"not_picked":["Quick Slash","Sucker Punch"],"picked":"ReplayTheSpireMod:Speed Training","floor":7.0},{"not_picked":["Heel Hook","Underhanded Strike"],"picked":"Prepared","floor":8.0},{"not_picked":["Outmaneuver","Bane","Sucker Punch"],"picked":"SKIP","floor":10.0},{"not_picked":["PiercingWail","Doppelganger"],"picked":"Backflip","floor":11.0},{"not_picked":["Deflect","Dodge and Roll"],"picked":"Calculated Gamble","floor":13.0},{"not_picked":["hubris:SlightOfHand","Footwork"],"picked":"After Image","floor":14.0},{"not_picked":["Burst","Phantasmal Killer"],"picked":"Corpse Explosion","floor":16.0},{"not_picked":["Finisher","Backflip","Eviscerate+1"],"picked":"SKIP","floor":18.0},{"not_picked":["hubris:SlightOfHand","Dagger Throw","Poisoned Stab"],"picked":"SKIP","floor":19.0},{"not_picked":["ReplayTheSpireMod:Necrosis","Bane+1","Backflip"],"picked":"SKIP","floor":20.0},{"not_picked":["Quick Slash","Poisoned Stab"],"picked":"Blade Dance","floor":22.0},{"not_picked":["wanderingMiniBosses:FinaleOfPromise"],"picked":"SKIP","floor":22.0},{"not_picked":["Dagger Throw","Concentrate"],"picked":"Envenom","floor":23.0},{"not_picked":["Dagger Spray","Flying Knee","Outmaneuver"],"picked":"SKIP","floor":24.0},{"not_picked":["Corpse Explosion+1","Deadly Poison+1","Bane+1"],"picked":"SKIP","floor":27.0},{"not_picked":["hubris:Counter","Backstab"],"picked":"ReplayTheSpireMod:Exploit Weakness+1","floor":28.0},{"not_picked":["Phantasmal Killer+1","Dodge and Roll+1","Outmaneuver+1"],"picked":"SKIP","floor":31.0},{"not_picked":["Bullet Time+1","Burst+1"],"picked":"Tools of the Trade","floor":33.0},{"not_picked":["Flying Knee+1","Poisoned Stab","Prepared+1"],"picked":"SKIP","floor":35.0},{"not_picked":["Dash+1","Dodge and Roll+1","Replay:Poison Smokescreen+1"],"picked":"SKIP","floor":37},{"not_picked":["hubris:SlightOfHand+1","Sucker Punch","Slice+1"],"picked":"SKIP","floor":38},{"not_picked":["Wraith Form v2","Flying Knee","Prepared+1"],"picked":"SKIP","floor":40},{"not_picked":["Skewer","Slice"],"picked":"Acrobatics+1","floor":41},{"not_picked":["ReplayTheSpireMod:Tripwire+1","Deflect+1","PiercingWail+1"],"picked":"SKIP","floor":44},{"not_picked":["Endless Agony","Flying Knee+1"],"picked":"ReplayTheSpireMod:Scrap Shanks+1","floor":46},{"not_picked":["Bane","Deadly Poison+1","ReplayTheSpireMod:Scrap Shanks+1"],"picked":"SKIP","floor":47},{"not_picked":["Well Laid Plans","Hidden Blade+1","ReplayTheSpireMod:Scrap Shanks"],"picked":"SKIP","floor":48},{"not_picked":["Sucker Punch","hubris:SlightOfHand+1","Escape Plan+1"],"picked":"SKIP","floor":52},{"not_picked":["Dagger Throw","ReplayTheSpireMod:Tripwire+1","Dodge and Roll+1"],"picked":"SKIP","floor":53},{"not_picked":["Reflex+1","ReplayTheSpireMod:Scrap Shanks","Sucker Punch"],"picked":"SKIP","floor":56},{"not_picked":["Dodge and Roll+1","Caltrops","ReplayTheSpireMod:Necrosis+1"],"picked":"SKIP","floor":57},{"not_picked":["Catalyst+1","Outmaneuver+1","Fluid Movement"],"picked":"SKIP","floor":58},{"not_picked":["Concentrate+1","ReplayTheSpireMod:The Works+1","Reflex+1"],"picked":"Singing Bowl","floor":62},{"not_picked":["Acrobatics+1","ReplayTheSpireMod:Tripwire+1","Dodge and Roll+1"],"picked":"Singing Bowl","floor":64},{"not_picked":["Dash","Poisoned Stab","ReplayTheSpireMod:Speed Training+1"],"picked":"Singing Bowl","floor":65},{"not_picked":["Bullet Time+1","Atom Bomb","Doppelganger+1"],"picked":"Singing Bowl","floor":67},{"not_picked":["infinitespire:DeathsTouch","infinitespire:Execution","infinitespire:FutureSight"],"picked":"Singing Bowl","floor":68},{"not_picked":["Sucker Punch+1","Catalyst+1","Deadly Poison+1"],"picked":"Singing Bowl","floor":69},{"not_picked":["Dodge and Roll+1","Terror+1","Leg Sweep+1"],"picked":"Singing Bowl","floor":70},{"not_picked":["hubris:SlightOfHand+1","Flying Knee","Backstab"],"picked":"Singing Bowl","floor":71},{"not_picked":["Footwork","Dodge and Roll+1","Cloak And Dagger+1"],"picked":"Singing Bowl","floor":73},{"not_picked":["Hidden Blade+1","Cloak And Dagger+1","Acrobatics+1"],"picked":"Singing Bowl","floor":75},{"not_picked":["Dodge and Roll+1","Hidden Blade+1","ReplayTheSpireMod:Exploit Weakness+1"],"picked":"Singing Bowl","floor":76},{"not_picked":["Underhanded Strike","Well Laid Plans+1","Slice"],"picked":"Singing Bowl","floor":82},{"not_picked":["Wraith Form v2","After Image","Unload"],"picked":"Singing Bowl","floor":84},{"not_picked":["Acrobatics+1","Finisher+1","Draining Mist+1"],"picked":"Singing Bowl","floor":86},{"not_picked":["Deadly Poison+1","Draining Mist+1","Reflex+1"],"picked":"Singing Bowl","floor":88},{"not_picked":["Acrobatics+1","Slice+1","Dodge and Roll+1"],"picked":"Singing Bowl","floor":89},{"not_picked":["Cloak And Dagger+1","Poisoned Stab","hubris:SlightOfHand+1"],"picked":"Singing Bowl","floor":91},{"not_picked":["Slice","Reflex+1","Dagger Spray+1"],"picked":"Singing Bowl","floor":92},{"not_picked":["Dagger Throw+1","Caltrops","Bane"],"picked":"Singing Bowl","floor":96},{"not_picked":["Distraction+1","Quick Slash+1","Deadly Poison+1"],"picked":"Singing Bowl","floor":97},{"not_picked":["Flying Knee+1","Prepared+1","Escape Plan+1"],"picked":"Singing Bowl","floor":98},{"not_picked":["ReplayTheSpireMod:From All Sides","Phantasmal Killer+1","Night Terror+1"],"picked":"Singing Bowl","floor":101}],"player_experience":599698,"relics_obtained":[{"floor":6.0,"key":"PreservedInsect"},{"floor":7.0,"key":"Whetstone"},{"floor":8.0,"key":"Replay:Mystery Machine"},{"floor":9.0,"key":"Gremlin Horn"},{"floor":11.0,"key":"Vajra"},{"floor":13.0,"key":"Replay:Bandana"},{"floor":22.0,"key":"wanderingMiniBosses:Blackblade"},{"floor":23.0,"key":"Pondfish Scales"},{"floor":26.0,"key":"Toxic Egg 2"},{"floor":28.0,"key":"War Paint"},{"floor":29.0,"key":"infinitespire:BottledMercury"},{"floor":31.0,"key":"Simple Rune"},{"floor":40,"key":"Snake Skull"},{"floor":40,"key":"infinitespire:Bottled Soul"},{"floor":41,"key":"Replay:Bottled Eggs"},{"floor":46,"key":"Tough Bandages"},{"floor":46,"key":"hubris:TinFlute"},{"floor":47,"key":"aspiration:Lifesprig"},{"floor":47,"key":"ReplayTheSpireMod:Lightbulb"},{"floor":48,"key":"StrikeDummy"},{"floor":48,"key":"Orichalcum"},{"floor":57,"key":"hubris:MobiusCoin"},{"floor":57,"key":"Ancient Tea Set"},{"floor":60,"key":"Blood Vial"},{"floor":62,"key":"Bag of Preparation"},{"floor":62,"key":"hubris:TenFootPole"},{"floor":64,"key":"Replay:Rubber Ducky"},{"floor":64,"key":"hubris:Teleporter"},{"floor":65,"key":"Replay:Baseball"},{"floor":65,"key":"aspiration:SeaSaltIceCream"},{"floor":75,"key":"aspiration:FetidBarrel"},{"floor":75,"key":"Akabeko"},{"floor":77,"key":"infinitespire:Lucky Rock"},{"floor":91,"key":"Garlic"},{"floor":91,"key":"Bag of Marbles"},{"floor":94,"key":"Bottled Flame"},{"floor":98,"key":"hubris:SlimyHat"},{"floor":98,"key":"aspiration:StickyExplosives"}],"event_choices":[{"damage_healed":0.0,"max_hp_gain":0.0,"max_hp_loss":0.0,"gold_gain":0.0,"event_name":"Winding Halls","player_choice":"Embrace Madness","floor":36.0,"gold_loss":0.0,"damage_taken":9.0,"cards_obtained":["Madness","Madness"]}],"is_beta":false,"boss_relics":[{"not_picked":["Astrolabe","Tiny House"],"picked":"Runic Dome"},{"not_picked":["Kintsugi","Replay:Bronze Core"],"picked":"Black Star"},{"not_picked":["hubris:Stopwatch","aspiration:FutureDiary"],"picked":"HoveringKite"},{"not_picked":["Ring of the Serpent","Ring of Chaos"],"picked":"hubris:VirtuousBlindfold"},{"not_picked":["aspiration:RunicSpoon","Cursed Key","Calling Bell"]},{"not_picked":["hubris:CrackedHourglass","aspiration:RandomNobGenerator"],"picked":"Replay:Grab Bag"},{"not_picked":["Velvet Choker","Busted Crown"],"picked":"infinitespire:Cupcake"},{"not_picked":["ChewingGum","hubris:RunicObelisk"],"picked":"Philosopher\u0027s Stone"},{"not_picked":["Snecko Scales","aspiration:PoetsPen"],"picked":"aspiration:SecretTechniqueScroll"}],"items_purged_floors":[39,61,90],"is_endless":true,"potions_floor_spawned":[2,3,5,6,14,18,22,28,33,38,44,50,53,57,64,67,69,75,76,91,92,96,101],"ascension_level":1}}