{"host":"yecadp3kwkksam5a","time":1612018382,"event":{"mods":["BaseMod","Minty Spire (QoL Compilation)","Prisma Mod","StSLib","SuperFastMode","The Cursed","WarShipGirlsR/??á´Ò³R mod"],"gold_per_floor":[111,125,145,162,177,177,177],"floor_reached":6,"language":"KOR","playtime":264,"items_purged":[],"score":65,"play_id":"6aa6ab23-1ddd-479b-857c-ab511b64d21e","local_time":"20210130235302","is_ascension_mode":false,"campfire_choices":[],"circlet_count":0,"master_deck":["rmod:strick","rmod:strick","rmod:strick","rmod:strick","rmod:defend","rmod:defend","rmod:defend","rmod:defend","rmod:basicallowance","rmod:maingunfire","Mayhem+1","Mayhem+1","Mayhem+1","Mayhem+1","Mayhem+1","rmod:diamondstrike","rmod:fuelsupply","rmod:slowdown","rmod:maintain"],"relics":["rmod:firstchargereward","Bird Faced Urn"],"acts_visited":["Exordium"],"potions_floor_usage":[],"damage_taken":[{"damage":0,"enemies":"Cultist","floor":1,"turns":3},{"damage":1,"enemies":"2 Louse","floor":2,"turns":3},{"damage":11,"enemies":"Small Slimes","floor":3,"turns":3},{"damage":10,"enemies":"Looter","floor":4,"turns":3},{"damage":26,"enemies":"Lots of Slimes","floor":5,"turns":5},{"damage":0,"enemies":"3 Sentries","floor":6,"turns":1}],"seed_played":"-8453621598996196849","potions_obtained":[{"floor":3,"key":"FairyPotion"},{"floor":5,"key":"ColorlessPotion"}],"is_trial":false,"path_per_floor":["M","M","M","M","M","E"],"character_chosen":"PRAEFECT","items_purchased":[],"campfire_rested":0,"item_purchase_floors":[],"current_hp_per_floor":[82,82,73,69,53,53,53],"gold":177,"neow_bonus":"TEN_PERCENT_HP_BONUS","is_daily":false,"chose_seed":false,"campfire_upgraded":0,"win_rate":0.0,"timestamp":1612018382,"path_taken":["M","M","M","M","?","E"],"items_purchased_type":[],"build_version":"2020-12-22","purchased_purges":0,"victory":false,"max_hp_per_floor":[82,82,82,82,82,82,82],"card_choices":[{"not_picked":["rmod:overbreakdown","rmod:aviationdawn","rmod:spoils"],"picked":"SKIP","floor":1},{"not_picked":["rmod:mineteam","rmod:secretscript"],"picked":"rmod:diamondstrike","floor":2},{"not_picked":["rmod:smokecover","rmod:openingtorpedo"],"picked":"rmod:fuelsupply","floor":3},{"not_picked":["rmod:aviationdawn","rmod:openingtorpedo"],"picked":"rmod:slowdown","floor":4},{"not_picked":["rmod:victimresponsibility","rmod:supportescort"],"picked":"rmod:maintain","floor":5}],"player_experience":554875,"relics_obtained":[],"event_choices":[],"is_beta":false,"boss_relics":[],"items_purged_floors":[],"is_endless":false,"potions_floor_spawned":[3,5],"killed_by":"3 Sentries","ascension_level":0}}