{"host":"bxn2em57qlx5u4i0","time":1612019250,"event":{"mods":["BaseMod","Colored Map","Colored Powertips","Highlight Path","Minty Spire (QoL Compilation)","Random Character Button","Relic Sorter","Relic Stats","StSLib","SuperFastMode"],"gold_per_floor":[116,31,31,31,48,78,78,106,106,106,134,153,69,69,69,143,143,162,33,33,48,66,66,66],"floor_reached":23,"language":"ENG","playtime":482,"items_purged":["Strike_G"],"score":534,"play_id":"fb371812-c742-4741-b6ab-0ebe9d5c3240","local_time":"20210130100730","is_ascension_mode":true,"campfire_choices":[{"data":"Noxious Fumes","floor":10.0,"key":"SMITH"},{"data":"Footwork","floor":15.0,"key":"SMITH"}],"circlet_count":0,"master_deck":["AscendersBane","Strike_G","Strike_G","Strike_G","Strike_G+1","Defend_G","Defend_G+1","Defend_G","Defend_G","Defend_G","Survivor","Neutralize","Quick Slash","Noxious Fumes+1","Poisoned Stab","Terror","Bouncing Flask","Footwork+1","Corpse Explosion+1","Bouncing Flask+1","Escape Plan"],"relics":["Ring of the Snake","NeowsBlessing","Prayer Wheel","FossilizedHelix","Unceasing Top","Blue Candle","SlaversCollar"],"acts_visited":["Exordium","TheCity"],"potions_floor_usage":[23,23],"damage_taken":[{"damage":0.0,"enemies":"Small Slimes","floor":1.0,"turns":1.0},{"damage":0.0,"enemies":"Jaw Worm","floor":5.0,"turns":1.0},{"damage":0.0,"enemies":"3 Sentries","floor":6.0,"turns":1.0},{"damage":39.0,"enemies":"Gremlin Nob","floor":8.0,"turns":4.0},{"damage":15.0,"enemies":"Lagavulin","floor":11.0,"turns":6.0},{"damage":0.0,"enemies":"Cultist","floor":12.0,"turns":3.0},{"damage":0.0,"enemies":"3 Sentries","floor":14.0,"turns":2.0},{"damage":5.0,"enemies":"The Guardian","floor":16.0,"turns":8.0},{"damage":0.0,"enemies":"Spheric Guardian","floor":18.0,"turns":5.0},{"damage":10.0,"enemies":"Shell Parasite","floor":21.0,"turns":5.0},{"damage":8.0,"enemies":"Centurion and Healer","floor":22.0,"turns":6.0},{"damage":40,"enemies":"Gremlin Leader","floor":23,"turns":6}],"seed_played":"8905062068123088820","potions_obtained":[{"floor":8.0,"key":"SmokeBomb"},{"floor":11.0,"key":"GamblersBrew"},{"floor":21.0,"key":"Swift Potion"}],"is_trial":false,"path_per_floor":["M","$","?","$","M","E","?","E","T","R","E","M","$","E","R","B",null,"M","$","?","M","M","E"],"character_chosen":"THE_SILENT","items_purchased":["Noxious Fumes","Footwork","SkillPotion"],"campfire_rested":0,"item_purchase_floors":[2,13,19],"current_hp_per_floor":[59,59,39,39,39,39,61,22,22,22,7,7,7,7,7,2,50,50,50,50,40,32,0,0],"gold":66,"neow_bonus":"THREE_ENEMY_KILL","is_daily":false,"chose_seed":false,"campfire_upgraded":2,"win_rate":0.0,"timestamp":1612019250,"path_taken":["M","$","?","$","M","E","?","E","T","R","E","M","$","E","R","BOSS","M","$","?","M","M","E"],"items_purchased_type":["Card","Card","Potion"],"build_version":"2020-12-22","purchased_purges":1,"victory":false,"max_hp_per_floor":[66,66,66,66,66,66,66,66,66,66,66,66,66,66,66,66,66,66,66,66,66,66,66,66],"relic_stats":{"counters":[12,48],"Blue Candle":[0],"Prayer Wheel":4,"obtain_stats":[{"SlaversCollar":17,"NeowsBlessing":0,"Blue Candle":11,"Prayer Wheel":6,"FossilizedHelix":8,"Unceasing Top":9,"Ring of the Snake":0},{"SlaversCollar":8,"NeowsBlessing":0,"Blue Candle":5,"Prayer Wheel":3,"FossilizedHelix":4,"Unceasing Top":4,"Ring of the Snake":0},{"SlaversCollar":26,"NeowsBlessing":0,"Blue Candle":13,"Prayer Wheel":3,"FossilizedHelix":7,"Unceasing Top":7,"Ring of the Snake":0}],"Unceasing Top":[0],"Ring of the Snake":[24]},"card_choices":[{"not_picked":["Sucker Punch","Acrobatics"],"picked":"Quick Slash","floor":1.0},{"not_picked":["Acrobatics","Bane"],"picked":"Poisoned Stab","floor":5.0},{"not_picked":["Backflip","Phantasmal Killer"],"picked":"Terror","floor":6.0},{"not_picked":["Sucker Punch","Bane","Distraction"],"picked":"SKIP","floor":8.0},{"not_picked":["Heel Hook","Prepared"],"picked":"Bouncing Flask","floor":11.0},{"not_picked":["Envenom","Die Die Die"],"picked":"Corpse Explosion","floor":16.0},{"not_picked":["Masterful Stab","Blade Dance","Underhanded Strike"],"picked":"SKIP","floor":18.0},{"not_picked":["Acrobatics","Sucker Punch","Eviscerate"],"picked":"SKIP","floor":18.0},{"not_picked":["Distraction+1","Acrobatics+1"],"picked":"Bouncing Flask+1","floor":21.0},{"not_picked":["Riddle With Holes","Bane","Accuracy"],"picked":"SKIP","floor":21.0},{"not_picked":["Distraction","Deadly Poison+1"],"picked":"Escape Plan","floor":22.0},{"not_picked":["Caltrops","Dagger Throw","Acrobatics+1"],"picked":"SKIP","floor":22.0}],"player_experience":2976678,"relics_obtained":[{"floor":6.0,"key":"Prayer Wheel"},{"floor":8.0,"key":"FossilizedHelix"},{"floor":9.0,"key":"Unceasing Top"},{"floor":11.0,"key":"Blue Candle"}],"event_choices":[{"damage_healed":0.0,"max_hp_gain":0.0,"max_hp_loss":0.0,"gold_gain":0.0,"event_name":"Shining Light","player_choice":"Entered Light","floor":3.0,"gold_loss":0.0,"damage_taken":20.0,"cards_upgraded":["Defend_G","Strike_G"]},{"damage_healed":22.0,"max_hp_gain":0.0,"max_hp_loss":0.0,"gold_gain":0.0,"event_name":"Big Fish","player_choice":"Banana","floor":7.0,"gold_loss":0.0,"damage_taken":0.0},{"damage_healed":0.0,"max_hp_gain":0.0,"max_hp_loss":0.0,"gold_gain":0.0,"event_name":"Upgrade Shrine","player_choice":"Upgraded","floor":20.0,"gold_loss":0.0,"damage_taken":0.0,"cards_upgraded":["Corpse Explosion"]}],"is_beta":false,"boss_relics":[{"not_picked":["WristBlade","Empty Cage"],"picked":"SlaversCollar"}],"items_purged_floors":[19],"is_endless":false,"potions_floor_spawned":[8,11,12,21,22],"killed_by":"Gremlin Leader","ascension_level":20}}