{"host":"l5zfpd2l2htson6l","time":1612023914,"event":{"mods":["AchievementEnabler","BaseMod","Colored Map","Colored Powertips","Minty Spire (QoL Compilation)","Permanent Neow","Quick Restart","Rare Cards Sparkle","Relic Stats","SuperFastMode"],"gold_per_floor":[362,373,389,57,57,83,83,115,115,145,164,180,194,227,227,302,302,319,319,319,333,351,383,34,69,69,69,79,90,90,116,116,195,195,209,209,209,262,280,309,309,329,329,342,368,379,379,408,408,408],"floor_reached":51,"language":"ENG","playtime":4632,"items_purged":["Normality"],"score":1455,"play_id":"b8ebdda2-6077-4472-8b95-5fde193e4266","local_time":"20210130082514","is_ascension_mode":true,"campfire_choices":[{"data":"Hemokinesis","floor":7.0,"key":"SMITH"},{"data":"Uppercut","floor":15.0,"key":"SMITH"},{"data":"Feed","floor":30.0,"key":"SMITH"},{"data":"Rupture","floor":32.0,"key":"SMITH"},{"data":"Feel No Pain","floor":41.0,"key":"SMITH"},{"data":"Corruption","floor":47,"key":"SMITH"},{"data":"Battle Trance","floor":49,"key":"SMITH"}],"circlet_count":0,"master_deck":["AscendersBane","Strike_R+1","Strike_R","Defend_R","Defend_R","Defend_R","Defend_R","Bash+1","Anger","Battle Trance+1","Hemokinesis+1","Cleave","Uppercut+1","Feel No Pain+1","Shrug It Off","Fiend Fire","Dual Wield+1","Pommel Strike+1","Combust+1","Necronomicurse","Inflame+1","Feed+1","True Grit","Ghostly","Ghostly","Ghostly","Ghostly","Ghostly","Rupture+1","Corruption+1","True Grit+1","Flame Barrier","Heavy Blade"],"relics":["Burning Blood","Vajra","WarpedTongs","Eternal Feather","White Beast Statue","Pear","Whetstone","Bottled Lightning","Astrolabe","Necronomicon","Spirit Poop","Blood Vial","Incense Burner","Nunchaku","Gremlin Horn","Centennial Puzzle","SacredBark","Mango","Mummified Hand","Dead Branch","Toxic Egg 2"],"acts_visited":["Exordium","TheCity","TheBeyond"],"potions_floor_usage":[],"damage_taken":[{"damage":4.0,"enemies":"Small Slimes","floor":1.0,"turns":4.0},{"damage":6.0,"enemies":"Cultist","floor":2.0,"turns":3.0},{"damage":4.0,"enemies":"2 Louse","floor":3.0,"turns":3.0},{"damage":21.0,"enemies":"Gremlin Nob","floor":6.0,"turns":3.0},{"damage":30.0,"enemies":"Lagavulin","floor":8.0,"turns":5.0},{"damage":29.0,"enemies":"Gremlin Nob","floor":10.0,"turns":4.0},{"damage":7.0,"enemies":"2 Fungi Beasts","floor":11.0,"turns":3.0},{"damage":5.0,"enemies":"Large Slime","floor":12.0,"turns":4.0},{"damage":1.0,"enemies":"Blue Slaver","floor":13.0,"turns":2.0},{"damage":13.0,"enemies":"Lagavulin","floor":14.0,"turns":5.0},{"damage":30.0,"enemies":"Slime Boss","floor":16.0,"turns":8.0},{"damage":7.0,"enemies":"Chosen","floor":18.0,"turns":3.0},{"damage":2.0,"enemies":"Spheric Guardian","floor":21.0,"turns":2.0},{"damage":13.0,"enemies":"Cultist and Chosen","floor":22.0,"turns":4.0},{"damage":21.0,"enemies":"Book of Stabbing","floor":23.0,"turns":5.0},{"damage":8.0,"enemies":"Gremlin Leader","floor":25.0,"turns":4.0},{"damage":4.0,"enemies":"Snecko","floor":28.0,"turns":5.0},{"damage":8.0,"enemies":"3 Cultists","floor":29.0,"turns":6.0},{"damage":15.0,"enemies":"Slavers","floor":31.0,"turns":7.0},{"damage":9.0,"enemies":"Automaton","floor":33.0,"turns":8.0},{"damage":22.0,"enemies":"3 Shapes","floor":35.0,"turns":13.0},{"damage":17.0,"enemies":"2 Orb Walkers","floor":38.0,"turns":8.0},{"damage":2.0,"enemies":"Orb Walker","floor":39.0,"turns":6.0},{"damage":68.0,"enemies":"Giant Head","floor":40.0,"turns":9.0},{"damage":11.0,"enemies":"Jaw Worm Horde","floor":42.0,"turns":7.0},{"damage":4.0,"enemies":"Spire Growth","floor":44.0,"turns":8.0},{"damage":11,"enemies":"Reptomancer","floor":45,"turns":7},{"damage":1,"enemies":"Transient","floor":46,"turns":5},{"damage":16,"enemies":"Giant Head","floor":48,"turns":7},{"damage":6,"enemies":"Awakened One","floor":50,"turns":7}],"seed_played":"1492038844574592036","potions_obtained":[{"floor":1.0,"key":"Explosive Potion"},{"floor":8.0,"key":"BloodPotion"},{"floor":10.0,"key":"AttackPotion"},{"floor":12.0,"key":"Block Potion"},{"floor":13.0,"key":"ColorlessPotion"},{"floor":14.0,"key":"LiquidMemories"},{"floor":21.0,"key":"FearPotion"},{"floor":23.0,"key":"SkillPotion"},{"floor":25.0,"key":"BloodPotion"},{"floor":28.0,"key":"BloodPotion"},{"floor":33.0,"key":"SneckoOil"},{"floor":40.0,"key":"ElixirPotion"},{"floor":44.0,"key":"EntropicBrew"}],"is_trial":false,"path_per_floor":["M","M","M","$","?","E","R","E","T","E","M","M","M","E","R","B",null,"M","?","?","M","M","E","$","E","T","?","M","M","R","E","R","B",null,"M","?","?","?","M","E","R","M","T","M","E","M","R","E","R","B",null],"character_chosen":"IRONCLAD","items_purchased":["Vajra","BlessingOfTheForge","Cleave","Incense Burner","True Grit"],"campfire_rested":0,"item_purchase_floors":[4,4,4,24,24],"current_hp_per_floor":[70,70,72,72,72,57,66,42,52,46,45,46,51,44,56,32,72,71,55,55,59,52,37,37,37,37,37,45,48,50,49,58,59,61,58,58,58,63,73,49,67,68,68,76,73,80,98,90,100,100],"gold":408,"neow_bonus":"TWO_FIFTY_GOLD","is_daily":false,"chose_seed":false,"campfire_upgraded":7,"win_rate":0.0,"timestamp":1612023914,"path_taken":["M","M","M","$","?","E","R","E","T","E","M","M","M","E","R","BOSS","M","?","?","M","?","E","$","E","T","?","M","M","R","E","R","BOSS","M","?","?","?","M","E","R","M","T","M","E","M","R","E","R","BOSS"],"items_purchased_type":["Relic","Potion","Card","Relic","Card"],"build_version":"2020-12-22","purchased_purges":1,"victory":true,"max_hp_per_floor":[75,75,75,75,75,75,75,75,85,85,85,85,85,85,85,85,85,85,85,85,85,85,85,85,85,85,42,46,50,50,58,58,62,62,74,74,74,88,92,92,92,96,96,100,100,100,100,100,100,100],"relic_stats":{"Gremlin Horn":[18,19],"counters":[30,165],"Astrolabe":["Dual Wield","Pommel Strike","Combust"],"Dead Branch":[97],"Eternal Feather":78,"Whetstone":["Strike_R","Bash"],"Burning Blood":180,"WarpedTongs":[148],"Blood Vial":22,"Nunchaku":[16],"Centennial Puzzle":[33],"Mummified Hand":[41],"Necronomicon":[44],"obtain_stats":[{"Pear":9,"Gremlin Horn":26,"Astrolabe":17,"SacredBark":34,"Dead Branch":45,"Vajra":4,"Spirit Poop":20,"Eternal Feather":6,"Mango":38,"Incense Burner":24,"Whetstone":10,"Burning Blood":0,"White Beast Statue":8,"WarpedTongs":5,"Blood Vial":23,"Nunchaku":25,"Centennial Puzzle":31,"Mummified Hand":40,"Necronomicon":19,"Bottled Lightning":14,"Toxic Egg 2":48},{"Pear":5,"Gremlin Horn":16,"Astrolabe":11,"SacredBark":20,"Dead Branch":27,"Vajra":3,"Spirit Poop":12,"Eternal Feather":4,"Mango":22,"Incense Burner":15,"Whetstone":6,"Burning Blood":0,"White Beast Statue":5,"WarpedTongs":3,"Blood Vial":15,"Nunchaku":16,"Centennial Puzzle":19,"Mummified Hand":24,"Necronomicon":12,"Bottled Lightning":10,"Toxic Egg 2":29},{"Pear":18,"Gremlin Horn":62,"Astrolabe":44,"SacredBark":88,"Dead Branch":146,"Vajra":10,"Spirit Poop":47,"Eternal Feather":13,"Mango":109,"Incense Burner":58,"Whetstone":22,"Burning Blood":0,"White Beast Statue":18,"WarpedTongs":10,"Blood Vial":58,"Nunchaku":62,"Centennial Puzzle":80,"Mummified Hand":124,"Necronomicon":47,"Bottled Lightning":36,"Toxic Egg 2":158}]},"card_choices":[{"not_picked":["Dark Embrace","Havoc"],"picked":"Anger","floor":1.0},{"not_picked":["Pommel Strike","True Grit"],"picked":"Battle Trance","floor":2.0},{"not_picked":["True Grit","Body Slam"],"picked":"Hemokinesis","floor":3.0},{"not_picked":["Armaments","Demon Form"],"picked":"Uppercut","floor":6.0},{"not_picked":["Wild Strike","Sever Soul","Limit Break"],"picked":"SKIP","floor":8.0},{"not_picked":["Pummel","Barricade","Dropkick"],"picked":"SKIP","floor":10.0},{"not_picked":["Combust","Warcry"],"picked":"Feel No Pain","floor":11.0},{"not_picked":["Pummel","Dark Embrace","Body Slam"],"picked":"SKIP","floor":12.0},{"not_picked":["Havoc","Iron Wave"],"picked":"Shrug It Off","floor":13.0},{"not_picked":["Body Slam","Pommel Strike"],"picked":"Dual Wield","floor":14.0},{"not_picked":["Limit Break","Brutality"],"picked":"Fiend Fire","floor":16.0},{"not_picked":["Wild Strike","Headbutt","Clash"],"picked":"SKIP","floor":18.0},{"not_picked":["Second Wind","Clothesline"],"picked":"Inflame+1","floor":21.0},{"not_picked":["Searing Blow","Seeing Red","Flex"],"picked":"SKIP","floor":22.0},{"not_picked":["Combust","Body Slam"],"picked":"Feed","floor":23.0},{"not_picked":["Carnage","Cleave","Pummel"],"picked":"SKIP","floor":25.0},{"not_picked":["Shrug It Off","Ghostly Armor+1","Fire Breathing"],"picked":"SKIP","floor":28.0},{"not_picked":["Entrench","Cleave","Seeing Red"],"picked":"SKIP","floor":29.0},{"not_picked":["Clothesline","Shrug It Off"],"picked":"Rupture","floor":31.0},{"not_picked":["Limit Break","Barricade"],"picked":"Corruption","floor":33.0},{"not_picked":["Warcry+1","True Grit","Battle Trance"],"picked":"SKIP","floor":35.0},{"not_picked":["Warcry+1","True Grit","Battle Trance"],"picked":"SKIP","floor":35.0},{"not_picked":["Intimidate","Shrug It Off"],"picked":"True Grit+1","floor":38.0},{"not_picked":["Anger","Wild Strike+1"],"picked":"Flame Barrier","floor":39.0},{"not_picked":["Body Slam","Infernal Blade","Armaments"],"picked":"SKIP","floor":40.0},{"not_picked":["Metallicize","Pommel Strike+1","Shrug It Off"],"picked":"SKIP","floor":42.0},{"not_picked":["Bludgeon","Flex"],"picked":"Heavy Blade","floor":44.0},{"not_picked":["Warcry","True Grit","Cleave"],"picked":"SKIP","floor":45},{"not_picked":["Perfected Strike+1","Sword Boomerang","Wild Strike+1"],"picked":"SKIP","floor":46},{"not_picked":["Evolve+1","Anger","Reckless Charge+1"],"picked":"SKIP","floor":48}],"player_experience":788094,"relics_obtained":[{"floor":6.0,"key":"Eternal Feather"},{"floor":8.0,"key":"White Beast Statue"},{"floor":9.0,"key":"Pear"},{"floor":10.0,"key":"Whetstone"},{"floor":14.0,"key":"Bottled Lightning"},{"floor":19.0,"key":"Necronomicon"},{"floor":23.0,"key":"Blood Vial"},{"floor":25.0,"key":"Nunchaku"},{"floor":26.0,"key":"Gremlin Horn"},{"floor":31.0,"key":"Centennial Puzzle"},{"floor":38.0,"key":"Mango"},{"floor":40.0,"key":"Mummified Hand"},{"floor":45,"key":"Dead Branch"},{"floor":48,"key":"Toxic Egg 2"}],"event_choices":[{"damage_healed":0.0,"max_hp_gain":0.0,"max_hp_loss":0.0,"gold_gain":0.0,"event_name":"Accursed Blacksmith","player_choice":"Rummage","floor":5.0,"gold_loss":0.0,"damage_taken":0.0,"relics_obtained":["WarpedTongs"],"cards_obtained":["Pain"]},{"damage_healed":0.0,"max_hp_gain":0.0,"max_hp_loss":0.0,"gold_gain":0.0,"event_name":"Cursed Tome","player_choice":"Obtained Book","floor":19.0,"gold_loss":0.0,"damage_taken":16.0},{"cards_removed":["Pain"],"damage_healed":0.0,"max_hp_gain":0.0,"max_hp_loss":0.0,"gold_gain":0.0,"event_name":"Bonfire Elementals","player_choice":"Offered Curse","floor":20.0,"gold_loss":0.0,"damage_taken":0.0,"relics_obtained":["Spirit Poop"]},{"damage_healed":0.0,"max_hp_gain":0.0,"max_hp_loss":43.0,"gold_gain":0.0,"event_name":"Ghosts","player_choice":"Became a Ghost","floor":27.0,"gold_loss":0.0,"damage_taken":0.0,"cards_obtained":["Ghostly","Ghostly","Ghostly","Ghostly","Ghostly"]},{"cards_removed":["Dual Wield"],"damage_healed":0.0,"max_hp_gain":0.0,"max_hp_loss":0.0,"gold_gain":0.0,"event_name":"Falling","player_choice":"Removed Skill","floor":36.0,"gold_loss":0.0,"damage_taken":0.0},{"damage_healed":0.0,"max_hp_gain":0.0,"max_hp_loss":0.0,"gold_gain":0.0,"event_name":"Tomb of Lord Red Mask","player_choice":"Ignored","floor":37.0,"gold_loss":0.0,"damage_taken":0.0},{"damage_healed":0.0,"max_hp_gain":0.0,"max_hp_loss":0.0,"gold_gain":0.0,"event_name":"Mysterious Sphere","player_choice":"Fight","floor":38.0,"gold_loss":0.0,"damage_taken":0.0}],"is_beta":false,"boss_relics":[{"not_picked":["Runic Pyramid","Calling Bell"],"picked":"Astrolabe"},{"not_picked":["SlaversCollar","Pandora\u0027s Box"],"picked":"SacredBark"}],"items_purged_floors":[4],"is_endless":false,"potions_floor_spawned":[1,8,10,11,12,13,14,16,18,21,22,23,25,28,29,31,33,35,38,39,40,42,44,45,46,48],"ascension_level":14}}