{"host":"r53pw7z744tg3fxg","time":1612032502,"event":{"mods":["AchievementEnabler","BaseMod","Colored Map","Colored Powertips","Highlight Path","Minty Spire (QoL Compilation)","Quick Restart","Transform Curses"],"gold_per_floor":[110,120,120,120,143,143,163,201,201,220,235,235,235,260,260,358,358,373,373,10,26,26,26],"floor_reached":22,"language":"ENG","playtime":794,"items_purged":[],"score":357,"play_id":"435f0613-b1bb-4ce9-b650-32891d40cafe","local_time":"20210130114822","is_ascension_mode":true,"campfire_choices":[{"floor":6.0,"key":"REST"},{"floor":12.0,"key":"REST"},{"data":"Tantrum","floor":15.0,"key":"SMITH"}],"circlet_count":0,"master_deck":["AscendersBane","Strike_P","Strike_P","Strike_P","Strike_P","Defend_P","Defend_P+1","Defend_P","Defend_P","Eruption+1","Vigilance","FlurryOfBlows","SashWhip","Injury","LikeWater+1","Tantrum+1","DeceiveReality","PathToVictory","Consecrate","Protect","Blasphemy","Sanctity+1","Evaluate"],"relics":["PureWater","Golden Idol","InkBottle","Busted Crown","Nloth\u0027s Gift","Lantern","Vajra"],"acts_visited":["Exordium","TheCity"],"potions_floor_usage":[],"damage_taken":[{"damage":0.0,"enemies":"Cultist","floor":1.0,"turns":3.0},{"damage":0.0,"enemies":"Small Slimes","floor":2.0,"turns":2.0},{"damage":0.0,"enemies":"2 Louse","floor":5.0,"turns":2.0},{"damage":0.0,"enemies":"Looter","floor":7.0,"turns":4.0},{"damage":17.0,"enemies":"Gremlin Nob","floor":8.0,"turns":3.0},{"damage":1.0,"enemies":"Large Slime","floor":10.0,"turns":4.0},{"damage":9.0,"enemies":"Exordium Wildlife","floor":11.0,"turns":3.0},{"damage":0.0,"enemies":"Looter","floor":14.0,"turns":3.0},{"damage":27.0,"enemies":"Hexaghost","floor":16.0,"turns":8.0},{"damage":18.0,"enemies":"Shell Parasite","floor":18.0,"turns":9.0},{"damage":6.0,"enemies":"2 Thieves","floor":21.0,"turns":4.0},{"damage":41,"enemies":"Centurion and Healer","floor":22,"turns":6}],"seed_played":"8882687306646007990","potions_obtained":[{"floor":1.0,"key":"SpeedPotion"},{"floor":8.0,"key":"Weak Potion"},{"floor":11.0,"key":"Swift Potion"},{"floor":14.0,"key":"LiquidMemories"},{"floor":16.0,"key":"Strength Potion"},{"floor":18.0,"key":"ColorlessPotion"}],"is_trial":false,"path_per_floor":["M","M","?","?","M","R","M","E","T","M","M","R","?","M","R","B",null,"M","?","$","M","M"],"character_chosen":"WATCHER","items_purchased":["Lantern","Vajra","Evaluate"],"campfire_rested":2,"item_purchase_floors":[20,20,20],"current_hp_per_floor":[67,67,45,45,45,67,67,50,50,49,40,62,62,62,62,35,64,46,46,46,40,0,0],"gold":26,"neow_bonus":"TEN_PERCENT_HP_BONUS","is_daily":false,"chose_seed":false,"campfire_upgraded":1,"win_rate":0.0,"timestamp":1612032502,"path_taken":["M","?","?","?","M","R","M","E","T","M","M","R","?","M","R","BOSS","M","?","$","?","M"],"items_purchased_type":["Relic","Relic","Card"],"build_version":"2020-12-22","purchased_purges":0,"victory":false,"max_hp_per_floor":[74,74,74,74,74,74,74,74,74,74,74,74,74,74,74,74,74,74,74,74,74,74,74],"card_choices":[{"not_picked":["Worship","SashWhip"],"picked":"FlurryOfBlows","floor":1.0},{"not_picked":["ThirdEye","Nirvana"],"picked":"SashWhip","floor":2.0},{"not_picked":["EmptyBody","ThirdEye"],"picked":"LikeWater","floor":5.0},{"not_picked":["Protect","EmptyMind"],"picked":"Tantrum","floor":7.0},{"not_picked":["Alpha","WreathOfFlame"],"picked":"DeceiveReality","floor":8.0},{"not_picked":["SandsOfTime","Weave"],"picked":"PathToVictory","floor":10.0},{"not_picked":["EmptyFist","LikeWater"],"picked":"Consecrate","floor":11.0},{"not_picked":["WreathOfFlame","EmptyFist"],"picked":"Protect","floor":14.0},{"not_picked":["MasterReality","Alpha"],"picked":"Blasphemy","floor":16.0},{"not_picked":[],"picked":"Sanctity+1","floor":18.0},{"not_picked":["EmptyFist"],"picked":"SKIP","floor":21.0}],"player_experience":1393594,"relics_obtained":[{"floor":8.0,"key":"Bottled Tornado"},{"floor":9.0,"key":"InkBottle"}],"event_choices":[{"damage_healed":0.0,"max_hp_gain":0.0,"max_hp_loss":0.0,"gold_gain":0.0,"event_name":"Shining Light","player_choice":"Entered Light","floor":3.0,"gold_loss":0.0,"damage_taken":22.0,"cards_upgraded":["Defend_P","Eruption"]},{"damage_healed":0.0,"max_hp_gain":0.0,"max_hp_loss":0.0,"gold_gain":0.0,"event_name":"Golden Idol","player_choice":"Take Wound","floor":4.0,"gold_loss":0.0,"damage_taken":0.0,"relics_obtained":["Golden Idol"],"cards_obtained":["Injury"]},{"damage_healed":0.0,"max_hp_gain":0.0,"max_hp_loss":0.0,"gold_gain":0.0,"event_name":"Living Wall","player_choice":"Grow","floor":13.0,"gold_loss":0.0,"damage_taken":0.0,"cards_upgraded":["LikeWater"]},{"damage_healed":0.0,"max_hp_gain":0.0,"max_hp_loss":0.0,"gold_gain":0.0,"event_name":"N\u0027loth","player_choice":"Traded Relic","floor":19.0,"relics_lost":["Bottled Tornado"],"gold_loss":0.0,"damage_taken":0.0,"relics_obtained":["Nloth\u0027s Gift"]}],"is_beta":false,"boss_relics":[{"not_picked":["Fusion Hammer","Philosopher\u0027s Stone"],"picked":"Busted Crown"}],"items_purged_floors":[],"is_endless":false,"potions_floor_spawned":[1,8,10,11,14,16,18],"killed_by":"Centurion and Healer","ascension_level":18}}