{"host":"ig3ferjl2vi2q99g","time":1612005887,"event":{"mods":["AchievementEnabler","BaseMod","Colored Map","Colored Powertips","Hermit","Minty Spire (QoL Compilation)","Permanent Neow","Quick Restart","SacredBarkPlus","StSLib"],"gold_per_floor":[111,131,56,68,6,39,58,91,91,123,173,183,203,203,203,325,325,339,339,352,141,166,166],"floor_reached":22,"language":"ENG","playtime":2202,"items_purged":["Normality","ForeignInfluence"],"score":321,"play_id":"3001ed91-385e-49b1-8515-a4785a294999","local_time":"20210130122447","is_ascension_mode":true,"campfire_choices":[{"data":"Apotheosis","floor":15,"key":"SMITH"}],"circlet_count":0,"master_deck":["Eruption","Vigilance","Apotheosis+1","ThirdEye","Wallop","MentalFortress","EmptyBody","Crescendo","SandsOfTime","Wish","Conclude","BowlingBash","ConjureBlade","BattleHymn","WaveOfTheHand","JustLucky","DevaForm","Vengeance","Judgement","Tantrum","Necronomicurse","ClearTheMind","MentalFortress","ReachHeaven"],"relics":["PureWater","Smiling Mask","Yang","Question Card","Gremlin Horn","Vajra","Odd Mushroom","Eternal Feather","Pandora\u0027s Box","Necronomicon"],"acts_visited":["Exordium","TheCity"],"potions_floor_usage":[22],"damage_taken":[{"damage":12.0,"enemies":"Cultist","floor":1.0,"turns":3.0},{"damage":0.0,"enemies":"2 Louse","floor":2.0,"turns":2.0},{"damage":2.0,"enemies":"Jaw Worm","floor":4.0,"turns":4.0},{"damage":10.0,"enemies":"3 Sentries","floor":6.0,"turns":8.0},{"damage":1.0,"enemies":"3 Louse","floor":7.0,"turns":3.0},{"damage":0.0,"enemies":"Lagavulin","floor":8.0,"turns":5.0},{"damage":0.0,"enemies":"Gremlin Nob","floor":10.0,"turns":3.0},{"damage":0.0,"enemies":"Large Slime","floor":11.0,"turns":5.0},{"damage":3.0,"enemies":"Exordium Thugs","floor":12.0,"turns":4.0},{"damage":0,"enemies":"The Mushroom Lair","floor":13,"turns":2},{"damage":0,"enemies":"Slime Boss","floor":16,"turns":5},{"damage":0,"enemies":"Chosen","floor":18,"turns":3},{"damage":1,"enemies":"Shell Parasite","floor":20,"turns":3},{"damage":12,"enemies":"Shelled Parasite and Fungi","floor":22,"turns":2}],"seed_played":"2455717160182111486","potions_obtained":[{"floor":2.0,"key":"Strength Potion"},{"floor":4.0,"key":"Fire Potion"},{"floor":7.0,"key":"PowerPotion"},{"floor":10.0,"key":"Swift Potion"}],"is_trial":false,"path_per_floor":["M","M","$","M","?","E","M","E","T","E","M","M","?","T","R","B",null,"M","?","M","$","M"],"character_chosen":"WATCHER","items_purchased":["MentalFortress","ReachHeaven"],"campfire_rested":0,"item_purchase_floors":[21,21],"current_hp_per_floor":[60,60,60,58,58,48,47,47,47,47,47,44,44,44,56,56,72,72,56,55,55,43,43],"gold":166,"neow_bonus":"RANDOM_COLORLESS_2","is_daily":false,"chose_seed":false,"campfire_upgraded":1,"win_rate":0.0,"timestamp":1612005887,"path_taken":["M","M","$","?","?","E","M","E","T","E","?","M","?","?","R","BOSS","M","?","M","$","M"],"items_purchased_type":["Card","Card"],"build_version":"2020-12-22","purchased_purges":2,"victory":false,"max_hp_per_floor":[72,72,72,72,72,72,72,72,72,72,72,72,72,72,72,72,72,72,72,72,72,72,72],"card_choices":[{"not_picked":["Transmutation","Master of Strategy"],"picked":"Apotheosis","floor":0.0},{"not_picked":["Protect","Pray"],"picked":"ThirdEye","floor":1.0},{"not_picked":["Halt","Vengeance"],"picked":"Wallop","floor":2.0},{"not_picked":["CrushJoints","ThirdEye"],"picked":"MentalFortress","floor":4.0},{"not_picked":["JustLucky","BattleHymn"],"picked":"EmptyBody","floor":6.0},{"not_picked":["EmptyBody","FlyingSleeves"],"picked":"Crescendo","floor":7.0},{"not_picked":["DeceiveReality","Evaluate"],"picked":"SandsOfTime","floor":8.0},{"not_picked":["EmptyFist","Wireheading","Crescendo"],"picked":"Wish","floor":10.0},{"not_picked":["Indignation","LikeWater","FollowUp"],"picked":"Conclude","floor":11.0},{"not_picked":["Nirvana","EmptyFist","JustLucky","Pray"],"picked":"SKIP","floor":12.0},{"not_picked":["FlyingSleeves","PathToVictory","SandsOfTime"],"picked":"BowlingBash","floor":13},{"not_picked":["Brilliance","Ragnarok","Scrawl"],"picked":"ConjureBlade","floor":16},{"not_picked":["Nirvana","FollowUp","WheelKick","FlurryOfBlows"],"picked":"SKIP","floor":18},{"not_picked":["BattleHymn+1","CutThroughFate+1","Evaluate"],"picked":"ClearTheMind","floor":20}],"player_experience":295757,"relics_obtained":[{"floor":6.0,"key":"Yang"},{"floor":8.0,"key":"Question Card"},{"floor":9.0,"key":"Gremlin Horn"},{"floor":10.0,"key":"Vajra"},{"floor":13,"key":"Odd Mushroom"},{"floor":14,"key":"Eternal Feather"},{"floor":19,"key":"Necronomicon"}],"event_choices":[{"damage_healed":0.0,"max_hp_gain":0.0,"max_hp_loss":0.0,"gold_gain":0.0,"event_name":"WeMeetAgain","player_choice":"Paid Gold","floor":5.0,"gold_loss":62.0,"damage_taken":0.0,"relics_obtained":["Smiling Mask"]},{"damage_healed":0,"gold_gain":0,"player_choice":"Fought Mushrooms","damage_taken":0,"max_hp_gain":0,"max_hp_loss":0,"event_name":"Mushrooms","floor":13,"gold_loss":0},{"damage_healed":0,"gold_gain":0,"player_choice":"Obtained Book","damage_taken":16,"max_hp_gain":0,"max_hp_loss":0,"event_name":"Cursed Tome","floor":19,"gold_loss":0}],"is_beta":false,"boss_relics":[{"not_picked":["Runic Dome","Velvet Choker"],"picked":"Pandora\u0027s Box"}],"items_purged_floors":[3,21],"is_endless":false,"potions_floor_spawned":[2,4,7,10,16,18],"killed_by":"Shelled Parasite and Fungi","ascension_level":1}}