{"host":"815dqs41i1y8uxms","time":1612022142,"event":{"mods":["A Penny For Your Troubles","Act Like it!","BaseMod","Dark Map","Elementarium","Fox Events","Minty Spire (QoL Compilation)","Rare Cards Sparkle","Shop Mod","Spire Arcade","StSLib"],"gold_per_floor":[119,119,119,139,23,49,49,59,59,72,2,17,17,32,32,128,128,144,160,160,160,160],"floor_reached":21,"language":"ENG","playtime":995,"items_purged":[],"score":206,"play_id":"6eb52c93-49c2-44c2-bdeb-373b4aca2b63","local_time":"20210130165542","is_ascension_mode":false,"campfire_choices":[{"floor":7,"key":"DIG"},{"floor":13,"key":"DIG"},{"data":"True Grit","floor":15,"key":"SMITH"}],"circlet_count":0,"master_deck":["Strike_R","Strike_R","Strike_R","Strike_R","Strike_R","Defend_R","Defend_R","Defend_R","Bash+1","Flame Barrier+1","Thunderclap","Armaments","Inflame","Bludgeon","Flex","Sentinel","Entrench+1","Spot Weakness","True Grit+1","Exhume","Cleave+1","Carnage+1"],"relics":["Black Blood","NeowsBlessing","Shovel","Potion Belt","Mango","Bag of Marbles"],"acts_visited":["Exordium","Elementarium:Elementarium"],"potions_floor_usage":[16,16,19,21],"damage_taken":[{"damage":0,"enemies":"Jaw Worm","floor":1,"turns":1},{"damage":0,"enemies":"Small Slimes","floor":4,"turns":1},{"damage":0,"enemies":"Gremlin Nob","floor":6,"turns":1},{"damage":1,"enemies":"Cultist","floor":8,"turns":3},{"damage":10,"enemies":"Looter","floor":10,"turns":2},{"damage":10,"enemies":"Large Slime","floor":12,"turns":6},{"damage":14,"enemies":"2 Fungi Beasts","floor":14,"turns":4},{"damage":36,"enemies":"The Guardian","floor":16,"turns":10},{"damage":28,"enemies":"Elementarium:VoidCorruption","floor":18,"turns":9},{"damage":68,"enemies":"Elementarium:Cyclone","floor":19,"turns":13},{"damage":25,"enemies":"Elementarium:RubyGolem","floor":21,"turns":2}],"seed_played":"-6046028655522137183","potions_obtained":[{"floor":1,"key":"ElixirPotion"},{"floor":10,"key":"Strength Potion"},{"floor":12,"key":"CultistPotion"},{"floor":14,"key":"ColorlessPotion"},{"floor":19,"key":"BlessingOfTheForge"}],"is_trial":false,"path_per_floor":["M","?","?","M","$","E","R","M","T","M","$","M","R","M","R","B",null,"M","M","?","M"],"character_chosen":"IRONCLAD","items_purchased":["Armaments","Inflame","Entrench"],"campfire_rested":0,"item_purchase_floors":[5,5,11],"current_hp_per_floor":[80,80,73,79,79,80,80,80,94,90,90,86,86,78,78,48,94,78,22,22,0,0],"gold":160,"neow_bonus":"THREE_ENEMY_KILL","is_daily":false,"chose_seed":false,"campfire_upgraded":1,"win_rate":0.0,"timestamp":1612022142,"path_taken":["M","?","?","M","?","E","R","M","T","M","?","M","R","?","R","BOSS","M","M","?","M"],"items_purchased_type":["Card","Card","Card"],"build_version":"2020-12-22","purchased_purges":0,"victory":false,"max_hp_per_floor":[80,80,80,80,80,80,80,80,94,94,94,94,94,94,94,94,94,94,94,94,94,94],"card_choices":[{"not_picked":["Searing Blow","Clash"],"picked":"Flame Barrier","floor":1},{"not_picked":["Burning Pact","Dropkick"],"picked":"Thunderclap","floor":4},{"not_picked":["Flame Barrier","Twin Strike"],"picked":"Bludgeon","floor":6},{"not_picked":["Pommel Strike","Twin Strike"],"picked":"Flex","floor":8},{"not_picked":["Clash","Shockwave"],"picked":"Sentinel","floor":10},{"not_picked":["Heavy Blade","Headbutt"],"picked":"Spot Weakness","floor":12},{"not_picked":["Evolve","Flex"],"picked":"True Grit","floor":14},{"not_picked":["Demon Form","Immolate"],"picked":"Exhume","floor":16},{"not_picked":["Intimidate","Bloodletting"],"picked":"Cleave+1","floor":18},{"not_picked":["Clothesline","Cleave"],"picked":"Carnage","floor":19}],"player_experience":3703574,"relics_obtained":[{"floor":6,"key":"Shovel"},{"floor":7,"key":"Potion Belt"},{"floor":9,"key":"Mango"},{"floor":13,"key":"Bag of Marbles"}],"event_choices":[{"damage_healed":0,"gold_gain":0,"player_choice":"Leave","damage_taken":0,"max_hp_gain":0,"max_hp_loss":0,"event_name":"The Cleric","floor":2,"gold_loss":0},{"cards_removed":["Defend_R"],"damage_healed":0,"gold_gain":0,"player_choice":"Card Removal","damage_taken":7,"max_hp_gain":0,"max_hp_loss":0,"event_name":"Golden Wing","floor":3,"gold_loss":0},{"damage_healed":0,"gold_gain":0,"player_choice":"Meditate","damage_taken":0,"max_hp_gain":0,"max_hp_loss":0,"event_name":"Elementarium:SculptureGarden","floor":20,"gold_loss":0,"cards_upgraded":["Bash","Flame Barrier","Entrench","Carnage"]}],"is_beta":false,"boss_relics":[{"not_picked":["SacredBark","Busted Crown"],"picked":"Black Blood"}],"items_purged_floors":[],"is_endless":false,"potions_floor_spawned":[1,10,12,14,19],"killed_by":"Elementarium:RubyGolem","ascension_level":0}}