{"host":"75zx7uhsgygk98v8","time":1612027711,"event":{"mods":["BaseMod","Colored Map","Colored Powertips","Downfall","Googly Eyes","Highlight Path","Minty Spire (QoL Compilation)","StSLib"],"gold_per_floor":[99,99,112,112,122,142,166,177,77,102,51,83,101,115,130,227,227,127,140,158,171,74,109,121,133,92,111,128,153,153,182,192,293,293,293,293,319,331,349,376,421,471,371,406,484,484,484,484],"floor_reached":46,"language":"ENG","playtime":5531,"items_purged":[],"score":677,"play_id":"a9d2d0b9-353f-48d7-898c-6f3905a7a1bf","local_time":"20210130112831","is_ascension_mode":false,"campfire_choices":[{"floor":1.0,"key":"RECALL"},{"data":"champ:ShieldWall","floor":9.0,"key":"SMITH"},{"data":"champ:Improvising","floor":18,"key":"SMITH"},{"data":"champ:Lariat","floor":25,"key":"SMITH"},{"data":"1","floor":30,"key":"LIFT"},{"data":"2","floor":35,"key":"LIFT"},{"data":"3","floor":43,"key":"LIFT"}],"circlet_count":0,"master_deck":["champ:Strike+1","champ:Strike","champ:Strike+1","champ:Defend","champ:Defend","champ:Defend","champ:Defend","champ:Execute","champ:Taunt","champ:FaceSlap","champ:FocusedBerserking","champ:CrookedStrike","champ:ShieldWall+1","champ:Parry","champ:FocusedDefense","champ:FlashCut","champ:SkillfulDodge","champ:Improvising+1","champ:Shatter","champ:HoldFirm","champ:FlashCut","champ:Lariat+1","champ:StanceDance+1","champ:EnGarde+1","expansioncontent:Hexaburn","champ:GladiatorStyle+1","champ:ShieldWall","champ:HeartStrike+1","champ:RisingSlash","champ:HoldFirm","champ:GutPunch+1","champ:VampiricStrike","champ:SteelEdge","champ:IronFortress","champ:ShieldWall+1","champ:BerserkersShout+1"],"relics":["Velvet Choker","Blue Candle","Oddly Smooth Stone","downfall:HeartBlessingRed","Shuriken","Bronze Scales","Black Star","downfall:HeartBlessingGreen","StoneCalendar","MawBank","Meat on the Bone","Girya","Potion Belt","Turnip","Tiny Chest","Akabeko","SacredBark","Toy Ornithopter","Lantern","Whetstone","Bird Faced Urn","downfall:HeartBlessingBlue","PreservedInsect","Sundial","Slimebound:PreparedRelic"],"acts_visited":["Exordium","TheCity","TheBeyond"],"potions_floor_usage":[16,20,23,27,31,40,46],"damage_taken":[{"damage":21.0,"enemies":"Jaw Worm","floor":3.0,"turns":3.0},{"damage":10.0,"enemies":"Small Slimes","floor":5.0,"turns":3.0},{"damage":15.0,"enemies":"Cultist","floor":6.0,"turns":3.0},{"damage":23.0,"enemies":"Lots of Slimes","floor":8.0,"turns":4.0},{"damage":51.0,"enemies":"Gremlin Nob","floor":10.0,"turns":3.0},{"damage":2.0,"enemies":"downfall:FleeingMerchant","floor":11.0,"turns":4.0},{"damage":23.0,"enemies":"Lagavulin","floor":12.0,"turns":5.0},{"damage":4.0,"enemies":"Large Slime","floor":13.0,"turns":3.0},{"damage":10,"enemies":"Exordium Wildlife","floor":14,"turns":2},{"damage":5,"enemies":"Blue Slaver","floor":15,"turns":3},{"damage":29,"enemies":"SI_SHIV_ARCHETYPE","floor":16,"turns":5},{"damage":5,"enemies":"3 Byrds","floor":19,"turns":3},{"damage":5,"enemies":"Chosen","floor":20,"turns":2},{"damage":21,"enemies":"Snake Plant","floor":21,"turns":3},{"damage":43,"enemies":"downfall:FleeingMerchant","floor":22,"turns":4},{"damage":36,"enemies":"Gremlin Leader","floor":23,"turns":8},{"damage":20,"enemies":"downfall:FleeingMerchant","floor":26,"turns":4},{"damage":33,"enemies":"Cultist and Chosen","floor":27,"turns":6},{"damage":25,"enemies":"Sentry and Sphere","floor":28,"turns":3},{"damage":7,"enemies":"Book of Stabbing","floor":29,"turns":5},{"damage":31,"enemies":"Slavers","floor":31,"turns":5},{"damage":25,"enemies":"Shelled Parasite and Fungi","floor":32,"turns":3},{"damage":48,"enemies":"WA_ARCHETYPE_CALM","floor":33,"turns":8},{"damage":36,"enemies":"3 Darklings","floor":36,"turns":5},{"damage":7,"enemies":"3 Shapes","floor":38,"turns":5},{"damage":29,"enemies":"Spire Growth","floor":39,"turns":4},{"damage":46,"enemies":"Reptomancer","floor":40,"turns":4},{"damage":38,"enemies":"Reptomancer","floor":42,"turns":6},{"damage":43,"enemies":"Giant Head","floor":44,"turns":6},{"damage":81,"enemies":"Nemesis","floor":46,"turns":3}],"seed_played":"7959136242844410934","potions_obtained":[{"floor":6.0,"key":"Weak Potion"},{"floor":8.0,"key":"FairyPotion"},{"floor":12.0,"key":"Swift Potion"},{"floor":14,"key":"SneckoOil"},{"floor":15,"key":"DistilledChaos"},{"floor":16,"key":"Block Potion"},{"floor":19,"key":"ColorlessPotion"},{"floor":20,"key":"AttackPotion"},{"floor":23,"key":"SkillPotion"},{"floor":28,"key":"Swift Potion"},{"floor":31,"key":"ColorlessPotion"},{"floor":33,"key":"champ:CounterPotion"},{"floor":39,"key":"Explosive Potion"},{"floor":42,"key":"FearPotion"},{"floor":44,"key":"Explosive Potion"}],"is_trial":false,"path_per_floor":["R","?","M","?","M","M","T","M","R","E","$","E","M","M","M","B",null,"R","M","M","M","$","E","T","R","$","M","M","E","R","E","M","B",null,"R","M","?","M","M","E","T","?","R","E","T","E"],"character_chosen":"THE_CHAMP","items_purchased":["champ:FocusedDefense","expansioncontent:Hexaburn","Girya","champ:ShieldWall"],"campfire_rested":0,"item_purchase_floors":[11,22,26,26],"current_hp_per_floor":[90,85,84,84,84,84,84,76,76,50,48,35,31,31,31,27,90,90,90,90,89,86,65,65,65,65,59,71,64,64,50,50,49,90,90,69,69,67,70,71,71,68,78,63,63,0,0,0],"gold":484,"neow_bonus":"BOSS_RELIC","is_daily":false,"chose_seed":false,"campfire_upgraded":3,"win_rate":0.0,"timestamp":1612027711,"path_taken":["R","?","M","?","M","M","T","M","R","E","$","E","?","M","M","BOSS","R","M","M","M","?","E","T","R","$","M","M","E","R","E","M","BOSS","R","M","?","M","M","E","T","?","R","E","?","E"],"items_purchased_type":["Card","Card","Relic","Card"],"build_version":"2020-12-22","purchased_purges":0,"victory":false,"max_hp_per_floor":[90,90,90,90,90,90,90,90,90,90,90,90,90,90,90,90,90,90,90,90,90,90,90,90,90,90,90,90,90,90,90,90,90,90,90,90,90,90,90,90,90,90,100,100,100,100,100,100],"card_choices":[{"not_picked":["champ:CrownThrow","champ:FanOfKnives"],"picked":"champ:FaceSlap","floor":3.0},{"not_picked":["champ:CrookedStrike","champ:CalledShot"],"picked":"champ:FocusedBerserking","floor":5.0},{"not_picked":["champ:DefensiveShout","champ:Parry"],"picked":"champ:CrookedStrike","floor":6.0},{"not_picked":["champ:TornadoPunch","champ:BringItOn"],"picked":"champ:ShieldWall","floor":8.0},{"not_picked":["champ:FanOfKnives","champ:Haymaker"],"picked":"champ:Parry","floor":10.0},{"not_picked":["champ:BringItOn","champ:PerfectedStrike","champ:HeartStrike"],"picked":"SKIP","floor":11.0},{"not_picked":["champ:PerfectedStrike","champ:CrownThrow"],"picked":"champ:FlashCut","floor":12.0},{"not_picked":["champ:BerserkersShout","champ:PreciseThrust"],"picked":"champ:SkillfulDodge","floor":13.0},{"not_picked":["champ:PreciseThrust","champ:FlashCut"],"picked":"champ:Improvising","floor":14},{"not_picked":["champ:BerserkersShout","champ:DeathBlow"],"picked":"champ:Shatter","floor":15},{"not_picked":["champ:Devastate","champ:SwordThrow"],"picked":"champ:HoldFirm","floor":16},{"not_picked":["champ:PreciseThrust","champ:FocusedBerserking"],"picked":"champ:FlashCut","floor":19},{"not_picked":["champ:EnGarde+1","champ:Haymaker+1"],"picked":"champ:Lariat","floor":20},{"not_picked":["champ:Shatter+1","champ:TornadoPunch"],"picked":"champ:StanceDance+1","floor":21},{"not_picked":["champ:FancyFootwork","champ:FanOfKnives"],"picked":"champ:EnGarde+1","floor":22},{"not_picked":["champ:ShieldSlam","champ:EnGarde"],"picked":"champ:GladiatorStyle+1","floor":23},{"not_picked":["champ:PerfectedStrike","champ:Haymaker","champ:BringItOn"],"picked":"SKIP","floor":26},{"not_picked":["champ:FanOfKnives","champ:TripleStrike","champ:Haymaker+1"],"picked":"SKIP","floor":27},{"not_picked":["champ:PreciseThrust","champ:Haymaker"],"picked":"champ:HeartStrike+1","floor":28},{"not_picked":["champ:FanOfKnives","champ:BringItOn"],"picked":"champ:RisingSlash","floor":29},{"not_picked":["champ:BladeFlurry","champ:PreciseThrust"],"picked":"champ:HoldFirm","floor":31},{"not_picked":["champ:Shatter+1","champ:BringItOn"],"picked":"champ:GutPunch+1","floor":32},{"not_picked":["champ:SwordThrow","champ:HeavySlash"],"picked":"champ:VampiricStrike","floor":33},{"not_picked":["champ:FocusedBerserking","champ:BringItOn","champ:AdrenalArmor+1"],"picked":"SKIP","floor":36},{"not_picked":["champ:FlashCut+1","champ:PerfectedStrike"],"picked":"champ:SteelEdge","floor":38},{"not_picked":["champ:Circumvent+1","champ:StanceDance"],"picked":"champ:IronFortress","floor":39},{"not_picked":["champ:BerserkersShout","champ:BringItOn"],"picked":"champ:ShieldWall+1","floor":40},{"not_picked":["champ:HeavySlash","champ:Haymaker"],"picked":"champ:BerserkersShout+1","floor":44}],"player_experience":1283651,"relics_obtained":[{"floor":7.0,"key":"Oddly Smooth Stone"},{"floor":10.0,"key":"Shuriken"},{"floor":12.0,"key":"Bronze Scales"},{"floor":23,"key":"StoneCalendar"},{"floor":23,"key":"MawBank"},{"floor":24,"key":"Meat on the Bone"},{"floor":29,"key":"Potion Belt"},{"floor":29,"key":"Turnip"},{"floor":31,"key":"Tiny Chest"},{"floor":31,"key":"Akabeko"},{"floor":37,"key":"Toy Ornithopter"},{"floor":40,"key":"Lantern"},{"floor":40,"key":"Whetstone"},{"floor":42,"key":"Bird Faced Urn"},{"floor":44,"key":"PreservedInsect"},{"floor":44,"key":"Sundial"},{"floor":45,"key":"Slimebound:PreparedRelic"}],"event_choices":[{"cards_removed":["champ:Strike"],"damage_healed":0.0,"max_hp_gain":0.0,"max_hp_loss":0.0,"gold_gain":0.0,"event_name":"Bonfire Elementals","player_choice":"Offered Basic","floor":4.0,"gold_loss":0.0,"damage_taken":0.0}],"is_beta":false,"boss_relics":[{"not_picked":["Fusion Hammer","bronze:MakeshiftBattery"],"picked":"Black Star"},{"not_picked":["SlaversCollar","Astrolabe"],"picked":"SacredBark"}],"items_purged_floors":[],"is_endless":false,"potions_floor_spawned":[6,8,12,14,15,16,19,20,23,28,31,33,39,42,44],"killed_by":"Nemesis","ascension_level":0}}