{"host":"nxnzcl474ro3ewbj","time":1612044238,"event":{"mods":["2.2 Compatiblity","Act Like it!","BaseMod","Better Third Choice","Better-Laid Plans","Colored Map","Custom Start","Highlight Path","Keyboard Shortcuts","Minty Spire (QoL Compilation)","Quick Restart","Rare Cards Sparkle","Relic Stats","Shop Mod","Slay the Relics Exporter","StSLib","SuperFastMode"],"gold_per_floor":[15,32,47,47,61,61,90,90,117,117,192,117,117,149,149,222,222,239,252,41,91,123,152,152,163,163,163,163,163,163],"floor_reached":29,"language":"KOR","playtime":437,"items_purged":["Strike_R","Strike_R"],"score":507,"play_id":"128edb3f-9c92-4303-bf6a-2192b6b37cf3","local_time":"20210131070358","is_ascension_mode":true,"campfire_choices":[{"data":"Flex","floor":6.0,"key":"SMITH"},{"data":"Bludgeon","floor":8,"key":"SMITH"},{"data":"Sword Boomerang","floor":10,"key":"SMITH"},{"data":"Bash","floor":15,"key":"SMITH"},{"data":"Immolate","floor":24,"key":"SMITH"},{"floor":28,"key":"REST"}],"circlet_count":0,"master_deck":["AscendersBane","Strike_R","Strike_R","Defend_R","Defend_R","Defend_R","Defend_R","Bash+1","Bludgeon+1","Flex+1","Sword Boomerang+1","Pummel","Bludgeon","Immolate+1","CurseOfTheBell","True Grit+1","Pommel Strike+1"],"relics":["Burning Blood","Boot","Red Skull","Anchor","Calipers","Calling Bell","Smiling Mask","Mercury Hourglass","Torii","Lee\u0027s Waffle","Red Mask","Bird Faced Urn","Omamori","Nilry\u0027s Codex"],"acts_visited":["Exordium","TheCity"],"potions_floor_usage":[7,16,16,22,29],"damage_taken":[{"damage":6.0,"enemies":"2 Louse","floor":1.0,"turns":3.0},{"damage":8.0,"enemies":"Small Slimes","floor":2.0,"turns":2.0},{"damage":12.0,"enemies":"Jaw Worm","floor":3.0,"turns":2.0},{"damage":25.0,"enemies":"3 Louse","floor":5.0,"turns":3.0},{"damage":15,"enemies":"Lagavulin","floor":7,"turns":3},{"damage":0,"enemies":"Gremlin Nob","floor":14,"turns":2},{"damage":18,"enemies":"Hexaghost","floor":16,"turns":6},{"damage":37,"enemies":"Shell Parasite","floor":18,"turns":4},{"damage":8,"enemies":"Chosen","floor":19,"turns":3},{"damage":0,"enemies":"Masked Bandits","floor":22,"turns":3},{"damage":48,"enemies":"Slavers","floor":23,"turns":6},{"damage":25,"enemies":"Sentry and Sphere","floor":25,"turns":4},{"damage":25,"enemies":"Gremlin Leader","floor":29,"turns":5}],"seed_played":"4839054398867363543","potions_obtained":[{"floor":3.0,"key":"LiquidMemories"},{"floor":5.0,"key":"Dexterity Potion"},{"floor":14,"key":"Weak Potion"},{"floor":16,"key":"Dexterity Potion"},{"floor":19,"key":"SkillPotion"}],"is_trial":false,"path_per_floor":["M","M","M","?","M","R","E","R","T","R","?","$","?","E","R","B",null,"M","M","$","?","?","E","R","M","T","?","R","E"],"character_chosen":"IRONCLAD","items_purchased":["Lee\u0027s Waffle"],"campfire_rested":1,"item_purchase_floors":[20],"current_hp_per_floor":[68,66,60,55,36,36,27,27,27,27,16,16,16,22,22,10,59,28,26,82,82,82,40,40,21,21,1,25,0,0],"gold":163,"neow_bonus":"THREE_RARE_CARDS","is_daily":false,"chose_seed":false,"campfire_upgraded":5,"win_rate":0.0,"timestamp":1612044238,"path_taken":["M","M","M","?","M","R","E","R","T","R","?","?","?","E","R","BOSS","M","?","?","?","?","E","R","?","T","?","R","E"],"items_purchased_type":["Relic"],"build_version":"2020-12-22","purchased_purges":2,"victory":false,"max_hp_per_floor":[75,75,75,75,75,75,75,75,75,75,75,75,75,75,75,75,75,75,75,82,82,82,82,82,82,82,83,83,83,83],"relic_stats":{"Lee\u0027s Waffle":56,"Torii":4,"counters":[13,45],"Bird Faced Urn":[0],"Boot":[15],"Smiling Mask":50,"obtain_stats":[{"Lee\u0027s Waffle":20,"Calipers":14,"Torii":17,"Nilry\u0027s Codex":27,"Omamori":26,"Boot":4,"Smiling Mask":17,"Burning Blood":0,"Mercury Hourglass":17,"Calling Bell":17,"Anchor":9,"Bird Faced Urn":23,"Red Mask":22,"Red Skull":7},{"Lee\u0027s Waffle":9,"Calipers":6,"Torii":7,"Nilry\u0027s Codex":12,"Omamori":12,"Boot":3,"Smiling Mask":7,"Burning Blood":0,"Mercury Hourglass":7,"Calling Bell":7,"Anchor":5,"Bird Faced Urn":11,"Red Mask":10,"Red Skull":5},{"Lee\u0027s Waffle":28,"Calipers":15,"Torii":21,"Nilry\u0027s Codex":40,"Omamori":40,"Boot":7,"Smiling Mask":21,"Burning Blood":0,"Mercury Hourglass":21,"Calling Bell":21,"Anchor":13,"Bird Faced Urn":36,"Red Mask":31,"Red Skull":13}],"Burning Blood":66,"Mercury Hourglass":[102]},"card_choices":[{"not_picked":["Barricade","Corruption"],"picked":"Bludgeon","floor":0.0},{"not_picked":["Havoc","Body Slam"],"picked":"Flex","floor":1.0},{"not_picked":["Perfected Strike","Searing Blow"],"picked":"Sword Boomerang","floor":2.0},{"not_picked":["Cleave","Pommel Strike","Twin Strike"],"picked":"SKIP","floor":3.0},{"not_picked":["Flex","Clothesline"],"picked":"Pummel","floor":5.0},{"not_picked":["Sentinel","Shockwave","Clothesline"],"picked":"SKIP","floor":7},{"not_picked":["Warcry","Sentinel"],"picked":"Bludgeon","floor":14},{"not_picked":["Bludgeon","Fiend Fire"],"picked":"Immolate","floor":16},{"not_picked":["Sword Boomerang","Evolve"],"picked":"True Grit+1","floor":18},{"not_picked":["Twin Strike","Searing Blow"],"picked":"Pommel Strike+1","floor":19},{"not_picked":["Flame Barrier","Iron Wave","Sever Soul"],"picked":"SKIP","floor":23},{"not_picked":["Wild Strike","Power Through","Whirlwind"],"picked":"SKIP","floor":25}],"player_experience":82469,"relics_obtained":[{"floor":7,"key":"Red Skull"},{"floor":9,"key":"Anchor"},{"floor":14,"key":"Calipers"},{"floor":17,"key":"Smiling Mask"},{"floor":17,"key":"Mercury Hourglass"},{"floor":17,"key":"Torii"},{"floor":22,"key":"Red Mask"},{"floor":23,"key":"Bird Faced Urn"},{"floor":26,"key":"Omamori"},{"floor":27,"key":"Nilry\u0027s Codex"}],"event_choices":[{"damage_healed":0.0,"max_hp_gain":0.0,"max_hp_loss":0.0,"gold_gain":0.0,"event_name":"betterThird:BetterScrap","player_choice":"Relic ","floor":4.0,"gold_loss":0.0,"damage_taken":5.0,"cards_obtained":["Reprogram"]},{"damage_healed":0,"gold_gain":75,"player_choice":"Gold","damage_taken":11,"max_hp_gain":0,"max_hp_loss":0,"event_name":"betterThird:BetterGoop","floor":11,"gold_loss":0},{"cards_removed":["Strike_R"],"damage_healed":0,"gold_gain":0,"player_choice":"Purged","damage_taken":0,"max_hp_gain":0,"max_hp_loss":0,"event_name":"Purifier","floor":13,"gold_loss":0},{"damage_healed":0,"gold_gain":50,"player_choice":"Steal","damage_taken":0,"max_hp_gain":0,"max_hp_loss":0,"event_name":"betterThird:BetterNest","floor":21,"gold_loss":0},{"damage_healed":0,"gold_gain":0,"player_choice":"Fought Bandits","damage_taken":0,"max_hp_gain":0,"max_hp_loss":0,"event_name":"Masked Bandits","floor":22,"gold_loss":0},{"damage_healed":0,"gold_gain":0,"player_choice":"Obtained Book","damage_taken":21,"max_hp_gain":0,"max_hp_loss":0,"event_name":"Cursed Tome","floor":27,"gold_loss":0}],"is_beta":false,"boss_relics":[{"not_picked":["Coffee Dripper","Runic Pyramid"],"picked":"Calling Bell"}],"items_purged_floors":[12,20],"is_endless":false,"potions_floor_spawned":[3,5,14,16,19],"killed_by":"Gremlin Leader","ascension_level":17}}