{"host":"rb2p2z6v6vieend5","time":1612043701,"event":{"mods":["BaseMod","Block Reminder","Colored Map","DeckTracker","Highlight Path","Minty Spire (QoL Compilation)","Random Character Button","Relic Stats"],"gold_per_floor":[114,114,114,127,127,127,137,156,180,180,215,234,266,283,283,387,387,404,404,415,51,51,78,78,111,111,111,122,142,158,186,186,289,289,329,379,396,67,142,142,169,183,183,37,37,362,362,374,374,374,374],"floor_reached":50,"language":"ENG","playtime":3028,"items_purged":["Defend_G"],"score":930,"play_id":"687359a2-f1b2-4602-acb7-15d09d8e048e","local_time":"20210130225501","is_ascension_mode":true,"campfire_choices":[{"data":"Dagger Spray","floor":6,"key":"SMITH"},{"data":"Blade Dance","floor":10,"key":"SMITH"},{"data":"Phantasmal Killer","floor":15,"key":"SMITH"},{"floor":24,"key":"REST"},{"floor":27,"key":"REST"},{"floor":32,"key":"DIG"},{"data":"Envenom","floor":40,"key":"SMITH"},{"floor":45,"key":"DIG"},{"floor":49,"key":"REST"}],"circlet_count":0,"master_deck":["AscendersBane","Defend_G","Defend_G","Defend_G","Defend_G","Survivor","Neutralize+1","Dagger Spray+1","Blade Dance+1","Bandage Up","Accuracy","Phantasmal Killer+1","Cloak And Dagger","Phantasmal Killer+1","Bite+1","Bite+1","Accuracy","Caltrops","Backflip","Adrenaline","Cloak And Dagger+1","Unload","Metamorphosis+1","Panache+1","HandOfGreed+1","Cloak And Dagger+1","Leg Sweep+1","Envenom+1","Noxious Fumes","Noxious Fumes+1","Terror+1","Blade Dance+1"],"relics":["Ring of the Snake","Nunchaku","Anchor","Smiling Mask","Black Star","Shovel","Art of War","Whetstone","Boot","Du-Vu Doll","Blood Vial","Toxic Egg 2","Letter Opener","Strawberry","Astrolabe","Centennial Puzzle","TwistedFunnel","Ice Cream","Torii","Bag of Preparation","Frozen Egg 2","Vajra","Sundial","Old Coin","Pen Nib"],"acts_visited":["Exordium","TheCity","TheBeyond"],"potions_floor_usage":[25,29,33,33,33,33,33,39,42,46,50],"damage_taken":[{"damage":0,"enemies":"Jaw Worm","floor":1,"turns":5},{"damage":0,"enemies":"2 Louse","floor":4,"turns":2},{"damage":0,"enemies":"Cultist","floor":7,"turns":3},{"damage":3,"enemies":"Exordium Wildlife","floor":8,"turns":5},{"damage":17,"enemies":"Lagavulin","floor":11,"turns":5},{"damage":0,"enemies":"Red Slaver","floor":12,"turns":4},{"damage":15,"enemies":"3 Sentries","floor":13,"turns":5},{"damage":4,"enemies":"Lots of Slimes","floor":14,"turns":4},{"damage":22,"enemies":"The Guardian","floor":16,"turns":10},{"damage":7,"enemies":"3 Byrds","floor":18,"turns":4},{"damage":0,"enemies":"Spheric Guardian","floor":20,"turns":2},{"damage":47,"enemies":"Slavers","floor":23,"turns":7},{"damage":69,"enemies":"Book of Stabbing","floor":25,"turns":7},{"damage":22,"enemies":"Shelled Parasite and Fungi","floor":28,"turns":4},{"damage":0,"enemies":"Cultist and Chosen","floor":29,"turns":4},{"damage":16,"enemies":"Chosen and Byrds","floor":30,"turns":5},{"damage":15,"enemies":"Slavers","floor":31,"turns":2},{"damage":57,"enemies":"Collector","floor":33,"turns":7},{"damage":0,"enemies":"Orb Walker","floor":35,"turns":2},{"damage":24,"enemies":"Mind Bloom Boss Battle","floor":36,"turns":5},{"damage":15,"enemies":"3 Darklings","floor":37,"turns":4},{"damage":0,"enemies":"2 Orb Walkers","floor":39,"turns":2},{"damage":20,"enemies":"Reptomancer","floor":41,"turns":3},{"damage":17,"enemies":"Jaw Worm Horde","floor":42,"turns":4},{"damage":18,"enemies":"Nemesis","floor":46,"turns":5},{"damage":0,"enemies":"Spire Growth","floor":48,"turns":2},{"damage":54,"enemies":"Time Eater","floor":50,"turns":5}],"seed_played":"8704726310595834952","potions_obtained":[{"floor":4,"key":"Ancient Potion"},{"floor":7,"key":"EntropicBrew"},{"floor":11,"key":"SneckoOil"},{"floor":14,"key":"Regen Potion"},{"floor":25,"key":"Regen Potion"},{"floor":28,"key":"SkillPotion"},{"floor":29,"key":"Weak Potion"},{"floor":35,"key":"AttackPotion"},{"floor":37,"key":"Weak Potion"},{"floor":39,"key":"Block Potion"},{"floor":42,"key":"Weak Potion"}],"is_trial":false,"path_per_floor":["M","?","?","M","?","R","M","M","T","R","E","M","E","M","R","B",null,"M","?","M","$","?","E","R","E","T","R","M","M","M","E","R","B",null,"M","?","M","$","?","R","E","M","T","$","R","E","?","M","R","B"],"character_chosen":"THE_SILENT","items_purchased":["Shovel","Noxious Fumes","Centennial Puzzle","TwistedFunnel","Vajra"],"campfire_rested":3,"item_purchase_floors":[21,38,38,38,44],"current_hp_per_floor":[63,63,63,63,63,63,67,67,67,67,53,57,46,46,46,28,60,57,49,49,49,49,20,34,3,3,17,11,24,29,25,32,13,45,50,35,29,29,35,35,24,16,16,16,16,4,4,9,24,0,0],"gold":374,"neow_bonus":"UPGRADE_CARD","is_daily":false,"chose_seed":false,"campfire_upgraded":4,"win_rate":0.0,"timestamp":1612043701,"path_taken":["M","?","?","?","?","R","?","M","T","R","E","?","E","M","R","BOSS","M","?","M","$","?","E","R","E","T","R","?","M","M","E","R","BOSS","M","?","M","$","?","R","E","M","T","$","R","E","?","?","R","BOSS"],"items_purchased_type":["Relic","Card","Relic","Relic","Relic"],"build_version":"2020-12-22","purchased_purges":1,"victory":false,"max_hp_per_floor":[70,70,70,70,70,70,70,70,70,70,70,70,70,70,70,70,70,70,49,49,49,49,49,49,49,49,49,49,49,49,49,56,56,56,56,56,56,56,56,56,56,56,56,56,56,56,53,53,53,53,53],"relic_stats":{"Torii":20,"counters":[27,117],"Astrolabe":["Metamorphosis","Panache","HandOfGreed"],"Pen Nib":[1],"Bag of Preparation":[8],"Whetstone":["Bite","Bite"],"Letter Opener":[64],"Smiling Mask":25,"Boot":[22],"Blood Vial":28,"Nunchaku":[28],"Centennial Puzzle":[12],"Shovel":2,"Sundial":[0],"Black Star":5,"Art of War":[6],"obtain_stats":[{"TwistedFunnel":38,"Ice Cream":39,"Torii":41,"Vajra":44,"Bag of Preparation":41,"Whetstone":23,"Smiling Mask":13,"Boot":25,"Old Coin":46,"Blood Vial":26,"Nunchaku":9,"Centennial Puzzle":38,"Shovel":21,"Sundial":45,"Strawberry":32,"Toxic Egg 2":31,"Ring of the Snake":0,"Astrolabe":34,"Pen Nib":46,"Letter Opener":31,"Frozen Egg 2":43,"Du-Vu Doll":25,"Anchor":11,"Black Star":17,"Art of War":23},{"TwistedFunnel":21,"Ice Cream":22,"Torii":23,"Vajra":24,"Bag of Preparation":23,"Whetstone":12,"Smiling Mask":7,"Boot":13,"Old Coin":25,"Blood Vial":13,"Nunchaku":4,"Centennial Puzzle":21,"Shovel":11,"Sundial":24,"Strawberry":17,"Toxic Egg 2":17,"Ring of the Snake":0,"Astrolabe":18,"Pen Nib":25,"Letter Opener":17,"Frozen Egg 2":24,"Du-Vu Doll":13,"Anchor":5,"Black Star":9,"Art of War":12},{"TwistedFunnel":96,"Ice Cream":98,"Torii":101,"Vajra":105,"Bag of Preparation":101,"Whetstone":56,"Smiling Mask":29,"Boot":63,"Old Coin":110,"Blood Vial":63,"Nunchaku":15,"Centennial Puzzle":96,"Shovel":49,"Sundial":105,"Strawberry":78,"Toxic Egg 2":78,"Ring of the Snake":0,"Astrolabe":85,"Pen Nib":110,"Letter Opener":78,"Frozen Egg 2":105,"Du-Vu Doll":63,"Anchor":20,"Black Star":43,"Art of War":56}],"Ring of the Snake":[54]},"card_choices":[{"not_picked":["Backflip","Accuracy"],"picked":"Dagger Spray","floor":1},{"not_picked":["Prepared","Cloak And Dagger"],"picked":"Blade Dance","floor":4},{"not_picked":["Flechettes","Sucker Punch","Backflip"],"picked":"SKIP","floor":7},{"not_picked":["Dash","Slice"],"picked":"Accuracy","floor":8},{"not_picked":["Choke","Setup","PiercingWail"],"picked":"SKIP","floor":11},{"not_picked":["All Out Attack","Backflip"],"picked":"Phantasmal Killer","floor":12},{"not_picked":["Dagger Throw","Heel Hook","Prepared"],"picked":"SKIP","floor":13},{"not_picked":["Dagger Spray","Poisoned Stab"],"picked":"Cloak And Dagger","floor":14},{"not_picked":["Venomology","After Image"],"picked":"Phantasmal Killer","floor":16},{"not_picked":["Underhanded Strike","Deadly Poison","Acrobatics+1"],"picked":"SKIP","floor":18},{"not_picked":["Flechettes","Slice"],"picked":"Accuracy","floor":20},{"not_picked":["Underhanded Strike","Bane","Choke"],"picked":"SKIP","floor":23},{"not_picked":["Acrobatics+1","Flying Knee"],"picked":"Caltrops","floor":25},{"not_picked":["Eviscerate","Terror"],"picked":"Backflip","floor":28},{"not_picked":["Bane","Eviscerate","Poisoned Stab"],"picked":"SKIP","floor":29},{"not_picked":["Dash","Deadly Poison"],"picked":"Adrenaline","floor":30},{"not_picked":["Flying Knee","Crippling Poison+1"],"picked":"Cloak And Dagger+1","floor":31},{"not_picked":["Grand Finale","Tools of the Trade"],"picked":"Unload","floor":33},{"not_picked":["Endless Agony+1","Flying Knee"],"picked":"Cloak And Dagger+1","floor":35},{"not_picked":["Sucker Punch","Outmaneuver+1"],"picked":"Leg Sweep+1","floor":36},{"not_picked":["Cloak And Dagger+1","Backflip+1"],"picked":"Envenom","floor":37},{"not_picked":["Bane","Reflex+1"],"picked":"Noxious Fumes+1","floor":39},{"not_picked":["Bouncing Flask+1","Backflip+1"],"picked":"Terror+1","floor":41},{"not_picked":["Deadly Poison+1","Well Laid Plans","Dagger Spray+1"],"picked":"SKIP","floor":42},{"not_picked":["Unload","Terror+1"],"picked":"Blade Dance+1","floor":46},{"not_picked":["PiercingWail+1","Sucker Punch","Blade Dance+1"],"picked":"SKIP","floor":48}],"player_experience":649492,"relics_obtained":[{"floor":9,"key":"Nunchaku"},{"floor":11,"key":"Anchor"},{"floor":13,"key":"Smiling Mask"},{"floor":23,"key":"Art of War"},{"floor":23,"key":"Whetstone"},{"floor":25,"key":"Boot"},{"floor":25,"key":"Du-Vu Doll"},{"floor":26,"key":"Blood Vial"},{"floor":31,"key":"Toxic Egg 2"},{"floor":31,"key":"Letter Opener"},{"floor":32,"key":"Strawberry"},{"floor":39,"key":"Ice Cream"},{"floor":41,"key":"Torii"},{"floor":41,"key":"Bag of Preparation"},{"floor":43,"key":"Frozen Egg 2"},{"floor":45,"key":"Sundial"},{"floor":46,"key":"Old Coin"},{"floor":46,"key":"Pen Nib"}],"event_choices":[{"damage_healed":0,"gold_gain":0,"player_choice":"Ignored","damage_taken":0,"max_hp_gain":0,"max_hp_loss":0,"event_name":"Liars Game","floor":2,"gold_loss":0},{"cards_removed":["Strike_G"],"damage_healed":0,"gold_gain":0,"player_choice":"Offered Basic","damage_taken":0,"max_hp_gain":0,"max_hp_loss":0,"event_name":"Bonfire Elementals","floor":3,"gold_loss":0},{"damage_healed":0,"gold_gain":0,"player_choice":"1 cards matched","damage_taken":0,"max_hp_gain":0,"max_hp_loss":0,"event_name":"Match and Keep!","floor":5,"gold_loss":0,"cards_obtained":["Bandage Up"]},{"damage_healed":0,"gold_gain":0,"player_choice":"Became a vampire","damage_taken":0,"max_hp_gain":0,"max_hp_loss":21,"event_name":"Vampires","floor":19,"gold_loss":0,"cards_obtained":["Bite","Bite","Bite","Bite","Bite"]},{"damage_healed":0,"gold_gain":0,"player_choice":"Upgraded","damage_taken":0,"max_hp_gain":0,"max_hp_loss":0,"event_name":"Upgrade Shrine","floor":22,"gold_loss":0,"cards_upgraded":["Phantasmal Killer"]},{"damage_healed":0,"gold_gain":0,"player_choice":"Fight","damage_taken":0,"max_hp_gain":0,"max_hp_loss":0,"event_name":"MindBloom","floor":36,"gold_loss":0},{"damage_healed":0,"gold_gain":0,"player_choice":"Fight","damage_taken":0,"max_hp_gain":0,"max_hp_loss":0,"event_name":"Mysterious Sphere","floor":39,"gold_loss":0},{"damage_healed":0,"gold_gain":0,"player_choice":"Max HP","damage_taken":0,"max_hp_gain":0,"max_hp_loss":3,"event_name":"Winding Halls","floor":47,"gold_loss":0}],"is_beta":false,"boss_relics":[{"not_picked":["HoveringKite","Sozu"],"picked":"Black Star"},{"not_picked":["Philosopher\u0027s Stone","Runic Dome"],"picked":"Astrolabe"}],"items_purged_floors":[21],"is_endless":false,"potions_floor_spawned":[4,7,11,13,14,25,28,29,31,35,37,39,42],"killed_by":"Time Eater","ascension_level":10}}