{"host":"7iv10lxbxedtd0qh","time":1612028691,"event":{"mods":["BaseMod","Colored Map","Colored Powertips","Downfall","Minty Spire (QoL Compilation)","StSLib"],"gold_per_floor":[99,116,129,141,141,176,176,190,18,18,47,72,95,127,143,242,242,42,61,61,61,46,66,113,139,39,56,84,84,101,133,144,249,249,249,264,264,284,284,303,303,53,53,74,74,89,89,89,108,108,108,139,19,19,19,19],"floor_reached":57,"language":"ENG","playtime":3852,"items_purged":["bronze:Goto","bronze:Replicate"],"score":1381,"play_id":"3033d2d8-5082-471e-b1ac-25e6afcfd5f0","local_time":"20210130184451","is_ascension_mode":true,"campfire_choices":[{"floor":1.0,"key":"RECALL"},{"data":"bronze:Return","floor":10.0,"key":"SMITH"},{"data":"bronze:Constructor","floor":18.0,"key":"SMITH"},{"data":"bronze:Assembly","floor":26.0,"key":"SMITH"},{"data":"bronze:BronzeArmor","floor":29.0,"key":"SMITH"},{"data":"bronze:Assembly","floor":35.0,"key":"SMITH"},{"data":"bronze:Mutator","floor":43.0,"key":"SMITH"},{"data":"bronze:Repulsor","floor":47,"key":"SMITH"},{"data":"bronze:Optimize","floor":54,"key":"SMITH"}],"circlet_count":0,"master_deck":["bronze:Defend","bronze:Defend","bronze:Defend","bronze:Defend","bronze:OilSpill","bronze:Constructor+1","bronze:OilSpill","bronze:Return+1","bronze:BronzeArmor+1","bronze:Safeguard","bronze:Assembly+1","bronze:Virus+1","bronze:BugBarrage+1","bronze:Deprecate+1","bronze:OilSpill","bronze:Repulsor+1","bronze:Assembly+1","bronze:Terminator","bronze:Mutator+1","bronze:Optimize+1","bronze:MaxOutput+1","bronze:ItsAFeature+1","expansioncontent:AwakenDeath","bronze:Safeguard"],"relics":["Coffee Dripper","Incense Burner","Letter Opener","Tiny Chest","Odd Mushroom","Bottled Lightning","Boot","Astrolabe","downfall:HeartBlessingRed","downfall:HeartBlessingGreen","Ancient Tea Set","Centennial Puzzle","Juzu Bracelet","downfall:HeartBlessingBlue","Pen Nib","Question Card","Sozu","Potion Belt","Singing Bowl","HandDrill","Art of War"],"acts_visited":["Exordium","TheCity","TheBeyond","TheEnding"],"potions_floor_usage":[52],"damage_taken":[{"damage":0.0,"enemies":"Small Slimes","floor":2.0,"turns":3.0},{"damage":0.0,"enemies":"Cultist","floor":3.0,"turns":3.0},{"damage":2.0,"enemies":"Jaw Worm","floor":4.0,"turns":3.0},{"damage":13.0,"enemies":"Gremlin Nob","floor":6.0,"turns":3.0},{"damage":0.0,"enemies":"2 Fungi Beasts","floor":8.0,"turns":3.0},{"damage":5.0,"enemies":"downfall:FleeingMerchant","floor":9.0,"turns":4.0},{"damage":0.0,"enemies":"The Mushroom Lair","floor":11.0,"turns":3.0},{"damage":8.0,"enemies":"Lagavulin","floor":12.0,"turns":5.0},{"damage":0.0,"enemies":"3 Sentries","floor":14.0,"turns":8.0},{"damage":0.0,"enemies":"Exordium Wildlife","floor":15.0,"turns":5.0},{"damage":0.0,"enemies":"IC_STATUS_ARCHETYPE","floor":16.0,"turns":8.0},{"damage":0.0,"enemies":"3 Byrds","floor":19.0,"turns":3.0},{"damage":0.0,"enemies":"downfall:FleeingMerchant","floor":22.0,"turns":4.0},{"damage":10.0,"enemies":"Snake Plant","floor":23.0,"turns":3.0},{"damage":0.0,"enemies":"Slavers","floor":25.0,"turns":4.0},{"damage":6.0,"enemies":"Centurion and Healer","floor":27.0,"turns":5.0},{"damage":8.0,"enemies":"Book of Stabbing","floor":28.0,"turns":5.0},{"damage":7.0,"enemies":"Snecko","floor":30.0,"turns":3.0},{"damage":2.0,"enemies":"Gremlin Leader","floor":31.0,"turns":4.0},{"damage":18.0,"enemies":"Sentry and Sphere","floor":32.0,"turns":4.0},{"damage":3.0,"enemies":"SI_MIRROR_ARCHETYPE","floor":33.0,"turns":8.0},{"damage":6.0,"enemies":"3 Darklings","floor":36.0,"turns":3.0},{"damage":15.0,"enemies":"3 Shapes","floor":38.0,"turns":3.0},{"damage":24.0,"enemies":"Spire Growth","floor":40.0,"turns":4.0},{"damage":9.0,"enemies":"downfall:FleeingMerchant","floor":42.0,"turns":4.0},{"damage":19.0,"enemies":"downfall:FleeingMerchant","floor":44.0,"turns":3.0},{"damage":1,"enemies":"3 Darklings","floor":46,"turns":4},{"damage":14,"enemies":"Writhing Mass","floor":49,"turns":5},{"damage":10,"enemies":"DF_ARCHETYPE_ORBS","floor":50,"turns":5},{"damage":31,"enemies":"downfall:CharBossMerchant","floor":52,"turns":5},{"damage":4,"enemies":"downfall:NeowBoss","floor":55,"turns":11},{"damage":18,"enemies":"downfall:NeowBossFinal","floor":56,"turns":9}],"seed_played":"-5549207459253040994","potions_obtained":[{"floor":4.0,"key":"DuplicationPotion"},{"floor":8.0,"key":"Swift Potion"},{"floor":15.0,"key":"DistilledChaos"},{"floor":16.0,"key":"SteroidPotion"},{"floor":25.0,"key":"DistilledChaos"},{"floor":27.0,"key":"bronze:CleanCodePotion"},{"floor":30.0,"key":"DuplicationPotion"},{"floor":31.0,"key":"bronze:BurnAndBuffPotion"}],"is_trial":false,"path_per_floor":["R","M","M","M","?","E","T","M","$","R","?","E","T","E","M","B",null,"R","M","?","T","$","M","T","E","R","M","E","R","M","E","M","B",null,"R","M","?","M","T","M","T","$","R","$","T","M","R","?","M","B",null,"E","$","R","B","B",null],"character_chosen":"THE_AUTOMATON","items_purchased":["Tiny Chest","bronze:Mutator","bronze:Optimize","HandDrill","expansioncontent:AwakenDeath","bronze:Safeguard"],"campfire_rested":0,"item_purchase_floors":[9,42,44,44,53,53],"current_hp_per_floor":[70,70,70,68,68,55,55,55,50,50,50,42,42,42,42,42,70,70,70,70,70,70,60,60,60,70,64,56,56,49,47,29,26,80,80,74,74,59,59,35,35,28,28,11,11,10,10,73,59,49,73,44,44,44,40,22],"gold":19,"neow_bonus":"BOSS_RELIC","is_daily":false,"chose_seed":false,"campfire_upgraded":8,"win_rate":0.0,"timestamp":1612028691,"path_taken":["R","M","M","M","?","E","T","?","$","R","?","E","?","E","M","BOSS","R","M","?","?","?","M","T","E","R","M","E","R","M","E","M","BOSS","R","M","?","M","?","M","T","$","R","$","?","M","R","?","M","BOSS","E","$","R","BOSS","BOSS"],"items_purchased_type":["Relic","Card","Card","Relic","Card","Card"],"build_version":"2020-12-22","purchased_purges":2,"victory":true,"max_hp_per_floor":[70,70,70,70,70,70,70,70,70,70,70,70,70,70,70,70,70,70,70,70,70,70,70,70,70,80,80,80,80,80,80,80,80,80,80,80,80,80,80,80,80,82,82,84,84,84,84,73,73,73,73,75,75,75,75,75],"card_choices":[{"not_picked":["bronze:BitShift","bronze:DelayedGuard"],"picked":"bronze:OilSpill","floor":2.0},{"not_picked":["bronze:DigitalCarnage","bronze:BuggyMess","bronze:BitShift"],"picked":"SKIP","floor":3.0},{"not_picked":["bronze:DigitalCarnage","bronze:BuggyMess","bronze:BitShift"],"picked":"SKIP","floor":3.0},{"not_picked":["bronze:InfiniteBeams","bronze:Philosophize"],"picked":"bronze:Constructor","floor":4.0},{"not_picked":["bronze:WhirlingStrike","bronze:CutThrough"],"picked":"bronze:OilSpill","floor":6.0},{"not_picked":["bronze:Flail","bronze:InfiniteBeams"],"picked":"bronze:Return","floor":8.0},{"not_picked":["bronze:Fortify","bronze:Iterate"],"picked":"bronze:BronzeArmor","floor":9.0},{"not_picked":["bronze:Frontload","bronze:BuggyMess"],"picked":"bronze:Safeguard","floor":12.0},{"not_picked":["bronze:BugBarrage","bronze:MaxOutput"],"picked":"bronze:Frontload","floor":14.0},{"not_picked":["bronze:Virus","bronze:WildBeam","bronze:BronzeOrb"],"picked":"SKIP","floor":15.0},{"not_picked":["bronze:ThunderWave","bronze:Library"],"picked":"bronze:Assembly","floor":16.0},{"not_picked":["bronze:Allocate+1","bronze:WildBeam","bronze:Shield"],"picked":"SKIP","floor":19.0},{"not_picked":["bronze:Separator","bronze:WhirlingStrike","bronze:CutThrough"],"picked":"SKIP","floor":22.0},{"not_picked":["bronze:SpaghettiCode","bronze:WildBeam"],"picked":"bronze:OilSpill","floor":23.0},{"not_picked":["bronze:BronzeArmor","bronze:CloningBeam","bronze:Constructor"],"picked":"SKIP","floor":25.0},{"not_picked":["bronze:WhirlingStrike","bronze:BuggyMess","bronze:Constructor"],"picked":"SKIP","floor":27.0},{"not_picked":["bronze:BitShift","bronze:Overheat","bronze:Fortify"],"picked":"SKIP","floor":28.0},{"not_picked":["bronze:Separator","bronze:Iterate"],"picked":"bronze:Repulsor","floor":30.0},{"not_picked":["bronze:Boost","bronze:Philosophize+1","bronze:ChildClass"],"picked":"SKIP","floor":31.0},{"not_picked":["bronze:BronzeOrb","bronze:BuggyMess","bronze:DelayedGuard","bronze:Shield"],"picked":"SKIP","floor":32.0},{"not_picked":["bronze:Virus","bronze:ThunderWave","bronze:BurnOut"],"picked":"bronze:Assembly","floor":33.0},{"not_picked":["bronze:DarkDash+1","bronze:Frontload+1","bronze:Invalidate+1","bronze:DelayedSlice"],"picked":"SKIP","floor":36.0},{"not_picked":["bronze:BuggyMess+1","bronze:Separator","bronze:Overheat"],"picked":"bronze:Terminator","floor":38.0},{"not_picked":["bronze:Frontload+1","bronze:Deprecate+1","bronze:MaxOutput+1","bronze:Overheat+1"],"picked":"SKIP","floor":40.0},{"not_picked":["bronze:BitShift","bronze:GetLatest+1","bronze:ChosenStrike","bronze:Overheat"],"picked":"Singing Bowl","floor":42.0},{"not_picked":["bronze:ThunderWave","bronze:WildBeam","bronze:Allocate+1","bronze:Overheat"],"picked":"Singing Bowl","floor":44.0},{"not_picked":["bronze:ForceShield","bronze:InfiniteBeams+1","bronze:OilSpill"],"picked":"bronze:MaxOutput+1","floor":46},{"not_picked":["bronze:WildBeam+1","bronze:Iterate","bronze:DarkDash"],"picked":"bronze:ItsAFeature+1","floor":49},{"not_picked":["bronze:BitShift+1","bronze:Overload","bronze:Virus","bronze:Iterate+1"],"picked":"Singing Bowl","floor":52}],"player_experience":744605,"relics_obtained":[{"floor":6.0,"key":"Incense Burner"},{"floor":7.0,"key":"Letter Opener"},{"floor":11.0,"key":"Odd Mushroom"},{"floor":12.0,"key":"Bottled Lightning"},{"floor":14.0,"key":"Boot"},{"floor":21.0,"key":"Ancient Tea Set"},{"floor":24.0,"key":"Centennial Puzzle"},{"floor":25.0,"key":"Juzu Bracelet"},{"floor":28.0,"key":"Pen Nib"},{"floor":31.0,"key":"Question Card"},{"floor":39.0,"key":"Potion Belt"},{"floor":41.0,"key":"Singing Bowl"},{"floor":45.0,"key":"Art of War"}],"event_choices":[{"cards_removed":["bronze:Strike"],"damage_healed":0.0,"max_hp_gain":0.0,"max_hp_loss":0.0,"gold_gain":0.0,"event_name":"Bonfire Elementals","player_choice":"Offered Basic","floor":5.0,"gold_loss":0.0,"damage_taken":0.0},{"damage_healed":0.0,"max_hp_gain":0.0,"max_hp_loss":0.0,"gold_gain":0.0,"event_name":"Mushrooms","player_choice":"Fought Mushrooms","floor":11.0,"gold_loss":0.0,"damage_taken":0.0},{"cards_removed":["bronze:Frontload"],"damage_healed":0.0,"max_hp_gain":0.0,"max_hp_loss":0.0,"gold_gain":0.0,"event_name":"Falling","player_choice":"Removed Skill","floor":37.0,"gold_loss":0.0,"damage_taken":0.0}],"is_beta":false,"boss_relics":[{"not_picked":["Tiny House","bronze:MakeshiftBattery"],"picked":"Astrolabe"},{"not_picked":["Pandora\u0027s Box","Snecko Eye"],"picked":"Sozu"}],"items_purged_floors":[42,44],"is_endless":false,"potions_floor_spawned":[4,8,15,16,25,27,30,31,40,49,52],"ascension_level":2}}