{"host":"7nm1ow5v9mg4ehcw","time":1612047755,"event":{"mods":["BaseMod","Minty Spire (QoL Compilation)","Relic Stats","StSLib"],"gold_per_floor":[15,15,26,39,39,39,59,59,59],"floor_reached":8,"language":"ENG","playtime":342,"items_purged":[],"score":91,"play_id":"841977e8-e625-46b9-8a6c-014a8dfcf86d","local_time":"20210131000235","is_ascension_mode":true,"campfire_choices":[{"data":"Barricade","floor":6,"key":"SMITH"}],"circlet_count":0,"master_deck":["AscendersBane","Strike_R","Strike_R","Strike_R","Strike_R","Defend_R","Defend_R","Defend_R","Defend_R","Bash","Barricade+1","Clothesline","Disarm","Feel No Pain"],"relics":["Burning Blood"],"acts_visited":["Exordium"],"potions_floor_usage":[7],"damage_taken":[{"damage":18,"enemies":"Small Slimes","floor":1,"turns":5},{"damage":0,"enemies":"Cultist","floor":3,"turns":3},{"damage":9,"enemies":"2 Louse","floor":4,"turns":4},{"damage":31,"enemies":"Gremlin Gang","floor":7,"turns":11},{"damage":40,"enemies":"Gremlin Nob","floor":8,"turns":4}],"seed_played":"-5056182962214750371","potions_obtained":[{"floor":4,"key":"DuplicationPotion"}],"is_trial":false,"path_per_floor":["M","?","M","M","?","R","M","E"],"character_chosen":"IRONCLAD","items_purchased":[],"campfire_rested":0,"item_purchase_floors":[],"current_hp_per_floor":[56,56,62,59,64,64,39,0,0],"gold":59,"neow_bonus":"THREE_RARE_CARDS","is_daily":false,"chose_seed":false,"campfire_upgraded":1,"win_rate":0.0,"timestamp":1612047755,"path_taken":["M","?","M","?","?","R","M","E"],"items_purchased_type":[],"build_version":"2020-12-22","purchased_purges":0,"victory":false,"max_hp_per_floor":[75,75,75,75,80,80,80,80,80],"relic_stats":{"counters":[5,27],"obtain_stats":[{"Burning Blood":0},{"Burning Blood":0},{"Burning Blood":0}],"Burning Blood":24},"card_choices":[{"not_picked":["Offering","Exhume"],"picked":"Barricade","floor":0},{"not_picked":["Body Slam","Dark Embrace"],"picked":"Clothesline","floor":1},{"not_picked":["Carnage","Perfected Strike","Clash"],"picked":"SKIP","floor":3},{"not_picked":["Clothesline","Cleave"],"picked":"Disarm","floor":4},{"not_picked":["Flex","Armaments"],"picked":"Feel No Pain","floor":7}],"player_experience":363162,"relics_obtained":[],"event_choices":[{"cards_removed":["Strike_R"],"damage_healed":0,"gold_gain":0,"player_choice":"Purged","damage_taken":0,"max_hp_gain":0,"max_hp_loss":0,"event_name":"Purifier","floor":2,"gold_loss":0},{"damage_healed":0,"gold_gain":0,"player_choice":"Donut","damage_taken":0,"max_hp_gain":5,"max_hp_loss":0,"event_name":"Big Fish","floor":5,"gold_loss":0}],"is_beta":false,"boss_relics":[],"items_purged_floors":[],"is_endless":false,"potions_floor_spawned":[4],"killed_by":"Gremlin Nob","ascension_level":18}}