{"host":"0b7urydaxuefbgpn","time":1612007199,"event":{"mods":["Bard","BaseMod","Colored Powertips","Hermit","Marisa????????","Minty Spire (QoL Compilation)","StSLib","The Cursed","The Disciple","The Poker Player","The Servant 0.9.4"],"gold_per_floor":[118,118,118,132,132,165,184,184,184],"floor_reached":8,"language":"RUS","playtime":361,"items_purged":[],"score":81,"play_id":"a41fd2ca-bbc4-4214-aa63-d1f8009264b5","local_time":"20210130144639","is_ascension_mode":false,"campfire_choices":[],"circlet_count":0,"master_deck":["Strike_Br","Strike_Br","Strike_Br","Defend_Br","Defend_Br","Defend_Br","Defend_Br","SecondHand","PatternShift","HandsUpC","Facsimile","Allegro","LockedMedicine"],"relics":["Chronometer","NeowsBlessing","MysticCrockPot","Paper Turtyl"],"acts_visited":["Exordium"],"potions_floor_usage":[],"damage_taken":[{"damage":0,"enemies":"Small Slimes","floor":1,"turns":1},{"damage":0,"enemies":"Jaw Worm","floor":4,"turns":1},{"damage":0,"enemies":"3 Sentries","floor":6,"turns":1},{"damage":2,"enemies":"Cultist","floor":7,"turns":5},{"damage":13,"enemies":"Lagavulin","floor":8,"turns":8}],"seed_played":"-894456311698167427","potions_obtained":[{"floor":4,"key":"BlessingOfTheForge"}],"is_trial":false,"path_per_floor":["M","?","?","M","T","E","M","E"],"character_chosen":"CHRONO_CLASS","items_purchased":[],"campfire_rested":0,"item_purchase_floors":[],"current_hp_per_floor":[65,58,58,58,58,58,56,43,43],"gold":184,"neow_bonus":"THREE_ENEMY_KILL","is_daily":false,"chose_seed":false,"campfire_upgraded":0,"win_rate":0.0,"timestamp":1612007199,"path_taken":["M","?","?","?","?","E","M","E"],"items_purchased_type":[],"build_version":"2020-12-13","purchased_purges":0,"victory":false,"max_hp_per_floor":[65,65,65,65,65,65,65,65,65],"card_choices":[{"not_picked":["LockedBlood","CrunchTime"],"picked":"HandsUpC","floor":1},{"not_picked":["BlueShift","Parity"],"picked":"Tempo","floor":4},{"not_picked":["BeatsPerMinute","WindUp"],"picked":"Facsimile","floor":6},{"not_picked":["LockedUrn","LockedWhetstone"],"picked":"LockedMedicine","floor":7}],"player_experience":959,"relics_obtained":[{"floor":5,"key":"MysticCrockPot"},{"floor":6,"key":"Paper Turtyl"}],"event_choices":[{"cards_removed":["Strike_Br"],"damage_healed":0,"gold_gain":0,"player_choice":"Card Removal","damage_taken":7,"max_hp_gain":0,"max_hp_loss":0,"event_name":"Golden Wing","floor":2,"gold_loss":0},{"damage_healed":0,"gold_gain":0,"player_choice":"Bought 0 Potions","damage_taken":0,"max_hp_gain":0,"max_hp_loss":0,"event_name":"The Woman in Blue","floor":3,"gold_loss":0}],"is_beta":false,"boss_relics":[],"items_purged_floors":[],"is_endless":false,"potions_floor_spawned":[4],"killed_by":"Lagavulin","ascension_level":0}}