{"host":"312klq0911jlgvh2","time":1612050936,"event":{"mods":["100% Spire Juice","2.2 Compatiblity","AchievementEnabler","Act Like it!","Ascension Unlocker","Aspiration","Astrologer","BaseMod","Beaked The Cultist","Block Reminder","Chen","Clockwork Mod","Colored Powertips","Conspire","Custom Start","Downfall","Energized Spire","Evolution","Friendly Minions","Gensokyo","GifTheSpireLib","Gold Saver","GungeonMod","Halation","Hermit","HololiveMod","Hubris","Infinite Spire","Jedi Mod","Koishi","Marisa????????","Mimic Mod","Minty Spire (QoL Compilation)","Prisma Mod","Random Character Button","Reimu??????","Relic Sorter","Reliquary","Remilia??????","Replay The Spire","Retaliation","RumiaBox-????????","Spikes Relics","StS++","StSLib","Stuff the Spire","Synergy Search","The Animator","The Blue Laboratory","The Bug Knight","The Poker Player","TheVacant","Trackpad","Uncapped","UnlockEverythingMod","yUi"],"gold_per_floor":[244,95,111,145,165,193,204,89,124,156,156,170,170,198,198,296,296,308,308,325,339,34,63,63,63,63,63,78,88,104,123,139,139,139,242,242,260,310,310,323,436,436,436,464,464,464,464,483,495,566,566,566],"floor_reached":53,"language":"ENG","playtime":2578,"items_purged":["Defend_G","Defend_G"],"score":706,"play_id":"a74e0869-7483-449a-b40a-5c465e8843f4","local_time":"20210130185536","is_ascension_mode":false,"campfire_choices":[{"data":"Cloak And Dagger","floor":11.0,"key":"SMITH"},{"data":"Neutralize","floor":15.0,"key":"SMITH"},{"data":"ReplayTheSpireMod:Necrosis","floor":24.0,"key":"SMITH"},{"data":"StuffTheSpire:DoubleShiv","floor":27.0,"key":"SMITH"},{"floor":33.0,"key":"REST"},{"data":"Infinite Blades","floor":43,"key":"SMITH"},{"data":"Time Bomb","floor":47,"key":"SMITH"},{"floor":51,"key":"REST"}],"circlet_count":0,"master_deck":["Defend_G","Defend_G","Defend_G","Survivor","Neutralize+1","Deflect","Footwork","StuffTheSpire:DoubleShiv+1","Poisoned Stab","Backflip","Die Die Die","Noxious Fumes","Cloak And Dagger+1","Backstab","Flying Knee","All Out Attack","ReplayTheSpireMod:Necrosis+1","StuffTheSpire:Injection","infinitespire:FutureSight","StuffTheSpire:Incantation","Static Discharge+1","jedi:reiji+1","ReplayTheSpireMod:Dual Polarity+1","Backflip+1","Beam Cell+1","Footwork+1","Time Bomb+1","DemoMod:Elimentaler","Noxious Fumes","jedi:pocketpoison","Hidden Blade","Infinite Blades+1","Bane+1","downfall:Haunted","downfall:Haunted","Dagger Spray+1","Cloak And Dagger+1"],"relics":["EVO:Axolotl","hubris:Icosahedron","DemoMod:PartiallyEatenCheese","NeowsBlessing","MutagenicStrength","Chen:Catnip","aspiration:DefectSkillbook","Velvet Choker","hubris:HollowSoul","trackpad:HandOfMidas","hubris:SlimyHat","StuffTheSpire:MayFlowers","ZombieArmy","Paper Crane","trackpad:Mousetrap","halation:LettersToHer","Sizzling Blood","trackpad:StolenKidneys","StrikeDummy","aspiration:Nostalgia","DemoMod:RatBoots","DemoMod:ResourcefulSack","Unceasing Top","hubris:Zylophone","Darkstone Periapt"],"acts_visited":["Exordium","TheCity","TheCity","TheBeyond"],"potions_floor_usage":[52,52,52],"damage_taken":[{"damage":0.0,"enemies":"Cultist","floor":1.0,"turns":1.0},{"damage":0.0,"enemies":"Small Slimes","floor":3.0,"turns":1.0},{"damage":0.0,"enemies":"Jaw Worm","floor":4.0,"turns":2.0},{"damage":0.0,"enemies":"Jaw Worm","floor":5.0,"turns":3.0},{"damage":8.0,"enemies":"3 Sentries","floor":6.0,"turns":6.0},{"damage":0.0,"enemies":"2 Fungi Beasts","floor":7.0,"turns":2.0},{"damage":1.0,"enemies":"Large Slime","floor":9.0,"turns":5.0},{"damage":0.0,"enemies":"Lagavulin","floor":10.0,"turns":5.0},{"damage":2.0,"enemies":"Large Slime","floor":12.0,"turns":2.0},{"damage":5.0,"enemies":"3 Sentries","floor":14.0,"turns":5.0},{"damage":15.0,"enemies":"The Guardian","floor":16.0,"turns":8.0},{"damage":20.0,"enemies":"conspire:FuzzyDice","floor":18.0,"turns":5.0},{"damage":0.0,"enemies":"2 Thieves","floor":20.0,"turns":3.0},{"damage":1.0,"enemies":"Snake Plant","floor":21.0,"turns":2.0},{"damage":11.0,"enemies":"Replay:Snechameleon","floor":23.0,"turns":4.0},{"damage":0.0,"enemies":"DemoMod:4_Bullet_Kins","floor":28.0,"turns":3.0},{"damage":9.0,"enemies":"DemoMod:Veteran_shot_gun_kin_and_red_shotgun_kin","floor":29.0,"turns":2.0},{"damage":2.0,"enemies":"DemoMod:Veteran_shot_gun_kin_and_red_shotgun_kin_with_gunsinger","floor":30.0,"turns":2.0},{"damage":30.0,"enemies":"DemoMod:Red_and_blue_shotgun_kin_with_gunsinger","floor":31.0,"turns":2.0},{"damage":0.0,"enemies":"DemoMod:Veteran_shot_gun_kin_and_blue_shotgun_kin_with_gunsinger","floor":32.0,"turns":2.0},{"damage":18.0,"enemies":"DemoMod:ResourcefulRat","floor":35.0,"turns":8.0},{"damage":25.0,"enemies":"3 Darklings","floor":37.0,"turns":4.0},{"damage":5.0,"enemies":"Mind Bloom Boss Battle","floor":38.0,"turns":5.0},{"damage":3.0,"enemies":"3 Shapes","floor":40.0,"turns":2.0},{"damage":0,"enemies":"Maw","floor":41,"turns":1},{"damage":15,"enemies":"Giant Head","floor":44,"turns":7},{"damage":58,"enemies":"Spire Growth","floor":48,"turns":4},{"damage":0,"enemies":"Jaw Worm Horde","floor":49,"turns":2},{"damage":62,"enemies":"Awakened One","floor":52,"turns":12}],"seed_played":"4974172211565311119","potions_obtained":[{"floor":1.0,"key":"FearPotion"},{"floor":5.0,"key":"CunningPotion"},{"floor":6.0,"key":"Venom Potion"},{"floor":10.0,"key":"ColorlessPotion"},{"floor":20.0,"key":"blueLaboratory:BottleOfVodka"},{"floor":31.0,"key":"Fire Potion"},{"floor":32.0,"key":"StSpp:InhibitionPotion"},{"floor":37.0,"key":"blueLaboratory:BottleOfVodka"},{"floor":41,"key":"blueLaboratory:ArtificerPotion"},{"floor":48,"key":"Milkshake"}],"is_trial":false,"path_per_floor":["M","$","M","MIM","M","E","M","$","MIM","E","R","M","?","E","R","B",null,"M","AVR","M","M","$","E","R","?","T","R","M","M","M","M","M","R","B","B",null,"M","?","?","M","M","?","R","E","T","?","R","M","M","T","R","B",null],"character_chosen":"THE_SILENT","items_purchased":["Footwork","DemoMod:GnawedKey","aspiration:Nostalgia","Static Discharge+1"],"campfire_rested":2,"item_purchase_floors":[2,8,22,22],"current_hp_per_floor":[70,70,70,70,70,62,62,62,61,61,61,59,63,62,62,57,74,58,58,62,65,65,58,58,58,74,74,74,69,71,45,49,71,40,32,74,53,52,52,53,57,57,57,52,52,64,64,10,47,47,72,20],"gold":566,"neow_bonus":"THREE_ENEMY_KILL","is_daily":false,"chose_seed":false,"campfire_upgraded":6,"win_rate":0.0,"timestamp":1612050936,"path_taken":["M","?","?","?","M","E","M","$","MIM","E","R","M","?","E","R","BOSS","M","AVR","M","M","$","E","R","?","T","R","M","M","M","M","M","R","BOSS","BOSS","M","?","?","M","?","?","R","E","T","?","R","M","M","?","R","BOSS"],"items_purchased_type":["Card","Relic","Relic","Card"],"build_version":"2020-12-22","purchased_purges":2,"victory":true,"max_hp_per_floor":[70,70,70,70,70,70,70,70,70,70,70,70,74,74,74,74,74,74,74,74,74,74,74,74,74,74,74,74,74,74,74,74,74,74,74,74,74,74,74,74,74,74,74,74,74,86,86,86,86,86,86,86],"card_choices":[{"not_picked":["StSpp:Dive","ReplayTheSpireMod:Speed Training"],"picked":"Deflect","floor":1.0},{"not_picked":["Outmaneuver","Concentrate"],"picked":"StuffTheSpire:DoubleShiv","floor":3.0},{"not_picked":["StuffTheSpire:Fury","hubris:TrickCloak"],"picked":"Poisoned Stab","floor":4.0},{"not_picked":["StSpp:PoisonousPunch","Underhanded Strike"],"picked":"Backflip","floor":5.0},{"not_picked":["jedi:acidrain","StuffTheSpire:DoubleShiv"],"picked":"Die Die Die","floor":6.0},{"not_picked":["StSpp:Dive","Slice"],"picked":"Noxious Fumes","floor":7.0},{"not_picked":["Sucker Punch","Outmaneuver"],"picked":"Cloak And Dagger","floor":9.0},{"not_picked":["Flechettes","Prepared"],"picked":"Backstab","floor":10.0},{"not_picked":["jedi:acidrain","StSpp:PoisonousPunch"],"picked":"Flying Knee","floor":12.0},{"not_picked":["Deadly Poison","Endless Agony"],"picked":"All Out Attack","floor":14.0},{"not_picked":["Adrenaline","aspiration:Lunge"],"picked":"ReplayTheSpireMod:Necrosis","floor":16.0},{"not_picked":["StSpp:Dive+1","Eviscerate"],"picked":"StuffTheSpire:Injection","floor":18.0},{"not_picked":["Fusion","Recycle+1","StuffTheSpire:ClusterCrunch+1"],"picked":"StuffTheSpire:Incantation","floor":20.0},{"not_picked":["ReplayTheSpireMod:Shiv Toss","StSpp:Dive","Sweeping Beam","Prepared+1"],"picked":"SKIP","floor":21.0},{"not_picked":["Doom and Gloom","StuffTheSpire:LoadUp","Envenom"],"picked":"jedi:reiji+1","floor":23.0},{"not_picked":["Rebound+1","Caltrops","Defragment+1"],"picked":"ReplayTheSpireMod:Dual Polarity+1","floor":28.0},{"not_picked":["Slice+1","StuffTheSpire:Fury","Fusion+1"],"picked":"Backflip+1","floor":29.0},{"not_picked":["Underhanded Strike+1","Reinforced Body+1","Turbo"],"picked":"Beam Cell+1","floor":30.0},{"not_picked":["Bane+1","Panic Button","jedi:spotbugs+1"],"picked":"Footwork+1","floor":31.0},{"not_picked":["BasicCrystalCard","Poisoned Stab","Deflect"],"picked":"Time Bomb","floor":32.0},{"not_picked":[],"picked":"DemoMod:Elimentaler","floor":35.0},{"not_picked":["StuffTheSpire:LoadUp+1","hubris:TrickCloak","Deflect"],"picked":"Noxious Fumes","floor":36.0},{"not_picked":["Chaos+1","Cloak And Dagger","Turbo+1"],"picked":"jedi:pocketpoison","floor":37.0},{"not_picked":["jedi:BurstFrost+1","Sweeping Beam","Rebound"],"picked":"Hidden Blade","floor":38.0},{"not_picked":["Turbo","Compile Driver+1","jedi:BurstLightning","Redo"],"picked":"SKIP","floor":40.0},{"not_picked":["StSpp:Dive+1","Cold Snap","StSpp:Channeliser"],"picked":"Infinite Blades","floor":41},{"not_picked":["StuffTheSpire:Injection","Compile Driver","ReplayTheSpireMod:The Works"],"picked":"Bane+1","floor":44},{"not_picked":["Compile Driver","Flechettes","Leap"],"picked":"Dagger Spray+1","floor":48},{"not_picked":["jedi:readyaimfire","StSpp:Dive","StSpp:PoisonousPunch"],"picked":"Cloak And Dagger+1","floor":49}],"player_experience":551616,"relics_obtained":[{"floor":4.0,"key":"ZombieArmy"},{"floor":6.0,"key":"trackpad:Mousetrap"},{"floor":9.0,"key":"hubris:SlimyHat"},{"floor":10.0,"key":"halation:LettersToHer"},{"floor":14.0,"key":"StuffTheSpire:MayFlowers"},{"floor":23.0,"key":"Paper Crane"},{"floor":36.0,"key":"DemoMod:RatBoots"},{"floor":36.0,"key":"DemoMod:ResourcefulSack"},{"floor":36.0,"key":"DemoMod:PartiallyEatenCheese"},{"floor":36.0,"key":"Velvet Choker"},{"floor":36.0,"key":"hubris:HollowSoul"},{"floor":36.0,"key":"halation:LettersToHer"},{"floor":38.0,"key":"trackpad:HandOfMidas"},{"floor":44,"key":"Unceasing Top"},{"floor":45,"key":"halation:LettersToHer"},{"floor":45,"key":"hubris:Zylophone"},{"floor":50,"key":"halation:LettersToHer"}],"event_choices":[{"damage_healed":0.0,"max_hp_gain":0.0,"max_hp_loss":0.0,"gold_gain":0.0,"event_name":"Drug Dealer","player_choice":"Inject Mutagens","floor":25.0,"gold_loss":0.0,"damage_taken":0.0,"relics_obtained":["MutagenicStrength"]},{"damage_healed":0.0,"max_hp_gain":0.0,"max_hp_loss":0.0,"gold_gain":0.0,"event_name":"MindBloom","player_choice":"Fight","floor":38.0,"gold_loss":0.0,"damage_taken":0.0},{"damage_healed":0,"gold_gain":0,"player_choice":"Leave","damage_taken":0,"max_hp_gain":0,"max_hp_loss":0,"event_name":"conspire:Investor","floor":42,"gold_loss":0}],"is_beta":false,"boss_relics":[{"not_picked":["Kintsugi","halation:PinkAlligatorPlush"],"picked":"trackpad:StolenKidneys"},{"not_picked":[]}],"items_purged_floors":[2,22],"is_endless":false,"potions_floor_spawned":[1,5,6,10,12,20,23,31,32,37,38,41,48],"ascension_level":0}}