{"host":"ocll6kdfqxraqtza","time":1612028134,"event":{"mods":["2.2 Compatiblity","Act Like it!","Aspiration","BaseMod","Better Third Choice","Gensokyo","Hallownest","Hermit","Hubris","Jorbs\u0027s Wanderer Trilogy","Luminous","Marisa（霧雨　魔理沙）","Minty Spire (QoL Compilation)","Reimu（博??梦）","Replay The Spire","Shade Mod","StSLib","The Alterego","The Bug Knight","The Cursed","The Hierophant","The Marked","The Runesmith","TheBandit","Wandering Minibosses"],"gold_per_floor":[109,109,109,127,146,146,71,71,118,150,160,160,195,207,207,310,310,322,322,282,26,18,47,47,47,47,29,29,29],"floor_reached":28,"language":"ENG","playtime":1152,"items_purged":["TheCursedMod:Strike_TheCursed","TheCursedMod:Strike_TheCursed"],"score":334,"play_id":"e3fa7eba-15d1-4389-99bc-b37d294d0494","local_time":"20210131013534","is_ascension_mode":true,"campfire_choices":[{"data":"TheCursedMod:TroublousMinions","floor":6,"key":"SMITH"},{"data":"TheCursedMod:SpitefulStrike","floor":15,"key":"SMITH"},{"floor":24,"key":"REST"}],"circlet_count":0,"master_deck":["TheCursedMod:Strike_TheCursed","TheCursedMod:Strike_TheCursed","TheCursedMod:Defend_TheCursed","TheCursedMod:Defend_TheCursed+1","TheCursedMod:CursedWand+1","TheCursedMod:CleanUpWorkshop+1","TheCursedMod:Dregs","TheCursedMod:CursedAmulet","TheCursedMod:CursedBlade","TheCursedMod:TroublousMinions+1","TheCursedMod:LuckyCharm","TheCursedMod:Grudge+1","TheCursedMod:Stigma","TheCursedMod:SmokeScreen","TheCursedMod:CursedRelics+1","TheCursedMod:SpitefulStrike+1","TheCursedMod:CursedMace","TheCursedMod:Neurasthenia+1","TheCursedMod:CircleOfCorruption","TheCursedMod:Neurasthenia","TheCursedMod:Grudge","Dash","TheCursedMod:CursedBoomerang+1","TheCursedMod:Mangle+1","Shame","Gensokyo:RustyChest"],"relics":["NeowsBlessing","War Paint","ReplayTheSpireMod:Shallot","Replay:Bottled Flurry","Replay:Bronze Core","TentaclePot:ReiMu","aspiration:HiddenCompartment","Frozen Eye"],"acts_visited":["Exordium","Gensokyo:Gensokyoer"],"potions_floor_usage":[16],"damage_taken":[{"damage":0,"enemies":"Cultist","floor":1,"turns":1},{"damage":0,"enemies":"Jaw Worm","floor":4,"turns":1},{"damage":0,"enemies":"Small Slimes","floor":5,"turns":1},{"damage":24,"enemies":"Lagavulin","floor":10,"turns":10},{"damage":0,"enemies":"Blue Slaver","floor":11,"turns":4},{"damage":0,"enemies":"3 Sentries","floor":13,"turns":7},{"damage":13,"enemies":"Exordium Thugs","floor":14,"turns":3},{"damage":0,"enemies":"Hexaghost","floor":16,"turns":9},{"damage":15,"enemies":"Gensokyo:3_Dogs","floor":18,"turns":6},{"damage":0,"enemies":"Gensokyo:CosmicMonolith","floor":22,"turns":7},{"damage":57,"enemies":"Gensokyo:Reisen","floor":23,"turns":12},{"damage":26,"enemies":"Gensokyo:Koishi","floor":28,"turns":6}],"seed_played":"-8394665595157042424","potions_obtained":[{"floor":11,"key":"LiquidBronze"},{"floor":13,"key":"SpeedPotion"},{"floor":14,"key":"PowerPotion"},{"floor":16,"key":"SteroidPotion"},{"floor":18,"key":"BlessingOfTheForge"}],"is_trial":false,"path_per_floor":["M","?","?","M","M","R","$","?","T","E","M","?","E","M","R","B",null,"M","?","?","$","M","E","R","?","T","COS","E"],"character_chosen":"THE_CURSED","items_purchased":["TentaclePot:ReiMu"],"campfire_rested":1,"item_purchase_floors":[21],"current_hp_per_floor":[75,75,75,75,75,75,75,75,75,51,51,51,51,38,38,38,75,60,60,60,60,60,3,25,25,25,25,0,0],"gold":29,"neow_bonus":"THREE_ENEMY_KILL","is_daily":false,"chose_seed":false,"campfire_upgraded":2,"win_rate":0.0,"timestamp":1612028134,"path_taken":["M","?","?","?","M","R","$","?","T","E","M","?","E","?","R","BOSS","M","?","?","?","?","E","R","?","T","COS","E"],"items_purchased_type":["Relic"],"build_version":"2020-12-22","purchased_purges":2,"victory":false,"max_hp_per_floor":[75,75,75,75,75,75,75,75,75,75,75,75,75,75,75,75,75,75,75,75,75,75,75,75,75,75,75,75,75],"card_choices":[{"not_picked":["TheCursedMod:FleshFromBone","TheCursedMod:DoubleShield"],"picked":"TheCursedMod:CursedAmulet","floor":1},{"not_picked":["TheCursedMod:RapidMovement","TheCursedMod:Torture"],"picked":"TheCursedMod:CursedBlade","floor":4},{"not_picked":["TheCursedMod:VitalStrike","TheCursedMod:CursedBlade"],"picked":"TheCursedMod:TroublousMinions","floor":5},{"not_picked":["TheCursedMod:SoulReap","TheCursedMod:SmokeScreen"],"picked":"TheCursedMod:SpitefulStrike","floor":10},{"not_picked":["TheCursedMod:Obscuration","TheCursedMod:CursedShiv"],"picked":"TheCursedMod:CursedMace","floor":11},{"not_picked":["TheCursedMod:CursedAmulet","TheCursedMod:BloodBarrier"],"picked":"TheCursedMod:Neurasthenia","floor":13},{"not_picked":["TheCursedMod:CursedMace","TheCursedMod:RapidMovement"],"picked":"TheCursedMod:CircleOfCorruption","floor":14},{"not_picked":["TheCursedMod:ManaCirculation","TheCursedMod:CursedRelics"],"picked":"TheCursedMod:Neurasthenia","floor":16},{"not_picked":["TheCursedMod:SpitefulPlan","TheCursedMod:Wield"],"picked":"TheCursedMod:Grudge","floor":18},{"not_picked":["TheCursedMod:Obscuration","TheCursedMod:CursedBlade"],"picked":"TheCursedMod:CursedBoomerang","floor":22},{"not_picked":["TheCursedMod:CircleOfCorruption","TheCursedMod:CursedShiv"],"picked":"TheCursedMod:Mangle+1","floor":23}],"player_experience":477723,"relics_obtained":[{"floor":9,"key":"War Paint"},{"floor":10,"key":"ReplayTheSpireMod:Shallot"},{"floor":13,"key":"Replay:Bottled Flurry"},{"floor":23,"key":"aspiration:HiddenCompartment"}],"event_choices":[{"damage_healed":0,"gold_gain":0,"player_choice":"Grow","damage_taken":0,"max_hp_gain":0,"max_hp_loss":0,"event_name":"Living Wall","floor":2,"gold_loss":0,"cards_upgraded":["TheCursedMod:CursedWand"]},{"cards_removed":["TheCursedMod:Defend_TheCursed"],"damage_healed":0,"gold_gain":0,"player_choice":"Purged","damage_taken":0,"max_hp_gain":0,"max_hp_loss":0,"event_name":"Purifier","floor":3,"gold_loss":0},{"cards_removed":["TheCursedMod:Defend_TheCursed"],"damage_healed":0,"gold_gain":0,"player_choice":"Offered Basic","damage_taken":0,"max_hp_gain":0,"max_hp_loss":0,"event_name":"Bonfire Elementals","floor":12,"gold_loss":0}],"is_beta":false,"boss_relics":[{"not_picked":["Ectoplasm","SlaversCollar"],"picked":"Replay:Bronze Core"}],"items_purged_floors":[7,21],"is_endless":false,"potions_floor_spawned":[11,13,14,16,18,23],"killed_by":"Gensokyo:Koishi","ascension_level":1}}