{"host":"stku21i8hhz5zha4","time":1612027790,"event":{"mods":["2.2 Compatiblity","AchievementEnabler","Aspiration","BaseMod","Better Altar","Better Match","Better Note","Better Sensory Stone","Better Skull","Better Third Choice","Better Vampires","Colored Map","Colorless Booster Pack","Conspire","Dark Map","Displayed Cursed Tome","Downfall","Energized Spire","Friendly Minions","GifTheSpireLib","Halation","Hubris","Infinite Spire","Jedi Mod","Jorbs\u0027s Wanderer Trilogy","Minty Spire (QoL Compilation)","Permanent Neow","Quick Restart","Rare Cards Sparkle","Reliquary","Replay The Spire","Shop Mod","Spikes Relics","Spire Arcade","StS++","StSLib","Stuff the Spire","The Blue Laboratory","Trackpad","Transform Curses","Uncapped"],"gold_per_floor":[109,122,122,134,59,59,59],"floor_reached":6,"language":"RUS","playtime":345,"items_purged":[],"score":70,"play_id":"eaed90a2-2bd2-4321-9852-9173627958fa","local_time":"20210130202950","is_ascension_mode":true,"campfire_choices":[],"circlet_count":0,"master_deck":["AscendersBane","Strike_R","Strike_R","Strike_R","Strike_R","Strike_R","Defend_R","Defend_R","Defend_R","Bash","Metallicize","jedi:suffering","Feel No Pain"],"relics":["Burning Blood","conspire:GlowingRock"],"acts_visited":["Exordium"],"potions_floor_usage":[6],"damage_taken":[{"damage":16,"enemies":"Jaw Worm","floor":1,"turns":4},{"damage":9,"enemies":"2 Louse","floor":2,"turns":4},{"damage":3,"enemies":"Small Slimes","floor":4,"turns":6},{"damage":54,"enemies":"Lagavulin","floor":6,"turns":11}],"seed_played":"-6361751782962558591","potions_obtained":[{"floor":2,"key":"blueLaboratory:PhilterOfMotion"}],"is_trial":false,"path_per_floor":["M","M","?","M","?","E"],"character_chosen":"IRONCLAD","items_purchased":[],"campfire_rested":0,"item_purchase_floors":[],"current_hp_per_floor":[58,55,60,63,63,9,9],"gold":59,"neow_bonus":"ONE_RARE_RELIC","is_daily":false,"chose_seed":false,"campfire_upgraded":0,"win_rate":0.0,"timestamp":1612027790,"path_taken":["M","M","?","M","?","E"],"items_purchased_type":[],"build_version":"2020-12-22","purchased_purges":0,"victory":false,"max_hp_per_floor":[68,68,73,73,73,73,73],"card_choices":[{"not_picked":["StSpp:CounterStrike","ReplayTheSpireMod:Strike From Hell"],"picked":"Metallicize","floor":1},{"not_picked":["Sever Soul","Anger"],"picked":"jedi:suffering","floor":2},{"not_picked":["StuffTheSpire:Slingshot","Wild Strike"],"picked":"Feel No Pain","floor":4}],"player_experience":259824,"relics_obtained":[],"event_choices":[{"damage_healed":0,"gold_gain":0,"player_choice":"Donut","damage_taken":0,"max_hp_gain":5,"max_hp_loss":0,"event_name":"Big Fish","floor":3,"gold_loss":0},{"cards_removed":["Defend_R"],"damage_healed":0,"gold_gain":0,"player_choice":"Card Removal","damage_taken":0,"max_hp_gain":0,"max_hp_loss":0,"event_name":"The Cleric","floor":5,"gold_loss":75}],"is_beta":false,"boss_relics":[],"items_purged_floors":[],"is_endless":false,"potions_floor_spawned":[2],"killed_by":"Lagavulin","ascension_level":19}}