{"host":"z9a4j4a70g1iinja","time":1612022478,"event":{"mods":["BaseMod","Better Note","Colored Map","Colored Powertips","Downfall","Minty Spire (QoL Compilation)","Quick Restart","Rare Cards Sparkle","StSLib"],"gold_per_floor":[99,109,209,224,235,135,135,135,150,36,62,117,117,136,151,253,253,253,267,287,174,174,174,174,174,9,9,109,141,155,166,176,274,274,174,188,206,206,221,221,221,21,54,54,82,95,95,106,123,123],"floor_reached":51,"language":"ENG","playtime":3028,"items_purged":["Slimebound:Defend_Slimebound","Slimebound:SlimeBrawl+1"],"score":854,"play_id":"d0399b32-4352-48d0-bbb6-59cfdb8cbc39","local_time":"20210130110118","is_ascension_mode":false,"campfire_choices":[{"floor":1.0,"key":"RECALL"},{"data":"Slimebound:Split","floor":6.0,"key":"SMITH"},{"data":"Slimebound:SlimeSlap","floor":13.0,"key":"SMITH"},{"data":"Slimebound:CorrosiveSpit","floor":18.0,"key":"SMITH"},{"data":"Slimebound:LevelUp","floor":25,"key":"SMITH"},{"data":"Slimebound:SpikyOuterGoop","floor":27,"key":"SMITH"},{"data":"Slimebound:SlimeBarrage","floor":35,"key":"SMITH"},{"data":"Slimebound:ProtectTheBoss","floor":44,"key":"SMITH"},{"data":"Slimebound:DisruptingSlam","floor":47,"key":"SMITH"}],"circlet_count":0,"master_deck":["Slimebound:Strike_Slimebound","Slimebound:Defend_Slimebound","Slimebound:Split+1","Slimebound:CorrosiveSpit+1","Slimebound:GoopSpray+1","Slimebound:DisruptingSlam+1","Slimebound:ItLooksTasty","Slimebound:GrowthPunch","Slimebound:GoopSpray+1","Slimebound:Schlurp+1","Slimebound:HauntingLick+1","Slimebound:LevelUp+1","Slimebound:SlimeSlap+1","Slimebound:SpikyOuterGoop+1","Slimebound:SplitLeeching+1","Slimebound:DouseInSlime+1","Slimebound:FormOfPuddle+1","Slimebound:ItLooksTasty+1","Slimebound:FinishingTackle+1","Slimebound:Schlurp+1","Slimebound:SplitAcid+1","Slimebound:TongueLash+1","Slimebound:GoopSpray+1","Slimebound:SlimeSlap+1","Slimebound:SlimeBrawl+1","Slimebound:SplitLeeching+1","Slimebound:SplitMire+1","Slimebound:SlimeBarrage+1","Slimebound:RainOfGoop+1","Slimebound:RejuvenatingLick+1","Slimebound:RejuvenatingLick+1","Slimebound:LeechLife","Slimebound:ProtectTheBoss+1","Slimebound:OozeBath+1","Slimebound:Repurpose+1","Slimebound:MegaLick+1","Parasite","Slimebound:TongueLash"],"relics":["Slimebound:AbsorbEndCombat","downfall:HeartBlessingRed","Toxic Egg 2","Pen Nib","Bag of Marbles","Astrolabe","White Beast Statue","War Paint","Toy Ornithopter","Oddly Smooth Stone","Slimebound:TarBlob","downfall:HeartBlessingGreen","MawBank","Lizard Tail","Anchor","PreservedInsect","Regal Pillow"],"acts_visited":["Exordium","TheCity","TheBeyond"],"potions_floor_usage":[28,28,29,29,31,33,33,37,42,45],"damage_taken":[{"damage":1.0,"enemies":"Jaw Worm","floor":2.0,"turns":6.0},{"damage":0.0,"enemies":"Small Slimes","floor":4.0,"turns":3.0},{"damage":0.0,"enemies":"2 Louse","floor":5.0,"turns":4.0},{"damage":2.0,"enemies":"Exordium Wildlife","floor":9.0,"turns":4.0},{"damage":5.0,"enemies":"downfall:FleeingMerchant","floor":10.0,"turns":4.0},{"damage":1.0,"enemies":"3 Sentries","floor":11.0,"turns":6.0},{"damage":17.0,"enemies":"Gremlin Nob","floor":12.0,"turns":5.0},{"damage":2.0,"enemies":"Exordium Thugs","floor":14.0,"turns":3.0},{"damage":7.0,"enemies":"2 Fungi Beasts","floor":15.0,"turns":3.0},{"damage":23.0,"enemies":"DF_ARCHETYPE_STREAMLINE","floor":16.0,"turns":9.0},{"damage":5.0,"enemies":"3 Byrds","floor":19.0,"turns":5.0},{"damage":9.0,"enemies":"Centurion and Healer","floor":20.0,"turns":6.0},{"damage":7,"enemies":"downfall:FleeingMerchant","floor":21,"turns":4},{"damage":9,"enemies":"downfall:FleeingMerchant","floor":26,"turns":4},{"damage":9,"enemies":"downfall:LadyInBlue","floor":28,"turns":9},{"damage":25,"enemies":"Slavers","floor":29,"turns":5},{"damage":10,"enemies":"3 Cultists","floor":30,"turns":5},{"damage":8,"enemies":"Snecko","floor":31,"turns":4},{"damage":0,"enemies":"Centurion and Healer","floor":32,"turns":5},{"damage":17,"enemies":"IC_MUSHROOM_ARCHETYPE","floor":33,"turns":6},{"damage":4,"enemies":"3 Shapes","floor":36,"turns":3},{"damage":0,"enemies":"3 Darklings","floor":37,"turns":5},{"damage":36,"enemies":"Jaw Worm Horde","floor":39,"turns":7},{"damage":0,"enemies":"downfall:FleeingMerchant","floor":42,"turns":1},{"damage":20,"enemies":"Reptomancer","floor":43,"turns":6},{"damage":0,"enemies":"Giant Head","floor":45,"turns":6},{"damage":8,"enemies":"Spire Growth","floor":46,"turns":4},{"damage":7,"enemies":"Writhing Mass","floor":48,"turns":4},{"damage":0,"enemies":"Maw","floor":49,"turns":6},{"damage":8,"enemies":"SI_POISON_ARCHETYPE","floor":50,"turns":12}],"seed_played":"-1059223611636282746","potions_obtained":[{"floor":4.0,"key":"Slimebound:SlimyTonguePotion"},{"floor":5.0,"key":"SkillPotion"},{"floor":12.0,"key":"bronze:BurnAndBuffPotion"},{"floor":15.0,"key":"hexamod:SoulburnPotion"},{"floor":16.0,"key":"Block Potion"},{"floor":19.0,"key":"EssenceOfSteel"},{"floor":26,"key":"Weak Potion"},{"floor":28,"key":"Fruit Juice"},{"floor":28,"key":"AttackPotion"},{"floor":28,"key":"ColorlessPotion"},{"floor":29,"key":"FearPotion"},{"floor":30,"key":"FairyPotion"},{"floor":31,"key":"GamblersBrew"},{"floor":32,"key":"hexamod:SoulburnPotion"},{"floor":33,"key":"SpeedPotion"},{"floor":36,"key":"sneckomod:MuddlingPotion"},{"floor":37,"key":"Fruit Juice"},{"floor":39,"key":"bronze:BurnAndBuffPotion"},{"floor":42,"key":"champ:CounterPotion"},{"floor":43,"key":"Explosive Potion"},{"floor":45,"key":"EssenceOfSteel"},{"floor":46,"key":"LiquidMemories"},{"floor":49,"key":"FairyPotion"}],"is_trial":false,"path_per_floor":["R","M","?","M","M","R","T","?","M","$","E","?","R","M","M","B",null,"R","M","M","$","?","?","T","R","$","R","?","E","M","M","M","B",null,"R","M","M","?","M","T","T","$","E","R","E","M","R","M","M","B",null],"character_chosen":"SLIMEBOUND","items_purchased":["Slimebound:Schlurp+1","Slimebound:HauntingLick+1","Slimebound:GoopSpray+1","War Paint","Lizard Tail","Anchor"],"campfire_rested":0,"item_purchase_floors":[10,10,21,26,42,42],"current_hp_per_floor":[71,71,71,71,71,71,71,71,71,68,70,54,54,60,61,46,71,71,69,66,66,66,66,66,66,64,64,68,57,55,58,66,59,76,76,76,81,81,45,45,45,52,50,50,81,77,77,76,81,77],"gold":123,"neow_bonus":"TEN_PERCENT_HP_BONUS","is_daily":false,"chose_seed":false,"campfire_upgraded":8,"win_rate":0.0,"timestamp":1612022478,"path_taken":["R","M","?","M","M","R","T","?","M","$","E","?","R","?","M","BOSS","R","M","M","$","?","?","T","R","$","R","?","E","M","M","M","BOSS","R","M","M","?","?","?","T","$","E","R","E","M","R","M","M","BOSS"],"items_purchased_type":["Card","Card","Card","Relic","Relic","Relic"],"build_version":"2020-12-22","purchased_purges":2,"victory":true,"max_hp_per_floor":[71,71,71,71,71,71,71,71,71,71,71,71,71,71,71,71,71,71,71,71,71,71,71,71,71,71,71,76,76,76,76,76,76,76,76,76,81,81,81,81,81,81,81,81,81,81,81,81,81,81],"card_choices":[{"not_picked":["Slimebound:SplitAcid","Slimebound:SplitMire"],"picked":"Slimebound:GoopSpray","floor":2.0},{"not_picked":["Slimebound:SlimeBrawl","Slimebound:PressTheAttack"],"picked":"Slimebound:DisruptingSlam","floor":4.0},{"not_picked":["Slimebound:TongueLash","Slimebound:SamplingLick"],"picked":"Slimebound:ItLooksTasty","floor":5.0},{"not_picked":["Slimebound:DisruptingSlam","Slimebound:GoopTackle"],"picked":"Slimebound:GrowthPunch","floor":9.0},{"not_picked":["Slimebound:GrowthPunch","Slimebound:Nibble"],"picked":"Slimebound:GoopSpray+1","floor":10.0},{"not_picked":["Slimebound:Replication+1","Slimebound:SamplingLick+1"],"picked":"Slimebound:LevelUp","floor":11.0},{"not_picked":["Slimebound:Grow","Slimebound:SlimeBarrage"],"picked":"Slimebound:SlimeSlap","floor":12.0},{"not_picked":["Slimebound:PressTheAttack","Slimebound:FinishingTackle"],"picked":"Slimebound:SpikyOuterGoop","floor":14.0},{"not_picked":["Slimebound:LivingWall+1","Slimebound:HauntingLick+1"],"picked":"Slimebound:SplitLeeching+1","floor":15.0},{"not_picked":["Slimebound:DuplicatedForm","Slimebound:Overexert"],"picked":"Slimebound:DouseInSlime+1","floor":16.0},{"not_picked":["Slimebound:FinishingTackle+1","Slimebound:PressTheAttack+1"],"picked":"Slimebound:Schlurp+1","floor":19.0},{"not_picked":["Slimebound:ViciousTackle","Slimebound:HauntingLick+1"],"picked":"Slimebound:SplitAcid+1","floor":20.0},{"not_picked":["Slimebound:HauntingLick+1","Slimebound:ForwardTackle+1"],"picked":"Slimebound:TongueLash+1","floor":21},{"not_picked":["Slimebound:LeechEnergy","Slimebound:ViciousTackle"],"picked":"Slimebound:SplitLeeching+1","floor":26},{"not_picked":["Slimebound:BestDefense","Slimebound:LivingWall+1"],"picked":"Slimebound:SplitMire+1","floor":28},{"not_picked":["Slimebound:BestDefense","Slimebound:ItLooksTasty+1"],"picked":"Slimebound:SlimeBarrage","floor":29},{"not_picked":["Slimebound:SplitAcid+1","Slimebound:RallyTheTroops"],"picked":"Slimebound:RainOfGoop+1","floor":30},{"not_picked":["Slimebound:SplitMire+1","Slimebound:Schlurp+1"],"picked":"Slimebound:RejuvenatingLick+1","floor":31},{"not_picked":["Slimebound:SplitBruiser+1","Slimebound:TongueLash"],"picked":"Slimebound:RejuvenatingLick+1","floor":32},{"not_picked":["Slimebound:OneTwoCombo","Slimebound:SelfFormingGoo"],"picked":"Slimebound:LeechLife","floor":33},{"not_picked":["Slimebound:GoopSpray+1","Slimebound:SplitLeeching+1","Slimebound:RainOfGoop+1"],"picked":"SKIP","floor":36},{"not_picked":["Slimebound:Schlurp+1","Slimebound:SlimeSpikes+1"],"picked":"Slimebound:ProtectTheBoss","floor":37},{"not_picked":["Slimebound:FinishingTackle","Slimebound:ViciousTackle+1","Slimebound:ItLooksTasty+1"],"picked":"SKIP","floor":39},{"not_picked":["Slimebound:Prepare+1","Slimebound:PressTheAttack+1"],"picked":"Slimebound:OozeBath+1","floor":42},{"not_picked":["Slimebound:ComboTackle","Slimebound:LeechingTouch","Slimebound:Replication+1"],"picked":"SKIP","floor":43},{"not_picked":["Slimebound:ComboTackle+1","Slimebound:LivingWall+1"],"picked":"Slimebound:Repurpose+1","floor":45},{"not_picked":["Slimebound:LeechEnergy","Slimebound:GoopTackle"],"picked":"Slimebound:MegaLick+1","floor":46},{"not_picked":["Slimebound:GoopTackle","Slimebound:RainOfGoop+1","Slimebound:ItLooksTasty"],"picked":"SKIP","floor":48},{"not_picked":["Slimebound:GoopSpray+1","Slimebound:LivingWall+1"],"picked":"Slimebound:TongueLash","floor":49}],"player_experience":8301,"relics_obtained":[{"floor":7.0,"key":"Toxic Egg 2"},{"floor":11.0,"key":"Pen Nib"},{"floor":12.0,"key":"Bag of Marbles"},{"floor":24,"key":"White Beast Statue"},{"floor":28,"key":"Toy Ornithopter"},{"floor":29,"key":"Oddly Smooth Stone"},{"floor":41,"key":"MawBank"},{"floor":43,"key":"PreservedInsect"},{"floor":45,"key":"Regal Pillow"}],"event_choices":[],"is_beta":false,"boss_relics":[{"not_picked":["SlaversCollar","bronze:MakeshiftBattery"],"picked":"Astrolabe"},{"not_picked":["Coffee Dripper","Snecko Eye"],"picked":"Slimebound:TarBlob"}],"items_purged_floors":[21,42],"is_endless":false,"potions_floor_spawned":[4,5,12,15,16,19,26,28,29,30,31,32,33,36,37,39,42,43,45,46,48,49],"ascension_level":0}}