{"host":"y76x98twjnyyxs83","time":1612038685,"event":{"mods":["BaseMod","Colored Powertips","Minty Spire (QoL Compilation)","Permanent Neow","Quick Restart","Rare Cards Sparkle","Relic Stats","StSLib"],"gold_per_floor":[114,127,11,23,35,35,69,69,69,69,83,108,108,123,123,200,200,217,217,244,294,305,336,336,364,391,402,430,430,430,6,6,82,82,96,114,169,149,166,166,195,195,222,237,237,237,269,294,294,294,294,294,294,0,29,29],"floor_reached":57,"language":"ENG","playtime":3311,"items_purged":["Strike_P","Strike_P"],"score":3452,"play_id":"6dc70030-e47a-41f6-8a1a-23cc314f2a8a","local_time":"20210131043125","is_ascension_mode":true,"campfire_choices":[{"data":"TalkToTheHand","floor":6.0,"key":"SMITH"},{"data":"CutThroughFate","floor":8.0,"key":"SMITH"},{"data":"TalkToTheHand","floor":10.0,"key":"SMITH"},{"data":"JustLucky","floor":13.0,"key":"SMITH"},{"data":"Wallop","floor":15.0,"key":"SMITH"},{"data":"ThirdEye","floor":24.0,"key":"SMITH"},{"data":"Omniscience","floor":29.0,"key":"SMITH"},{"floor":32.0,"key":"DIG"},{"floor":40.0,"key":"DIG"},{"floor":45.0,"key":"RECALL"},{"floor":49.0,"key":"DIG"},{"floor":53,"key":"DIG"}],"circlet_count":0,"master_deck":["AscendersBane","Strike_P","Strike_P","Defend_P","Defend_P","Defend_P","Defend_P","Eruption","Vigilance","Brilliance","FollowUp","JustLucky+1","TalkToTheHand+1","Wallop+1","CutThroughFate+1","TalkToTheHand+1","Weave","JustLucky+1","FearNoEvil+1","Vengeance","Omniscience+1","CrushJoints+1","CutThroughFate+1","Consecrate+1","ThirdEye+1","ReachHeaven+1","Tantrum+1","JustLucky+1","CutThroughFate+1","Master of Strategy","Devotion","EmptyFist+1","Protect","Weave+1","JustLucky+1","ThirdEye+1","EmptyMind","Panache","Nirvana+1","Meditate","Wireheading","JustLucky+1","CutThroughFate+1","FearNoEvil+1"],"relics":["PureWater","Damaru","Molten Egg 2","FossilizedHelix","Philosopher\u0027s Stone","Happy Flower","The Courier","Shovel","Omamori","Membership Card","Bag of Preparation","PreservedInsect","TeardropLocket","Fusion Hammer","Prayer Wheel","Potion Belt","Regal Pillow","Pen Nib","Bottled Lightning","Ice Cream","Nunchaku","Eternal Feather","Medical Kit","Shuriken"],"acts_visited":["Exordium","TheCity","TheBeyond","TheEnding"],"potions_floor_usage":[51,54,55,56,56],"damage_taken":[{"damage":0.0,"enemies":"Cultist","floor":1.0,"turns":2.0},{"damage":0.0,"enemies":"Jaw Worm","floor":2.0,"turns":2.0},{"damage":4.0,"enemies":"2 Louse","floor":4.0,"turns":3.0},{"damage":2.0,"enemies":"2 Fungi Beasts","floor":5.0,"turns":4.0},{"damage":1.0,"enemies":"3 Sentries","floor":7.0,"turns":4.0},{"damage":0.0,"enemies":"Blue Slaver","floor":11.0,"turns":5.0},{"damage":0.0,"enemies":"Gremlin Nob","floor":12.0,"turns":2.0},{"damage":9.0,"enemies":"Exordium Thugs","floor":14.0,"turns":4.0},{"damage":0.0,"enemies":"Slime Boss","floor":16.0,"turns":4.0},{"damage":0.0,"enemies":"Chosen","floor":18.0,"turns":4.0},{"damage":7.0,"enemies":"3 Byrds","floor":22.0,"turns":4.0},{"damage":4.0,"enemies":"Slavers","floor":23.0,"turns":4.0},{"damage":0.0,"enemies":"Gremlin Leader","floor":25.0,"turns":4.0},{"damage":9.0,"enemies":"Snake Plant","floor":27.0,"turns":3.0},{"damage":1.0,"enemies":"Slavers","floor":28.0,"turns":6.0},{"damage":0.0,"enemies":"Champ","floor":33.0,"turns":7.0},{"damage":0.0,"enemies":"3 Darklings","floor":35.0,"turns":3.0},{"damage":0.0,"enemies":"Orb Walker","floor":36.0,"turns":1.0},{"damage":4.0,"enemies":"2 Orb Walkers","floor":37.0,"turns":3.0},{"damage":0.0,"enemies":"3 Darklings","floor":39.0,"turns":2.0},{"damage":0.0,"enemies":"Reptomancer","floor":41.0,"turns":2.0},{"damage":0.0,"enemies":"Spire Growth","floor":44.0,"turns":2.0},{"damage":0.0,"enemies":"Nemesis","floor":47.0,"turns":5.0},{"damage":0.0,"enemies":"Mind Bloom Boss Battle","floor":48.0,"turns":4.0},{"damage":0,"enemies":"Awakened One","floor":50,"turns":8},{"damage":0,"enemies":"Donu and Deca","floor":51,"turns":5},{"damage":44,"enemies":"Shield and Spear","floor":55,"turns":4},{"damage":48,"enemies":"The Heart","floor":56,"turns":7}],"seed_played":"-8754534355002903821","potions_obtained":[{"floor":2.0,"key":"Explosive Potion"},{"floor":5.0,"key":"StancePotion"},{"floor":12.0,"key":"Dexterity Potion"},{"floor":14.0,"key":"SpeedPotion"},{"floor":22.0,"key":"GamblersBrew"},{"floor":25.0,"key":"Energy Potion"},{"floor":33.0,"key":"PowerPotion"},{"floor":36.0,"key":"Dexterity Potion"},{"floor":44.0,"key":"FairyPotion"},{"floor":47.0,"key":"GamblersBrew"}],"is_trial":false,"path_per_floor":["M","M","$","M","M","R","E","R","T","R","M","E","R","M","R","B",null,"M","?","T","?","M","E","R","E","T","M","E","R","?","$","R","B",null,"M","M","?","?","M","R","E","?","T","M","R","?","E","?","R","B","B",null,"R","$","E","B",null],"character_chosen":"WATCHER","items_purchased":["TalkToTheHand","Wallop","Membership Card","Bag of Preparation","JustLucky+1","CutThroughFate+1","PreservedInsect","Master of Strategy","Wireheading","Fruit Juice","DuplicationPotion","Medical Kit","LiquidMemories","JustLucky+1","CutThroughFate+1"],"campfire_rested":0,"item_purchase_floors":[3,3,31,31,31,31,31,31,54,54,54,54,54,54,54],"current_hp_per_floor":[61,61,61,57,55,55,54,54,54,54,54,54,54,45,45,45,58,58,58,58,58,51,47,47,47,47,38,37,37,20,20,20,20,55,55,55,51,51,51,51,51,51,51,51,51,41,41,41,41,41,41,61,61,66,22,21],"gold":29,"neow_bonus":"THREE_RARE_CARDS","is_daily":false,"chose_seed":false,"campfire_upgraded":7,"win_rate":0.0,"timestamp":1612038685,"path_taken":["M","M","?","M","M","R","E","R","T","R","M","E","R","M","R","BOSS","M","?","?","?","M","E","R","E","T","M","E","R","?","$","R","BOSS","M","M","?","?","?","R","E","?","T","M","R","?","E","?","R","BOSS","BOSS","R","$","E","BOSS"],"items_purchased_type":["Card","Card","Relic","Relic","Card","Card","Relic","Card","Card","Potion","Potion","Relic","Potion","Card","Card"],"build_version":"2020-12-22","purchased_purges":2,"victory":true,"max_hp_per_floor":[62,62,62,62,62,62,62,62,62,62,62,62,62,62,62,62,62,62,62,62,62,62,62,62,62,62,62,62,62,67,67,67,67,67,67,67,67,67,67,67,67,67,67,67,67,67,67,67,67,67,67,67,67,72,72,72],"relic_stats":{"Regal Pillow":0,"Happy Flower":[24],"counters":[28,108],"Eternal Feather":0,"PreservedInsect":188,"Pen Nib":[23],"Bag of Preparation":[26],"Medical Kit":[6],"Nunchaku":[16],"Shovel":4,"Shuriken":[14],"Prayer Wheel":2,"obtain_stats":[{"Potion Belt":40,"Ice Cream":48,"Regal Pillow":41,"Happy Flower":20,"Damaru":7,"Eternal Feather":53,"The Courier":23,"PreservedInsect":31,"Pen Nib":43,"Omamori":28,"Bag of Preparation":31,"TeardropLocket":32,"Medical Kit":54,"Nunchaku":49,"Shovel":25,"Shuriken":55,"Molten Egg 2":9,"Philosopher\u0027s Stone":17,"Prayer Wheel":37,"Fusion Hammer":34,"Membership Card":31,"Bottled Lightning":47,"PureWater":0,"FossilizedHelix":12},{"Potion Belt":20,"Ice Cream":24,"Regal Pillow":21,"Happy Flower":10,"Damaru":5,"Eternal Feather":26,"The Courier":12,"PreservedInsect":15,"Pen Nib":21,"Omamori":15,"Bag of Preparation":15,"TeardropLocket":15,"Medical Kit":26,"Nunchaku":24,"Shovel":13,"Shuriken":27,"Molten Egg 2":5,"Philosopher\u0027s Stone":9,"Prayer Wheel":19,"Fusion Hammer":16,"Membership Card":15,"Bottled Lightning":23,"PureWater":0,"FossilizedHelix":7},{"Potion Belt":71,"Ice Cream":84,"Regal Pillow":73,"Happy Flower":34,"Damaru":15,"Eternal Feather":97,"The Courier":42,"PreservedInsect":55,"Pen Nib":73,"Omamori":55,"Bag of Preparation":55,"TeardropLocket":55,"Medical Kit":97,"Nunchaku":84,"Shovel":46,"Shuriken":101,"Molten Egg 2":15,"Philosopher\u0027s Stone":30,"Prayer Wheel":69,"Fusion Hammer":62,"Membership Card":55,"Bottled Lightning":80,"PureWater":0,"FossilizedHelix":22}]},"card_choices":[{"not_picked":["DeusExMachina","Omniscience"],"picked":"Brilliance","floor":0.0},{"not_picked":["InnerPeace","Fasting2"],"picked":"FollowUp","floor":1.0},{"not_picked":["PathToVictory","EmptyMind"],"picked":"JustLucky","floor":2.0},{"not_picked":["BowlingBash","FlurryOfBlows"],"picked":"CutThroughFate","floor":4.0},{"not_picked":["WreathOfFlame","FollowUp"],"picked":"TalkToTheHand","floor":5.0},{"not_picked":["BowlingBash","DeusExMachina"],"picked":"Weave","floor":7.0},{"not_picked":["ClearTheMind","CarveReality+1"],"picked":"JustLucky+1","floor":11.0},{"not_picked":["SignatureMove+1","BowlingBash+1"],"picked":"FearNoEvil+1","floor":12.0},{"not_picked":["Protect","LikeWater"],"picked":"Vengeance","floor":14.0},{"not_picked":["Devotion","Brilliance+1"],"picked":"Omniscience","floor":16.0},{"not_picked":["BowlingBash+1","EmptyBody"],"picked":"CrushJoints+1","floor":18.0},{"not_picked":["Crescendo","Fasting2"],"picked":"Consecrate+1","floor":22.0},{"not_picked":["Pray","ConjureBlade"],"picked":"ThirdEye","floor":23.0},{"not_picked":["Halt","ThirdEye"],"picked":"ReachHeaven+1","floor":25.0},{"not_picked":["EmptyFist+1","Crescendo"],"picked":"Tantrum+1","floor":27.0},{"not_picked":["PathToVictory","SashWhip+1","Ragnarok+1"],"picked":"SKIP","floor":28.0},{"not_picked":["Brilliance+1","Ragnarok+1"],"picked":"Devotion","floor":33.0},{"not_picked":["Study","Halt+1"],"picked":"EmptyFist+1","floor":35.0},{"not_picked":["ForeignInfluence","Study"],"picked":"Protect","floor":36.0},{"not_picked":["Consecrate+1","EmptyMind"],"picked":"Weave+1","floor":39.0},{"not_picked":["Halt","Fasting2"],"picked":"JustLucky+1","floor":39.0},{"not_picked":["Establishment","CrushJoints+1","SashWhip+1"],"picked":"SKIP","floor":41.0},{"not_picked":["BowlingBash+1","ClearTheMind+1"],"picked":"ThirdEye+1","floor":44.0},{"not_picked":["SashWhip+1","Study"],"picked":"EmptyMind","floor":44.0},{"not_picked":["Discovery","Mind Blast+1"],"picked":"Panache","floor":46.0},{"not_picked":["Crescendo+1","JustLucky+1"],"picked":"Nirvana+1","floor":47.0},{"not_picked":["Consecrate+1","EmptyBody"],"picked":"Meditate","floor":48.0},{"not_picked":["DevaForm","CarveReality+1"],"picked":"FearNoEvil+1","floor":55}],"player_experience":1174402,"relics_obtained":[{"floor":7.0,"key":"Damaru"},{"floor":9.0,"key":"Molten Egg 2"},{"floor":12.0,"key":"FossilizedHelix"},{"floor":20.0,"key":"Happy Flower"},{"floor":23.0,"key":"The Courier"},{"floor":25.0,"key":"Shovel"},{"floor":28.0,"key":"Omamori"},{"floor":32.0,"key":"TeardropLocket"},{"floor":37.0,"key":"Prayer Wheel"},{"floor":40.0,"key":"Potion Belt"},{"floor":41.0,"key":"Regal Pillow"},{"floor":43.0,"key":"Pen Nib"},{"floor":47.0,"key":"Bottled Lightning"},{"floor":48.0,"key":"Ice Cream"},{"floor":49.0,"key":"Nunchaku"},{"floor":53,"key":"Eternal Feather"},{"floor":55,"key":"Shuriken"}],"event_choices":[{"damage_healed":0.0,"max_hp_gain":0.0,"max_hp_loss":0.0,"gold_gain":0.0,"event_name":"The Library","player_choice":"Read","floor":19.0,"gold_loss":0.0,"damage_taken":0.0,"cards_obtained":["CutThroughFate"]},{"damage_healed":0.0,"max_hp_gain":0.0,"max_hp_loss":0.0,"gold_gain":50.0,"event_name":"Nest","player_choice":"Stole From Cult","floor":21.0,"gold_loss":0.0,"damage_taken":0.0},{"damage_healed":0.0,"max_hp_gain":5.0,"max_hp_loss":0.0,"gold_gain":0.0,"event_name":"Forgotten Altar","player_choice":"Shed Blood","floor":30.0,"gold_loss":0.0,"damage_taken":22.0},{"damage_healed":0.0,"max_hp_gain":0.0,"max_hp_loss":0.0,"gold_gain":0.0,"event_name":"Mysterious Sphere","player_choice":"Fight","floor":37.0,"gold_loss":0.0,"damage_taken":0.0},{"damage_healed":0.0,"max_hp_gain":0.0,"max_hp_loss":0.0,"gold_gain":0.0,"event_name":"The Woman in Blue","player_choice":"Bought 1 Potion","floor":38.0,"gold_loss":0.0,"damage_taken":0.0},{"damage_healed":0.0,"max_hp_gain":0.0,"max_hp_loss":0.0,"gold_gain":0.0,"event_name":"Tomb of Lord Red Mask","player_choice":"Ignored","floor":42.0,"gold_loss":0.0,"damage_taken":0.0},{"damage_healed":0.0,"max_hp_gain":0.0,"max_hp_loss":0.0,"gold_gain":0.0,"event_name":"SensoryStone","player_choice":"Memory 3","floor":46.0,"gold_loss":0.0,"damage_taken":10.0},{"damage_healed":0.0,"max_hp_gain":0.0,"max_hp_loss":0.0,"gold_gain":0.0,"event_name":"MindBloom","player_choice":"Fight","floor":48.0,"gold_loss":0.0,"damage_taken":0.0}],"is_beta":false,"boss_relics":[{"not_picked":["Runic Dome","Velvet Choker"],"picked":"Philosopher\u0027s Stone"},{"not_picked":["HolyWater","VioletLotus"],"picked":"Fusion Hammer"}],"items_purged_floors":[31,54],"is_endless":false,"potions_floor_spawned":[2,5,12,14,22,25,33,36,44,47,48],"ascension_level":20}}