{"host":"amvb77pwe2wp6zyc","time":1612015659,"event":{"mods":["2.2 Compatiblity","AchievementEnabler","AlwaysNeverKeys","BaseMod","BetterRewards","Downfall","GifTheSpireLib","Minty Spire (QoL Compilation)","Permanent Neow","Quick Restart","Relic Filter","Shop Mod","StSLib","SuperFastMode","Trackpad"],"gold_per_floor":[99,115,128,128,38,48,48,59,59,73,73,73,90,115,128,128,128,128],"floor_reached":16,"language":"DEU","playtime":1868,"items_purged":["Guardian:Strike_Guardian"],"score":129,"play_id":"1f5cd38d-edfa-4059-9500-a2331e9f789a","local_time":"20210130150739","is_ascension_mode":false,"campfire_choices":[{"data":"Guardian:CurlUp","floor":1,"key":"SMITH"},{"data":"Guardian:SentryBeam","floor":12,"key":"SMITH"}],"circlet_count":0,"master_deck":["Guardian:Strike_Guardian","Guardian:Strike_Guardian","Guardian:Defend_Guardian","Guardian:Defend_Guardian","Guardian:Defend_Guardian","Guardian:Defend_Guardian","Guardian:CurlUp+1","Guardian:TwinSlam","Guardian:ArmoredProtocol","Guardian:SentryBeam+1"],"relics":["Guardian:ModeShifter","Unceasing Top","downfall:ShatteredFragment","trackpad:AdjectivePendant","Nunchaku","Shovel"],"acts_visited":["Exordium"],"potions_floor_usage":[],"damage_taken":[{"damage":0,"enemies":"Cultist","floor":2,"turns":5},{"damage":1,"enemies":"Jaw Worm","floor":3,"turns":5},{"damage":5,"enemies":"downfall:FleeingMerchant","floor":5,"turns":4},{"damage":2,"enemies":"Small Slimes","floor":6,"turns":4},{"damage":7,"enemies":"Blue Slaver","floor":8,"turns":3},{"damage":0,"enemies":"Lots of Slimes","floor":10,"turns":4},{"damage":2,"enemies":"2 Fungi Beasts","floor":13,"turns":3},{"damage":0,"enemies":"3 Sentries","floor":14,"turns":8},{"damage":0,"enemies":"3 Louse","floor":15,"turns":3},{"damage":40,"enemies":"SI_SHIV_ARCHETYPE","floor":16,"turns":11}],"seed_played":"-2240567572061312298","potions_obtained":[{"floor":6,"key":"SmokeBomb"},{"floor":8,"key":"Guardian:AcceleratePotion"},{"floor":10,"key":"bronze:BurnAndBuffPotion"}],"is_trial":false,"path_per_floor":["R","M","M","?","$","M","T","M","?","M","?","R","M","E","M","B"],"character_chosen":"GUARDIAN","items_purchased":[],"campfire_rested":0,"item_purchase_floors":[],"current_hp_per_floor":[80,80,79,55,50,48,48,41,41,41,41,41,39,39,39,0,0,0],"gold":128,"neow_bonus":"RANDOM_COMMON_RELIC","is_daily":false,"chose_seed":false,"campfire_upgraded":2,"win_rate":0.0,"timestamp":1612015659,"path_taken":["R","M","M","?","$","M","T","M","?","?","?","R","?","E","M","BOSS"],"items_purchased_type":[],"build_version":"2020-12-22","purchased_purges":1,"victory":false,"max_hp_per_floor":[80,80,80,80,80,80,80,80,80,80,80,80,80,80,80,80,80,80],"card_choices":[{"not_picked":["Guardian:Incinerate","Guardian:Gem_Green","Guardian:Recover"],"picked":"SKIP","floor":2},{"not_picked":["Guardian:PrismaticBeam","Guardian:BronzeOrb"],"picked":"Guardian:ArmoredProtocol","floor":3},{"not_picked":["Guardian:GuardianWhirl","Guardian:DonusPower","Guardian:GatlingBeam"],"picked":"SKIP","floor":5},{"not_picked":["Guardian:ChargeCore","Guardian:TimeCapacitor"],"picked":"Guardian:SentryBeam","floor":6},{"not_picked":["Guardian:Recover","Guardian:Gem_Crimson","Guardian:Planning"],"picked":"SKIP","floor":8},{"not_picked":["Guardian:Planning","Guardian:Clone","Guardian:Emergency"],"picked":"SKIP","floor":10},{"not_picked":["Guardian:Recover","Guardian:Gem_Cyan","Guardian:Planning"],"picked":"SKIP","floor":13},{"not_picked":["Guardian:TimeSifter","Guardian:CrystalBeam","Guardian:TemporalStrike"],"picked":"SKIP","floor":14},{"not_picked":["Guardian:Gem_Lightblue","Guardian:Gem_Red","Guardian:ChargeCore"],"picked":"SKIP","floor":15}],"player_experience":260461,"relics_obtained":[{"floor":7,"key":"trackpad:AdjectivePendant"},{"floor":11,"key":"Nunchaku"},{"floor":14,"key":"Shovel"}],"event_choices":[{"damage_healed":0,"gold_gain":0,"player_choice":"Relic","damage_taken":0,"max_hp_gain":0,"max_hp_loss":0,"event_name":"Wheel of Change","floor":11,"gold_loss":0}],"is_beta":false,"boss_relics":[],"items_purged_floors":[5],"is_endless":false,"potions_floor_spawned":[6,8,10,15],"killed_by":"SI_SHIV_ARCHETYPE","ascension_level":0}}