{"host":"9viy3memdfgcf4vy","time":1612018396,"event":{"mods":["BaseMod","Colored Map","Downfall","Minty Spire (QoL Compilation)","StSLib"],"gold_per_floor":[0,16,31,106,206,206,206,218,280,297,297,313,213,263,273,273,273,273],"floor_reached":16,"language":"ENG","playtime":1098,"items_purged":[],"score":150,"play_id":"9ee27588-a0c9-4338-9ea7-9739e11727eb","local_time":"20210130165316","is_ascension_mode":true,"campfire_choices":[{"data":"Slimebound:TagTeam","floor":1,"key":"SMITH"},{"data":"Slimebound:Split","floor":6,"key":"SMITH"},{"floor":11,"key":"RECALL"},{"data":"Slimebound:SlimeSpikes","floor":13,"key":"SMITH"}],"circlet_count":0,"master_deck":["AscendersBane","Slimebound:Strike_Slimebound","Slimebound:Strike_Slimebound","Slimebound:Strike_Slimebound","Slimebound:Tackle","Slimebound:Defend_Slimebound","Slimebound:Defend_Slimebound","Slimebound:Defend_Slimebound","Slimebound:Defend_Slimebound","Slimebound:Split+1","Slimebound:CorrosiveSpit","Slimebound:TagTeam+1","Slimebound:SamplingLick","Slimebound:SlimeSpikes+1","Slimebound:SamplingLick","Slimebound:HauntingLick","Slimebound:SlimeBarrage","Slimebound:RallyTheTroops","Slimebound:Prepare"],"relics":["Slimebound:AbsorbEndCombat","downfall:CloakOfManyFaces","CultistMask","FaceOfCleric","NlothsMask","GremlinMask","SsserpentHead","downfall:HeartBlessingRed"],"acts_visited":["Exordium"],"potions_floor_usage":[16,16],"damage_taken":[{"damage":7,"enemies":"Jaw Worm","floor":2,"turns":2},{"damage":6,"enemies":"Small Slimes","floor":3,"turns":3},{"damage":9,"enemies":"downfall:FaceTrader","floor":5,"turns":6},{"damage":0,"enemies":"Cultist","floor":8,"turns":4},{"damage":0,"enemies":"Large Slime","floor":9,"turns":3},{"damage":7,"enemies":"2 Fungi Beasts","floor":10,"turns":4},{"damage":21,"enemies":"Exordium Thugs","floor":12,"turns":4},{"damage":8,"enemies":"Blue Slaver","floor":15,"turns":3},{"damage":62,"enemies":"DF_ARCHETYPE_STREAMLINE","floor":16,"turns":9}],"seed_played":"-4977972303494287068","potions_obtained":[{"floor":2,"key":"bronze:BurnAndBuffPotion"},{"floor":8,"key":"BlessingOfTheForge"}],"is_trial":false,"path_per_floor":["R","M","M","?","?","R","T","M","M","M","R","M","R","?","M","B"],"character_chosen":"SLIMEBOUND","items_purchased":[],"campfire_rested":0,"item_purchase_floors":[],"current_hp_per_floor":[59,54,52,52,45,45,45,50,53,53,53,37,37,37,34,0,0,0],"gold":273,"neow_bonus":"THREE_RARE_CARDS","is_daily":false,"chose_seed":false,"campfire_upgraded":3,"win_rate":0.0,"timestamp":1612018396,"path_taken":["R","M","M","?","?","R","T","M","?","M","R","M","R","?","M","BOSS"],"items_purchased_type":[],"build_version":"2020-12-22","purchased_purges":0,"victory":false,"max_hp_per_floor":[65,65,65,65,65,65,65,66,67,68,68,69,69,69,70,70,70,70],"card_choices":[{"not_picked":["Slimebound:OozeBath","Slimebound:DouseInSlime"],"picked":"Slimebound:TagTeam","floor":0},{"not_picked":["Slimebound:Prepare","Slimebound:GoopTackle"],"picked":"Slimebound:SamplingLick","floor":2},{"not_picked":["Slimebound:GoopTackle","Slimebound:SlimeBrawl"],"picked":"Slimebound:SlimeSpikes","floor":3},{"not_picked":["Slimebound:RollThrough","Slimebound:ComboTackle"],"picked":"Slimebound:SamplingLick","floor":5},{"not_picked":["Slimebound:ComboTackle","Slimebound:SplitAcid"],"picked":"Slimebound:HauntingLick","floor":8},{"not_picked":["Slimebound:SplitLeeching","Slimebound:Prepare"],"picked":"Slimebound:SlimeBarrage","floor":9},{"not_picked":["Slimebound:SpikyOuterGoop","Slimebound:Nibble"],"picked":"Slimebound:RallyTheTroops","floor":10},{"not_picked":["Slimebound:LeechEnergy","Slimebound:RejuvenatingLick","Slimebound:RollThrough"],"picked":"SKIP","floor":12},{"not_picked":["Slimebound:LeechingTouch","Slimebound:TongueLash"],"picked":"Slimebound:Prepare","floor":15}],"player_experience":426870,"relics_obtained":[{"floor":5,"key":"downfall:CloakOfManyFaces"}],"event_choices":[],"is_beta":false,"boss_relics":[],"items_purged_floors":[],"is_endless":false,"potions_floor_spawned":[2,8],"killed_by":"DF_ARCHETYPE_STREAMLINE","ascension_level":12}}