{"host":"zxkjcgzis4pm3za5","time":1612013331,"event":{"mods":["AchievementEnabler","Act Like it!","BaseMod","Colored Map","Colored Powertips","Friendly Minions","GifTheSpireLib","Minty Spire (QoL Compilation)","Quick Restart","RNG Fix","Random Character Button","Relic Filter Mod","Relic Sorter","Relic Stats","StSLib"],"gold_per_floor":[119,134,134,134,209,209,111,136,136,136,136],"floor_reached":10,"language":"ENG","playtime":610,"items_purged":[],"score":122,"play_id":"f3f9eaa1-e197-476a-a68d-f65809143bee","local_time":"20210130185851","is_ascension_mode":true,"campfire_choices":[{"data":"Neutralize","floor":6,"key":"SMITH"}],"circlet_count":0,"master_deck":["AscendersBane","Strike_G","Strike_G","Strike_G","Strike_G","Defend_G","Defend_G","Defend_G","Defend_G","Defend_G","Survivor","Neutralize+1","Flying Knee","Acrobatics","Blade Dance","Masterful Stab","Malaise"],"relics":["Ring of the Snake","Omamori","Turnip","Blue Candle","Meat on the Bone"],"acts_visited":["Exordium"],"potions_floor_usage":[8,10],"damage_taken":[{"damage":2,"enemies":"Jaw Worm","floor":1,"turns":5},{"damage":2,"enemies":"2 Louse","floor":2,"turns":4},{"damage":19,"enemies":"Lagavulin","floor":8,"turns":4},{"damage":28,"enemies":"3 Sentries","floor":10,"turns":9}],"seed_played":"-5808006410576376881","potions_obtained":[{"floor":1,"key":"SteroidPotion"},{"floor":2,"key":"BlessingOfTheForge"}],"is_trial":false,"path_per_floor":["M","M","?","?","?","R","$","E","T","E"],"character_chosen":"THE_SILENT","items_purchased":["Blade Dance","Masterful Stab"],"campfire_rested":0,"item_purchase_floors":[7,7],"current_hp_per_floor":[57,55,55,55,44,44,44,25,25,0,0],"gold":136,"neow_bonus":"RANDOM_COMMON_RELIC","is_daily":false,"chose_seed":false,"campfire_upgraded":1,"win_rate":0.0,"timestamp":1612013331,"path_taken":["M","M","?","?","?","R","$","E","T","E"],"items_purchased_type":["Card","Card"],"build_version":"2020-12-22","purchased_purges":0,"victory":false,"max_hp_per_floor":[66,66,66,66,66,66,66,66,66,66,66],"relic_stats":{"counters":[4,22],"Blue Candle":[0],"Turnip":[0],"obtain_stats":[{"Blue Candle":8,"Turnip":4,"Omamori":0,"Ring of the Snake":0,"Meat on the Bone":9},{"Blue Candle":3,"Turnip":2,"Omamori":0,"Ring of the Snake":0,"Meat on the Bone":3},{"Blue Candle":13,"Turnip":9,"Omamori":0,"Ring of the Snake":0,"Meat on the Bone":13}],"Ring of the Snake":[8],"Meat on the Bone":0},"card_choices":[{"not_picked":["Riddle With Holes","Dagger Throw"],"picked":"Flying Knee","floor":1},{"not_picked":["Choke","Flying Knee"],"picked":"Acrobatics","floor":2},{"not_picked":["Backflip","Dash"],"picked":"Malaise","floor":8}],"player_experience":293678,"relics_obtained":[{"floor":8,"key":"Blue Candle"},{"floor":9,"key":"Meat on the Bone"}],"event_choices":[{"cards_removed":["Strike_G"],"damage_healed":0,"gold_gain":0,"player_choice":"Card Removal","damage_taken":0,"max_hp_gain":0,"max_hp_loss":0,"event_name":"Wheel of Change","floor":3,"gold_loss":0},{"damage_healed":0,"gold_gain":0,"player_choice":"Box","damage_taken":0,"relics_obtained":["Turnip"],"max_hp_gain":0,"max_hp_loss":0,"event_name":"Big Fish","floor":4,"gold_loss":0,"cards_obtained":["Regret"]},{"damage_healed":0,"gold_gain":75,"player_choice":"Gather Gold","damage_taken":11,"max_hp_gain":0,"max_hp_loss":0,"event_name":"World of Goop","floor":5,"gold_loss":0}],"is_beta":false,"boss_relics":[],"items_purged_floors":[],"is_endless":false,"potions_floor_spawned":[1,2],"killed_by":"3 Sentries","ascension_level":18}}