{"host":"9gwavclf33b2mpxe","time":1612014168,"event":{"mods":["BaseMod","Bestiary","Block Reminder","Colored Map","Colored Powertips","Downfall","Highlight Path","Minty Spire (QoL Compilation)","Permanent Neow","Quick Restart","Relic Stats","StSLib","SuperFastMode"],"gold_per_floor":[99,110,126,138,238,252,303,336,186,202,202,112,12,38,49,154,154,154,164,7,25,25,58,58,89,107,117,148,48,129,129,142,245,245,145,164,164,90,90,103,103,131,148,193,222,222,237,91,104,104,104,130,5,5,5,5],"floor_reached":57,"language":"ENG","playtime":3641,"items_purged":["champ:Shatter","champ:Defend","champ:Defend"],"score":1387,"play_id":"6d32a018-3c91-48e6-96f0-d4183126334a","local_time":"20210130214248","is_ascension_mode":false,"campfire_choices":[{"data":"champ:Taunt","floor":1,"key":"SMITH"},{"floor":11,"key":"RECALL"},{"data":"champ:BladeFlurry","floor":13,"key":"SMITH"},{"data":"champ:Endure","floor":18,"key":"SMITH"},{"data":"champ:GladiatorStyle","floor":29,"key":"SMITH"},{"data":"champ:GladiatorForm","floor":35,"key":"SMITH"},{"data":"champ:GladiatorStyle","floor":46,"key":"SMITH"},{"floor":54,"key":"REST"}],"circlet_count":0,"master_deck":["champ:Strike","champ:Strike","champ:Strike","champ:Strike","champ:Defend","champ:Defend","champ:Execute","champ:Taunt+1","champ:AdrenalArmor+1","champ:BladeFlurry+1","champ:GladiatorStyle+1","champ:BladeFlurry+1","champ:RapidStrikes","champ:Endure+1","champ:ShieldWall","champ:DeathBlow","champ:HeavySlash","champ:GladiatorStyle+1","champ:ShieldSlam+1","champ:PerfectedStrike","champ:PerfectedStrike","champ:BladeFlurry","champ:PerfectedStrike+1","Writhe","champ:BladeFlurry+1","champ:GladiatorForm+1","champ:GladiatorStyle","champ:EnchantSword","champ:BladeFlurry+1","champ:BladeFlurry+1","champ:BladeFlurry+1","champ:BladeFlurry+1","champ:SwordSigil"],"relics":["expansioncontent:StudyCardRelic","CloakClasp","champ:DefensiveTrainingManual","Vajra","downfall:HeartBlessingRed","champ:SpectersHand","Black Star","Meat on the Bone","Red Mask","Ice Cream","CaptainsWheel","Unceasing Top","Slimebound:PreparedRelic","downfall:HeartBlessingGreen","Oddly Smooth Stone","War Paint","Velvet Choker","downfall:HeartBlessingBlue","MealTicket","hexamod:CandleOfCauterizing","HornCleat","StoneCalendar","Question Card","White Beast Statue","HandDrill","Guardian:PocketSentry","Ornamental Fan"],"acts_visited":["Exordium","TheCity","TheBeyond","TheEnding"],"potions_floor_usage":[42,44,45,50,56,56],"damage_taken":[{"damage":21,"enemies":"Jaw Worm","floor":2,"turns":3},{"damage":14,"enemies":"2 Louse","floor":3,"turns":2},{"damage":11,"enemies":"Cultist","floor":4,"turns":4},{"damage":25,"enemies":"Cultist","floor":5,"turns":6},{"damage":17,"enemies":"Exordium Thugs","floor":6,"turns":3},{"damage":0,"enemies":"Lagavulin","floor":8,"turns":4},{"damage":0,"enemies":"Exordium Wildlife","floor":10,"turns":3},{"damage":0,"enemies":"downfall:FleeingMerchant","floor":12,"turns":4},{"damage":9,"enemies":"3 Sentries","floor":14,"turns":4},{"damage":10,"enemies":"2 Fungi Beasts","floor":15,"turns":3},{"damage":24,"enemies":"SI_SHIV_ARCHETYPE","floor":16,"turns":5},{"damage":0,"enemies":"Spheric Guardian","floor":19,"turns":2},{"damage":23,"enemies":"downfall:FleeingMerchant","floor":20,"turns":4},{"damage":0,"enemies":"Chosen and Byrds","floor":21,"turns":4},{"damage":3,"enemies":"Masked Bandits","floor":23,"turns":3},{"damage":17,"enemies":"Book of Stabbing","floor":25,"turns":5},{"damage":0,"enemies":"Sentry and Sphere","floor":26,"turns":2},{"damage":36,"enemies":"Shelled Parasite and Fungi","floor":27,"turns":4},{"damage":46,"enemies":"Slavers","floor":28,"turns":6},{"damage":22,"enemies":"downfall:FleeingMerchant","floor":30,"turns":4},{"damage":3,"enemies":"Snake Plant","floor":32,"turns":3},{"damage":10,"enemies":"IC_MUSHROOM_ARCHETYPE","floor":33,"turns":5},{"damage":10,"enemies":"3 Darklings","floor":36,"turns":6},{"damage":21,"enemies":"3 Shapes","floor":40,"turns":3},{"damage":19,"enemies":"Nemesis","floor":42,"turns":5},{"damage":13,"enemies":"Sphere and 2 Shapes","floor":43,"turns":5},{"damage":8,"enemies":"2 Orb Walkers","floor":44,"turns":4},{"damage":27,"enemies":"Giant Head","floor":45,"turns":5},{"damage":20,"enemies":"4 Shapes","floor":47,"turns":3},{"damage":4,"enemies":"Transient","floor":49,"turns":5},{"damage":62,"enemies":"WA_ARCHETYPE_DIVINITY","floor":50,"turns":7},{"damage":106,"enemies":"downfall:CharBossMerchant","floor":52,"turns":7},{"damage":48,"enemies":"downfall:NeowBoss","floor":55,"turns":10},{"damage":79,"enemies":"downfall:NeowBossFinal","floor":56,"turns":7}],"seed_played":"8607387311239381507","potions_obtained":[{"floor":3,"key":"FearPotion"},{"floor":4,"key":"GamblersBrew"},{"floor":15,"key":"LiquidMemories"},{"floor":26,"key":"Dexterity Potion"},{"floor":32,"key":"LiquidBronze"},{"floor":33,"key":"Regen Potion"},{"floor":42,"key":"SteroidPotion"},{"floor":44,"key":"DistilledChaos"},{"floor":47,"key":"champ:CounterPotion"},{"floor":49,"key":"champ:TechniquePotion"},{"floor":52,"key":"SteroidPotion"}],"is_trial":false,"path_per_floor":["R","M","M","M","?","M","T","E","?","M","R","$","R","E","M","B",null,"R","M","$","M","T","?","T","E","M","M","E","R","$","?","M","B",null,"R","M","?","$","?","M","T","E","M","?","E","R","M","$","M","B",null,"E","$","R","B","B",null],"character_chosen":"THE_CHAMP","items_purchased":["champ:ShieldWall","champ:GladiatorStyle","Oddly Smooth Stone","champ:GladiatorStyle","HandDrill"],"campfire_rested":1,"item_purchase_floors":[12,20,30,38,48],"current_hp_per_floor":[90,84,80,79,74,67,67,67,100,100,100,100,100,91,86,82,100,100,100,97,97,97,94,94,77,77,73,39,39,54,54,51,63,100,110,110,110,110,102,91,91,84,81,73,68,68,70,85,81,31,110,36,51,84,78,56],"gold":5,"neow_bonus":"BOSS_RELIC","is_daily":false,"chose_seed":false,"campfire_upgraded":6,"win_rate":0.0,"timestamp":1612014168,"path_taken":["R","M","M","M","?","M","T","E","?","M","R","$","R","E","M","BOSS","R","M","?","M","?","?","T","E","?","M","E","R","$","?","M","BOSS","R","M","?","$","?","M","T","E","?","?","E","R","M","$","M","BOSS","E","$","R","BOSS","BOSS"],"items_purchased_type":["Card","Card","Relic","Card","Relic"],"build_version":"2020-12-22","purchased_purges":3,"victory":true,"max_hp_per_floor":[90,90,90,90,90,90,90,90,100,100,100,100,100,100,100,100,100,100,100,100,100,100,100,100,100,100,100,100,100,100,100,100,100,100,110,110,110,110,110,110,110,110,110,110,110,110,110,110,110,110,110,110,110,110,110,110],"relic_stats":{"counters":[34,150],"Ornamental Fan":[44],"MealTicket":30,"StoneCalendar":[46],"CloakClasp":[266],"Black Star":5,"HandDrill":[30],"War Paint":["champ:AdrenalArmor","champ:ArenaPreparation"],"Question Card":3,"obtain_stats":[{"Ice Cream":25,"Vajra":8,"champ:ChampionCrown":0,"downfall:HeartBlessingGreen":29,"StoneCalendar":44,"expansioncontent:StudyCardRelic":0,"CloakClasp":5,"HornCleat":42,"champ:DefensiveTrainingManual":7,"downfall:HeartBlessingBlue":35,"MealTicket":41,"Red Mask":23,"HandDrill":48,"hexamod:CandleOfCauterizing":42,"downfall:HeartBlessingRed":13,"Oddly Smooth Stone":30,"Velvet Choker":34,"Guardian:PocketSentry":52,"War Paint":31,"Question Card":45,"White Beast Statue":45,"CaptainsWheel":25,"Ornamental Fan":52,"Slimebound:PreparedRelic":28,"Black Star":17,"champ:SpectersHand":14,"Unceasing Top":28,"Meat on the Bone":22},{"Ice Cream":16,"Vajra":6,"champ:ChampionCrown":0,"downfall:HeartBlessingGreen":19,"StoneCalendar":27,"expansioncontent:StudyCardRelic":0,"CloakClasp":4,"HornCleat":25,"champ:DefensiveTrainingManual":5,"downfall:HeartBlessingBlue":22,"MealTicket":24,"Red Mask":15,"HandDrill":29,"hexamod:CandleOfCauterizing":25,"downfall:HeartBlessingRed":8,"Oddly Smooth Stone":20,"Velvet Choker":22,"Guardian:PocketSentry":32,"War Paint":20,"Question Card":28,"White Beast Statue":28,"CaptainsWheel":16,"Ornamental Fan":32,"Slimebound:PreparedRelic":19,"Black Star":11,"champ:SpectersHand":9,"Unceasing Top":19,"Meat on the Bone":14},{"Ice Cream":59,"Vajra":22,"champ:ChampionCrown":0,"downfall:HeartBlessingGreen":71,"StoneCalendar":106,"expansioncontent:StudyCardRelic":0,"CloakClasp":15,"HornCleat":97,"champ:DefensiveTrainingManual":18,"downfall:HeartBlessingBlue":83,"MealTicket":92,"Red Mask":54,"HandDrill":114,"hexamod:CandleOfCauterizing":97,"downfall:HeartBlessingRed":29,"Oddly Smooth Stone":75,"Velvet Choker":83,"Guardian:PocketSentry":133,"War Paint":75,"Question Card":111,"White Beast Statue":111,"CaptainsWheel":59,"Ornamental Fan":133,"Slimebound:PreparedRelic":71,"Black Star":41,"champ:SpectersHand":33,"Unceasing Top":71,"Meat on the Bone":51}],"Unceasing Top":[1],"Meat on the Bone":120},"card_choices":[{"not_picked":["champ:CrownThrow","champ:EnGarde"],"picked":"champ:Shatter","floor":2},{"not_picked":["champ:FlashCut","champ:StanceDance"],"picked":"champ:AdrenalArmor","floor":3},{"not_picked":["champ:PreciseThrust","champ:FlashCut"],"picked":"champ:BladeFlurry","floor":4},{"not_picked":["champ:Shatter","champ:CrookedStrike"],"picked":"champ:GladiatorStyle","floor":5},{"not_picked":["champ:SetATrap","champ:TornadoPunch"],"picked":"champ:BladeFlurry","floor":6},{"not_picked":["champ:Backstep","champ:Haymaker"],"picked":"champ:RapidStrikes","floor":8},{"not_picked":["champ:EnGarde","champ:AdrenalArmor","champ:SwordThrow"],"picked":"SKIP","floor":10},{"not_picked":["champ:PreciseThrust","champ:EnGarde"],"picked":"champ:Endure","floor":12},{"not_picked":["champ:AdrenalArmor","champ:RecklessLeap","champ:DefensiveStyle"],"picked":"SKIP","floor":14},{"not_picked":["champ:Haymaker","champ:BringItOn"],"picked":"champ:DeathBlow","floor":15},{"not_picked":["champ:ShieldThrow","champ:IgnorePain"],"picked":"champ:HeavySlash","floor":16},{"not_picked":["champ:DeathBlow","champ:Circumvent","champ:Haymaker"],"picked":"SKIP","floor":19},{"not_picked":["champ:PreciseThrust","champ:CalledShot","champ:DancingMaster"],"picked":"SKIP","floor":20},{"not_picked":["champ:GutPunch+1","champ:FlashCut","champ:HeartStrike"],"picked":"SKIP","floor":21},{"not_picked":["champ:Circumvent","champ:PerfectedStrike"],"picked":"champ:ShieldSlam+1","floor":23},{"not_picked":["champ:DefensiveShout+1","champ:CrownThrow"],"picked":"champ:PerfectedStrike","floor":25},{"not_picked":["champ:GutPunch","champ:DeathBlow"],"picked":"champ:PerfectedStrike","floor":26},{"not_picked":["champ:FanOfKnives","champ:LastStand"],"picked":"champ:BladeFlurry","floor":27},{"not_picked":["champ:Haymaker","champ:IronFortress"],"picked":"champ:ArenaPreparation","floor":28},{"not_picked":["champ:PreciseThrust","champ:Lariat"],"picked":"champ:PerfectedStrike+1","floor":30},{"not_picked":["champ:BerserkersShout","champ:RecklessLeap"],"picked":"champ:BladeFlurry+1","floor":32},{"not_picked":["champ:UltimateStance","champ:DancingMaster"],"picked":"champ:GladiatorForm","floor":33},{"not_picked":["champ:RecklessLeap","champ:Haymaker","champ:RageSigil+1"],"picked":"SKIP","floor":36},{"not_picked":["champ:AdrenalArmor","champ:Backstep+1","champ:BringItOn+1"],"picked":"SKIP","floor":40},{"not_picked":["champ:BringItOn","champ:FocusedBerserking+1"],"picked":"champ:EnchantSword","floor":42},{"not_picked":["champ:EnGarde","champ:CalledShot"],"picked":"champ:BladeFlurry+1","floor":43},{"not_picked":["champ:EnGarde","champ:Haymaker"],"picked":"champ:BladeFlurry+1","floor":44},{"not_picked":["champ:Duel+1","champ:LastStand"],"picked":"champ:BladeFlurry+1","floor":45},{"not_picked":["champ:FanOfKnives","champ:HeartStrike","champ:Haymaker"],"picked":"champ:BladeFlurry+1","floor":47},{"not_picked":["champ:TornadoPunch","champ:ViciousMockery","champ:ShieldSlam+1","champ:Duel+1"],"picked":"SKIP","floor":49},{"not_picked":["champ:FlashCut+1","champ:ShieldSigil+1","champ:Endure+1"],"picked":"champ:SwordSigil","floor":52}],"player_experience":142662,"relics_obtained":[{"floor":5,"key":"CloakClasp"},{"floor":7,"key":"champ:DefensiveTrainingManual"},{"floor":8,"key":"Vajra"},{"floor":14,"key":"champ:SpectersHand"},{"floor":22,"key":"Meat on the Bone"},{"floor":23,"key":"Red Mask"},{"floor":25,"key":"Ice Cream"},{"floor":25,"key":"CaptainsWheel"},{"floor":28,"key":"Unceasing Top"},{"floor":28,"key":"Slimebound:PreparedRelic"},{"floor":41,"key":"MealTicket"},{"floor":42,"key":"hexamod:CandleOfCauterizing"},{"floor":42,"key":"HornCleat"},{"floor":44,"key":"StoneCalendar"},{"floor":45,"key":"Question Card"},{"floor":45,"key":"White Beast Statue"},{"floor":52,"key":"Guardian:PocketSentry"},{"floor":52,"key":"Ornamental Fan"}],"event_choices":[{"damage_healed":0,"gold_gain":0,"player_choice":"Fought Bandits","damage_taken":0,"max_hp_gain":0,"max_hp_loss":0,"event_name":"Masked Bandits","floor":23,"gold_loss":0},{"damage_healed":0,"gold_gain":0,"player_choice":"Fight","damage_taken":0,"max_hp_gain":0,"max_hp_loss":0,"event_name":"Mysterious Sphere","floor":44,"gold_loss":0}],"is_beta":false,"boss_relics":[{"not_picked":["Coffee Dripper","Runic Dome"],"picked":"Black Star"},{"not_picked":["Empty Cage","Sozu"],"picked":"Velvet Choker"}],"items_purged_floors":[20,30,53],"is_endless":false,"potions_floor_spawned":[3,4,15,16,25,26,27,32,33,42,44,47,49,52],"ascension_level":0}}