{"host":"7iv10lxbxedtd0qh","time":1612035232,"event":{"mods":["BaseMod","Colored Map","Colored Powertips","Downfall","Minty Spire (QoL Compilation)","StSLib"],"gold_per_floor":[99,115,145,159,29,29,29,29,45,45,58,87,102,14,24,119,119,19,39,39,39,53,73,73,120,151,163,205,217,242,274,305,414,426,338,369,392,415,168,168,168,153,53,70,70,81,99,148,166,166,166,191,34,34,34,34],"floor_reached":57,"language":"ENG","playtime":5288,"items_purged":["Guardian:Strike_Guardian","Guardian:Strike_Guardian"],"score":1194,"play_id":"9207ad4d-dc48-42eb-9a0b-739bfb4e8e68","local_time":"20210130203352","is_ascension_mode":true,"campfire_choices":[{"floor":1.0,"key":"RECALL"},{"data":"Guardian:TemporalStrike","floor":6.0,"key":"SMITH"},{"data":"Guardian:TemporalStrike","floor":8.0,"key":"SMITH"},{"data":"Guardian:FuturePlans","floor":10.0,"key":"SMITH"},{"data":"Blind","floor":18.0,"key":"SMITH"},{"data":"Guardian:TwinSlam","floor":27.0,"key":"SMITH"},{"data":"Guardian:TimeSifter","floor":35.0,"key":"SMITH"},{"data":"expansioncontent:QuickStudy","floor":40.0,"key":"SMITH"},{"data":"Guardian:Planning","floor":43.0,"key":"SMITH"},{"floor":54.0,"key":"REST"}],"circlet_count":0,"master_deck":["Guardian:Defend_Guardian+1","Guardian:Defend_Guardian+1","Guardian:Defend_Guardian","Guardian:Defend_Guardian","Guardian:CurlUp","Guardian:TwinSlam+1","Blind+1","Guardian:TemporalStrike+1","Guardian:Reroute","Guardian:FuturePlans+1","Guardian:TemporalStrike+1","Bandage Up","Guardian:TimeCapacitor","Guardian:PiercingHide","Guardian:VentSteam","Guardian:TimeSifter+1","Guardian:ShieldCharger","Guardian:Orbwalk+1","Guardian:BronzeOrb","Guardian:Planning+1","Guardian:TemporalStrike+1","expansioncontent:QuickStudy+1","Guardian:Planning","Guardian:AncientConstruct","Guardian:SphericShield","Guardian:SentryBeam","expansioncontent:LastStand"],"relics":["Guardian:ModeShifter","War Paint","Bottled Lightning","SlaversCollar","downfall:HeartBlessingRed","MawBank","Mummified Hand","Kunai","Busted Crown","downfall:HeartBlessingGreen","downfall:HeartBlessingBlue","Orichalcum"],"acts_visited":["Exordium","TheCity","TheBeyond","TheEnding"],"potions_floor_usage":[56],"damage_taken":[{"damage":2.0,"enemies":"2 Louse","floor":2.0,"turns":4.0},{"damage":2.0,"enemies":"Cultist","floor":4.0,"turns":4.0},{"damage":0.0,"enemies":"downfall:FleeingMerchant","floor":5.0,"turns":4.0},{"damage":8.0,"enemies":"Small Slimes","floor":9.0,"turns":4.0},{"damage":7.0,"enemies":"Red Slaver","floor":11.0,"turns":4.0},{"damage":15.0,"enemies":"3 Sentries","floor":12.0,"turns":9.0},{"damage":0.0,"enemies":"Gremlin Gang","floor":13.0,"turns":3.0},{"damage":2.0,"enemies":"downfall:FleeingMerchant","floor":14.0,"turns":4.0},{"damage":0.0,"enemies":"Blue Slaver","floor":15.0,"turns":4.0},{"damage":41.0,"enemies":"WA_ARCHETYPE_RETAIN","floor":16.0,"turns":10.0},{"damage":0.0,"enemies":"3 Byrds","floor":19.0,"turns":6.0},{"damage":1.0,"enemies":"Chosen","floor":22.0,"turns":6.0},{"damage":15.0,"enemies":"Centurion and Healer","floor":23.0,"turns":6.0},{"damage":12.0,"enemies":"Slavers","floor":25.0,"turns":7.0},{"damage":7.0,"enemies":"Snecko","floor":26.0,"turns":6.0},{"damage":8.0,"enemies":"Book of Stabbing","floor":28.0,"turns":6.0},{"damage":1.0,"enemies":"Shelled Parasite and Fungi","floor":30.0,"turns":6.0},{"damage":4.0,"enemies":"Sentry and Sphere","floor":31.0,"turns":7.0},{"damage":0.0,"enemies":"Snecko","floor":32.0,"turns":6.0},{"damage":22.0,"enemies":"SI_MIRROR_ARCHETYPE","floor":33.0,"turns":12.0},{"damage":5.0,"enemies":"Orb Walker","floor":36.0,"turns":5.0},{"damage":7.0,"enemies":"3 Darklings","floor":37.0,"turns":7.0},{"damage":14.0,"enemies":"Transient","floor":38.0,"turns":5.0},{"damage":0.0,"enemies":"downfall:FleeingMerchant","floor":39.0,"turns":4.0},{"damage":0.0,"enemies":"downfall:FleeingMerchant","floor":42.0,"turns":4.0},{"damage":11.0,"enemies":"Jaw Worm Horde","floor":44.0,"turns":7.0},{"damage":12.0,"enemies":"3 Darklings","floor":46.0,"turns":6.0},{"damage":25.0,"enemies":"Transient","floor":47.0,"turns":5.0},{"damage":0.0,"enemies":"downfall:FleeingMerchant","floor":48.0,"turns":4.0},{"damage":5.0,"enemies":"4 Shapes","floor":49.0,"turns":8.0},{"damage":49.0,"enemies":"DF_ARCHETYPE_ORBS","floor":50.0,"turns":15.0},{"damage":63.0,"enemies":"downfall:CharBossMerchant","floor":52.0,"turns":10.0},{"damage":29,"enemies":"downfall:NeowBoss","floor":55,"turns":17},{"damage":46,"enemies":"downfall:NeowBossFinal","floor":56,"turns":12}],"seed_played":"-6975781971167101395","potions_obtained":[{"floor":9.0,"key":"Ancient Potion"},{"floor":11.0,"key":"CultistPotion"},{"floor":12.0,"key":"Explosive Potion"},{"floor":15.0,"key":"Dexterity Potion"},{"floor":16.0,"key":"hexamod:SoulburnPotion"},{"floor":28.0,"key":"LiquidMemories"},{"floor":29.0,"key":"Slimebound:ThreeZeroPotion"},{"floor":33.0,"key":"DistilledChaos"},{"floor":36.0,"key":"Fire Potion"},{"floor":44.0,"key":"Energy Potion"},{"floor":49.0,"key":"Swift Potion"},{"floor":52.0,"key":"SteroidPotion"}],"is_trial":false,"path_per_floor":["R","M","?","M","$","R","T","R","M","R","M","E","M","$","M","B",null,"R","M","?","?","M","M","T","E","M","R","E","?","M","M","M","B",null,"R","M","M","M","$","R","T","$","R","M","?","M","M","$","M","B",null,"E","$","R","B","B",null],"character_chosen":"GUARDIAN","items_purchased":["Guardian:TemporalStrike","Bandage Up","Guardian:Gem_Yellow","expansioncontent:QuickStudy","Guardian:Planning","Guardian:AncientConstruct","Guardian:SentryBeam","expansioncontent:LastStand"],"campfire_rested":1,"item_purchase_floors":[5,5,14,39,48,48,53,53],"current_hp_per_floor":[80,78,78,76,76,76,76,76,72,72,69,58,62,64,68,31,80,80,80,80,80,80,69,69,61,58,58,54,54,57,57,61,43,80,80,79,73,63,67,67,67,71,81,74,74,66,45,49,48,3,90,31,31,58,33,30],"gold":34,"neow_bonus":"RANDOM_COLORLESS","is_daily":false,"chose_seed":false,"campfire_upgraded":8,"win_rate":0.0,"timestamp":1612035232,"path_taken":["R","M","?","M","$","R","T","R","M","R","M","E","M","$","M","BOSS","R","M","?","?","M","?","T","E","M","R","E","?","M","M","M","BOSS","R","M","M","M","$","R","T","$","R","M","?","?","M","$","M","BOSS","E","$","R","BOSS","BOSS"],"items_purchased_type":["Card","Card","Card","Card","Card","Card","Card","Card"],"build_version":"2020-12-22","purchased_purges":2,"victory":true,"max_hp_per_floor":[80,80,80,80,80,80,80,80,80,80,80,80,80,80,80,80,80,80,80,80,80,80,80,80,80,80,80,80,80,80,80,80,80,80,80,80,80,80,80,80,80,80,90,90,90,90,90,90,90,90,90,90,90,90,90,90],"card_choices":[{"not_picked":["Trip","Mind Blast"],"picked":"Blind","floor":0.0},{"not_picked":["Guardian:Gem_Cyan","Guardian:Recover"],"picked":"Guardian:TemporalStrike","floor":2.0},{"not_picked":["Guardian:DonusPower","Guardian:Gem_Red"],"picked":"Guardian:Reroute","floor":4.0},{"not_picked":["Guardian:RefractedBeam","Guardian:PiercingHide"],"picked":"Guardian:FuturePlans","floor":5.0},{"not_picked":["Guardian:ShieldCharger","Guardian:Reroute"],"picked":"Guardian:TimeCapacitor","floor":9.0},{"not_picked":["Guardian:Gem_Cyan","Guardian:PrimingBeam"],"picked":"Guardian:Gem_Crimson","floor":11.0},{"not_picked":["Guardian:GuardianWhirl","Guardian:PrimingBeam"],"picked":"Guardian:Gem_Purple","floor":12.0},{"not_picked":["Guardian:BodySlam","Guardian:Gem_Lightblue"],"picked":"Guardian:Gem_White","floor":13.0},{"not_picked":["Guardian:PrimingBeam","Guardian:ShieldCharger"],"picked":"Guardian:PiercingHide","floor":14.0},{"not_picked":["Guardian:GatlingBeam","Guardian:Gem_Cyan"],"picked":"Guardian:VentSteam","floor":15.0},{"not_picked":["Guardian:SphericShield","Guardian:Gem_Orange"],"picked":"Guardian:TimeSifter","floor":16.0},{"not_picked":["Guardian:PolyBeam","Guardian:PrimingBeam+1"],"picked":"Guardian:ShieldCharger","floor":19.0},{"not_picked":["Guardian:PrimingBeam","Guardian:PrismaticBarrier","Guardian:FloatingOrbs"],"picked":"SKIP","floor":22.0},{"not_picked":["Guardian:PolyBeam","Guardian:WalkerClaw"],"picked":"Guardian:Gem_Purple","floor":23.0},{"not_picked":["Guardian:ShieldCharger","Guardian:GemFinder"],"picked":"Guardian:Orbwalk+1","floor":25.0},{"not_picked":["Guardian:ChargeCore","Guardian:Preprogram+1"],"picked":"Guardian:BronzeOrb","floor":26.0},{"not_picked":["Guardian:EvasiveProtocol","Guardian:StasisEngine"],"picked":"Guardian:Planning","floor":28.0},{"not_picked":["Guardian:ChargeCore","Guardian:Gem_Red","Guardian:Incinerate+1"],"picked":"SKIP","floor":30.0},{"not_picked":["Guardian:ChargeCore","Guardian:Emergency","Guardian:Gem_Red"],"picked":"SKIP","floor":31.0},{"not_picked":["Guardian:VentSteam+1","Guardian:Incinerate"],"picked":"Guardian:Gem_Blue","floor":32.0},{"not_picked":["Guardian:Reroute"],"picked":"SKIP","floor":36.0},{"not_picked":[],"picked":"Guardian:TemporalStrike+1","floor":37.0},{"not_picked":["Guardian:Gem_Red"],"picked":"SKIP","floor":38.0},{"not_picked":["Guardian:Gem_Green"],"picked":"SKIP","floor":39.0},{"not_picked":[],"picked":"Guardian:Gem_Purple","floor":42.0},{"not_picked":["Guardian:Incinerate"],"picked":"SKIP","floor":44.0},{"not_picked":["Guardian:VentSteam"],"picked":"SKIP","floor":46.0},{"not_picked":["Guardian:TemporalStrike"],"picked":"SKIP","floor":47.0},{"not_picked":["Guardian:Suspension"],"picked":"SKIP","floor":48.0},{"not_picked":["Guardian:Clone"],"picked":"SKIP","floor":49.0},{"not_picked":[],"picked":"Guardian:SphericShield","floor":52.0}],"player_experience":749312,"relics_obtained":[{"floor":7.0,"key":"War Paint"},{"floor":12.0,"key":"Bottled Lightning"},{"floor":24.0,"key":"MawBank"},{"floor":25.0,"key":"Mummified Hand"},{"floor":28.0,"key":"Kunai"},{"floor":52.0,"key":"Orichalcum"}],"event_choices":[{"damage_healed":0.0,"max_hp_gain":0.0,"max_hp_loss":0.0,"gold_gain":0.0,"event_name":"Lab","player_choice":"Got Potions","floor":29.0,"gold_loss":0.0,"damage_taken":0.0},{"cards_removed":["Guardian:Strike_Guardian"],"damage_healed":0.0,"max_hp_gain":0.0,"max_hp_loss":0.0,"gold_gain":0.0,"event_name":"Bonfire Elementals","player_choice":"Offered Basic","floor":45.0,"gold_loss":0.0,"damage_taken":0.0}],"is_beta":false,"boss_relics":[{"not_picked":["Snecko Eye","Cursed Key"],"picked":"SlaversCollar"},{"not_picked":["SacredBark","Tiny House"],"picked":"Busted Crown"}],"items_purged_floors":[39,48],"is_endless":false,"potions_floor_spawned":[9,11,12,15,16,28,30,31,33,36,44,49,52],"ascension_level":1}}