{"host":"x5w9zppki4gdwvc7","time":1612050149,"event":{"mods":["AchievementEnabler","BaseMod","Colored Powertips","DeckTracker","Minty Spire (QoL Compilation)","Relic Sorter","SuperFastMode"],"gold_per_floor":[113,127,127,144,156,156,170,170,170,196,196,264,264,293,293,392,392,412,430,430,430,450,450,481,481,481,494,494,510,48,62,62,163,163,177,195,48,60,79,110,124,124,124,124,124,141,161,186,186,186,186,186,13,39,39],"floor_reached":56,"language":"ENG","playtime":6053,"items_purged":["Defend_G","Strike_G","Defend_G"],"score":1411,"play_id":"1ed00bb9-104a-4854-b4c6-a0e64bbdd949","local_time":"20210131004229","is_ascension_mode":true,"campfire_choices":[{"data":"Neutralize","floor":6,"key":"SMITH"},{"data":"Caltrops","floor":8,"key":"SMITH"},{"data":"Footwork","floor":13,"key":"SMITH"},{"floor":15,"key":"REST"},{"floor":23,"key":"REST"},{"data":"Backflip","floor":28,"key":"SMITH"},{"data":"Survivor","floor":32,"key":"SMITH"},{"floor":42,"key":"REST"},{"floor":44,"key":"REST"},{"floor":49,"key":"RECALL"},{"data":"Backflip","floor":52,"key":"SMITH"}],"circlet_count":0,"master_deck":["Strike_G","Strike_G","Defend_G","Defend_G","Defend_G","Survivor+1","Neutralize+1","Swift Strike","Backflip+1","Acrobatics","Outmaneuver","Caltrops+1","Footwork+1","Adrenaline","Quick Slash","RitualDagger","J.A.X.","Escape Plan","Prepared+1","Noxious Fumes","Skewer","Footwork","Tools of the Trade","Escape Plan+1","Underhanded Strike","Backflip+1","Escape Plan+1","Madness","Madness","PiercingWail+1","Dodge and Roll+1","Dodge and Roll"],"relics":["Ring of the Snake","Ninja Scroll","Tingsha","Odd Mushroom","Kunai","Thread and Needle","HoveringKite","Ice Cream","Smiling Mask","Shuriken","Runic Pyramid","Art of War","Boot","Centennial Puzzle"],"acts_visited":["Exordium","TheCity","TheBeyond","TheEnding"],"potions_floor_usage":[16,16,16,40,50,55,55],"damage_taken":[{"damage":0,"enemies":"Cultist","floor":1,"turns":4},{"damage":0,"enemies":"2 Louse","floor":2,"turns":2},{"damage":0,"enemies":"Small Slimes","floor":4,"turns":2},{"damage":10,"enemies":"Looter","floor":5,"turns":3},{"damage":6,"enemies":"Large Slime","floor":7,"turns":8},{"damage":13,"enemies":"The Mushroom Lair","floor":10,"turns":5},{"damage":0,"enemies":"Lagavulin","floor":14,"turns":9},{"damage":37,"enemies":"Slime Boss","floor":16,"turns":17},{"damage":0,"enemies":"Shell Parasite","floor":18,"turns":7},{"damage":1,"enemies":"3 Byrds","floor":19,"turns":3},{"damage":11,"enemies":"Snake Plant","floor":22,"turns":3},{"damage":9,"enemies":"Gremlin Leader","floor":24,"turns":9},{"damage":10,"enemies":"Cultist and Chosen","floor":27,"turns":5},{"damage":9,"enemies":"Sentry and Sphere","floor":29,"turns":4},{"damage":0,"enemies":"Centurion and Healer","floor":31,"turns":5},{"damage":6,"enemies":"Automaton","floor":33,"turns":10},{"damage":7,"enemies":"Orb Walker","floor":35,"turns":4},{"damage":6,"enemies":"3 Darklings","floor":36,"turns":5},{"damage":24,"enemies":"Jaw Worm Horde","floor":38,"turns":4},{"damage":14,"enemies":"Writhing Mass","floor":39,"turns":5},{"damage":5,"enemies":"Reptomancer","floor":40,"turns":6},{"damage":0,"enemies":"Maw","floor":41,"turns":6},{"damage":5,"enemies":"4 Shapes","floor":46,"turns":8},{"damage":11,"enemies":"Spire Growth","floor":47,"turns":5},{"damage":0,"enemies":"Nemesis","floor":48,"turns":7},{"damage":0,"enemies":"Awakened One","floor":50,"turns":13},{"damage":6,"enemies":"Shield and Spear","floor":54,"turns":7},{"damage":34,"enemies":"The Heart","floor":55,"turns":12}],"seed_played":"-4081157810924955758","potions_obtained":[{"floor":5,"key":"FearPotion"},{"floor":7,"key":"Weak Potion"},{"floor":10,"key":"DuplicationPotion"},{"floor":16,"key":"SpeedPotion"},{"floor":19,"key":"AttackPotion"},{"floor":22,"key":"PowerPotion"},{"floor":35,"key":"Swift Potion"},{"floor":38,"key":"DuplicationPotion"},{"floor":41,"key":"GamblersBrew"},{"floor":47,"key":"FairyPotion"}],"is_trial":false,"path_per_floor":["M","M","?","M","M","R","M","R","T","?","?","T","R","E","R","B",null,"M","M","?","?","M","R","E","?","T","M","R","M","$","M","R","B",null,"M","M","$","M","M","E","M","R","T","R","?","M","M","E","R","B",null,"R","$","E","B",null],"character_chosen":"THE_SILENT","items_purchased":["Shuriken","Noxious Fumes","Skewer","Underhanded Strike","Backflip","DuplicationPotion","Dodge and Roll"],"campfire_rested":4,"item_purchase_floors":[30,30,30,37,37,53,53],"current_hp_per_floor":[70,70,67,67,57,57,51,51,51,38,38,38,38,38,59,22,70,70,69,63,63,52,70,61,61,61,51,51,42,42,42,42,36,70,63,57,57,33,19,14,14,35,35,56,47,42,31,31,31,31,70,70,70,64,30],"gold":39,"neow_bonus":"RANDOM_COLORLESS","is_daily":false,"chose_seed":false,"campfire_upgraded":6,"win_rate":0.0,"timestamp":1612050149,"path_taken":["M","?","?","M","M","R","M","R","T","?","?","?","R","E","R","BOSS","M","M","?","?","M","R","E","?","T","M","R","?","$","M","R","BOSS","M","M","$","?","M","E","M","R","T","R","?","M","M","E","R","BOSS","R","$","E","BOSS"],"items_purchased_type":["Relic","Card","Card","Card","Card","Potion","Card"],"build_version":"2020-12-22","purchased_purges":3,"victory":true,"max_hp_per_floor":[70,70,70,70,70,70,70,70,70,70,70,70,70,70,70,70,70,70,70,70,70,70,70,70,70,70,70,70,70,70,70,70,70,70,70,70,70,70,70,70,70,70,70,70,70,70,70,70,70,70,70,70,70,70,70],"card_choices":[{"not_picked":["Trip","Enlightenment"],"picked":"Swift Strike","floor":0},{"not_picked":["Bane","Underhanded Strike"],"picked":"Backflip","floor":1},{"not_picked":["Cloak And Dagger","Caltrops"],"picked":"Acrobatics","floor":2},{"not_picked":["Blade Dance","Flechettes","Infinite Blades"],"picked":"SKIP","floor":4},{"not_picked":["Terror","Finisher"],"picked":"Outmaneuver","floor":5},{"not_picked":["Slice","Reflex"],"picked":"Caltrops","floor":7},{"not_picked":["Dagger Throw","Cloak And Dagger"],"picked":"Footwork","floor":10},{"not_picked":["Acrobatics","Slice","A Thousand Cuts"],"picked":"SKIP","floor":14},{"not_picked":["Doppelganger","Bullet Time"],"picked":"Adrenaline","floor":16},{"not_picked":["Blade Dance","Deadly Poison","Outmaneuver+1"],"picked":"SKIP","floor":18},{"not_picked":["PiercingWail","Bane+1"],"picked":"Quick Slash","floor":19},{"not_picked":["Outmaneuver","Slice"],"picked":"Escape Plan","floor":22},{"not_picked":["Crippling Poison","Grand Finale"],"picked":"Prepared+1","floor":24},{"not_picked":["Outmaneuver","Endless Agony","Deadly Poison"],"picked":"SKIP","floor":27},{"not_picked":["Sucker Punch+1","Choke","Deflect"],"picked":"SKIP","floor":29},{"not_picked":["Dagger Throw","Heel Hook"],"picked":"Footwork","floor":31},{"not_picked":["Phantasmal Killer","Bullet Time"],"picked":"Tools of the Trade","floor":33},{"not_picked":["Poisoned Stab+1","Expertise+1"],"picked":"Escape Plan+1","floor":35},{"not_picked":["Dagger Throw","Skewer+1","Sucker Punch"],"picked":"SKIP","floor":36},{"not_picked":["Dagger Spray+1","Catalyst+1","Flechettes+1"],"picked":"SKIP","floor":38},{"not_picked":["Expertise","Deadly Poison","Reflex"],"picked":"SKIP","floor":39},{"not_picked":["Reflex","Deadly Poison"],"picked":"Escape Plan+1","floor":40},{"not_picked":["Dagger Throw+1","Bane+1","Deadly Poison+1"],"picked":"SKIP","floor":41},{"not_picked":["Slice","PiercingWail","Masterful Stab"],"picked":"SKIP","floor":46},{"not_picked":["Deflect","Catalyst"],"picked":"PiercingWail+1","floor":47},{"not_picked":["Crippling Poison+1","Blade Dance+1"],"picked":"Dodge and Roll+1","floor":48},{"not_picked":["Blade Dance","Slice","Eviscerate"],"picked":"SKIP","floor":54}],"player_experience":301731,"relics_obtained":[{"floor":9,"key":"Tingsha"},{"floor":10,"key":"Odd Mushroom"},{"floor":12,"key":"Kunai"},{"floor":14,"key":"Thread and Needle"},{"floor":24,"key":"Ice Cream"},{"floor":26,"key":"Smiling Mask"},{"floor":40,"key":"Art of War"},{"floor":48,"key":"Boot"},{"floor":54,"key":"Centennial Puzzle"}],"event_choices":[{"damage_healed":0,"gold_gain":0,"player_choice":"Success","damage_taken":3,"relics_obtained":["Ninja Scroll"],"max_hp_gain":0,"max_hp_loss":0,"event_name":"Scrap Ooze","floor":3,"gold_loss":0},{"damage_healed":0,"gold_gain":0,"player_choice":"Fought Mushrooms","damage_taken":0,"max_hp_gain":0,"max_hp_loss":0,"event_name":"Mushrooms","floor":10,"gold_loss":0},{"cards_removed":["Strike_G"],"damage_healed":0,"gold_gain":0,"player_choice":"Forget","damage_taken":0,"max_hp_gain":0,"max_hp_loss":0,"event_name":"Living Wall","floor":11,"gold_loss":0},{"damage_healed":0,"gold_gain":0,"player_choice":"Joined the Cult","damage_taken":6,"max_hp_gain":0,"max_hp_loss":0,"event_name":"Nest","floor":20,"gold_loss":0,"cards_obtained":["RitualDagger"]},{"damage_healed":0,"gold_gain":0,"player_choice":"Obtain J.A.X.","damage_taken":0,"max_hp_gain":0,"max_hp_loss":0,"event_name":"Drug Dealer","floor":21,"gold_loss":0,"cards_obtained":["J.A.X."]},{"cards_removed":["Strike_G"],"damage_healed":0,"gold_gain":0,"player_choice":"Offered Basic","damage_taken":0,"max_hp_gain":0,"max_hp_loss":0,"event_name":"Bonfire Elementals","floor":25,"gold_loss":0},{"damage_healed":0,"gold_gain":0,"player_choice":"Embrace Madness","damage_taken":9,"max_hp_gain":0,"max_hp_loss":0,"event_name":"Winding Halls","floor":45,"gold_loss":0,"cards_obtained":["Madness","Madness"]}],"is_beta":false,"boss_relics":[{"not_picked":["Fusion Hammer","Philosopher\u0027s Stone"],"picked":"HoveringKite"},{"not_picked":["Snecko Eye","Busted Crown"],"picked":"Runic Pyramid"}],"items_purged_floors":[30,37,53],"is_endless":false,"potions_floor_spawned":[5,7,10,16,19,22,27,35,38,41,47,48],"ascension_level":1}}