{"host":"c6u7e77myxvw4d0m","time":1612007603,"event":{"mods":["AchievementEnabler","BaseMod","Bestiary","Colored Map","Colored Powertips","Minty Spire (QoL Compilation)","Rare Cards Sparkle","Relic Stats","everything is the same but u backflip on backflip"],"gold_per_floor":[112,112,132,152,166,197,197,210,210,240,251,251,251,11,11,90,90,102,102,8,8,26,26,52,68,68,110,110,129,129,129],"floor_reached":30,"language":"ENG","playtime":2005,"items_purged":[],"score":518,"play_id":"8b62bbc8-1fa3-4972-b3f0-55ca30382e99","local_time":"20210130135323","is_ascension_mode":true,"campfire_choices":[{"data":"Uppercut","floor":7,"key":"SMITH"},{"data":"Cleave","floor":13,"key":"SMITH"},{"data":"Flex","floor":15,"key":"SMITH"},{"data":"Demon Form","floor":23,"key":"SMITH"},{"data":"Flame Barrier","floor":28,"key":"SMITH"}],"circlet_count":0,"master_deck":["AscendersBane","Strike_R","Strike_R","Strike_R","Strike_R","Defend_R","Defend_R","Defend_R","Defend_R","Bash","Uppercut+1","Dropkick","Thunderclap","Evolve","Cleave+1","Feel No Pain","Headbutt","Sentinel","Flex+1","Battle Trance","Demon Form+1","Uppercut+1","Flame Barrier+1","Cleave","Heavy Blade","Inflame+1"],"relics":["Burning Blood","Bag of Marbles","Meat on the Bone","Art of War","Question Card","Sling","Coffee Dripper","Bird Faced Urn","CeramicFish","Gambling Chip"],"acts_visited":["Exordium","TheCity"],"potions_floor_usage":[6,16,18,22,24,24,30],"damage_taken":[{"damage":7,"enemies":"Jaw Worm","floor":1,"turns":4},{"damage":0,"enemies":"Cultist","floor":3,"turns":3},{"damage":7,"enemies":"Small Slimes","floor":4,"turns":4},{"damage":8,"enemies":"Looter","floor":5,"turns":4},{"damage":8,"enemies":"Gremlin Nob","floor":6,"turns":3},{"damage":10,"enemies":"2 Fungi Beasts","floor":8,"turns":3},{"damage":30,"enemies":"Lagavulin","floor":10,"turns":5},{"damage":2,"enemies":"Exordium Wildlife","floor":11,"turns":3},{"damage":42,"enemies":"Slime Boss","floor":16,"turns":8},{"damage":21,"enemies":"3 Byrds","floor":18,"turns":4},{"damage":35,"enemies":"Shell Parasite","floor":22,"turns":5},{"damage":17,"enemies":"Slavers","floor":24,"turns":3},{"damage":10,"enemies":"Centurion and Healer","floor":25,"turns":4},{"damage":42,"enemies":"Book of Stabbing","floor":27,"turns":5},{"damage":36,"enemies":"Snake Plant","floor":29,"turns":5},{"damage":26,"enemies":"Slavers","floor":30,"turns":2}],"seed_played":"-4184684354237318496","potions_obtained":[{"floor":3,"key":"ColorlessPotion"},{"floor":4,"key":"Dexterity Potion"},{"floor":11,"key":"Regen Potion"},{"floor":16,"key":"Block Potion"},{"floor":22,"key":"EssenceOfSteel"},{"floor":27,"key":"Strength Potion"}],"is_trial":false,"path_per_floor":["M","?","M","M","M","E","R","M","T","E","M","T","R","$","R","B",null,"M","?","$","?","M","R","E","M","T","E","R","M","E"],"character_chosen":"IRONCLAD","items_purchased":["Battle Trance","Sling","Flame Barrier","Explosive Potion"],"campfire_rested":0,"item_purchase_floors":[14,14,20,20],"current_hp_per_floor":[67,67,73,72,70,68,68,64,64,52,56,56,56,56,56,32,64,49,49,49,49,46,46,47,55,55,33,33,21,0,0],"gold":129,"neow_bonus":"THREE_CARDS","is_daily":false,"chose_seed":false,"campfire_upgraded":5,"win_rate":0.0,"timestamp":1612007603,"path_taken":["M","?","M","?","?","E","R","M","T","E","M","?","R","$","R","BOSS","M","?","?","?","M","R","E","M","T","E","R","M","E"],"items_purchased_type":["Card","Relic","Card","Potion"],"build_version":"2020-12-22","purchased_purges":0,"victory":false,"max_hp_per_floor":[75,75,75,75,75,75,75,75,75,75,75,75,75,75,75,75,75,75,75,75,75,75,75,75,75,75,75,75,75,75,75],"relic_stats":{"counters":[16,65],"Bird Faced Urn":[10],"CeramicFish":9,"Gambling Chip":[6],"Art of War":[1],"Question Card":7,"obtain_stats":[{"Bird Faced Urn":24,"CeramicFish":26,"Gambling Chip":27,"Bag of Marbles":6,"Art of War":10,"Coffee Dripper":17,"Question Card":12,"Sling":14,"Burning Blood":0,"Meat on the Bone":9},{"Bird Faced Urn":12,"CeramicFish":13,"Gambling Chip":14,"Bag of Marbles":5,"Art of War":7,"Coffee Dripper":9,"Question Card":8,"Sling":8,"Burning Blood":0,"Meat on the Bone":6},{"Bird Faced Urn":49,"CeramicFish":53,"Gambling Chip":58,"Bag of Marbles":18,"Art of War":26,"Coffee Dripper":37,"Question Card":29,"Sling":29,"Burning Blood":0,"Meat on the Bone":21}],"Burning Blood":90,"Meat on the Bone":84},"card_choices":[{"not_picked":["Pommel Strike","Thunderclap"],"picked":"Uppercut","floor":0},{"not_picked":["Anger","Ghostly Armor"],"picked":"Dropkick","floor":1},{"not_picked":["Clothesline","Sever Soul"],"picked":"Thunderclap","floor":3},{"not_picked":["Bloodletting","Armaments"],"picked":"Evolve","floor":4},{"not_picked":["Wild Strike","Flex"],"picked":"Cleave","floor":5},{"not_picked":["Clash","Rupture"],"picked":"Feel No Pain","floor":6},{"not_picked":["Twin Strike","Cleave"],"picked":"Headbutt","floor":8},{"not_picked":["Iron Wave","Warcry"],"picked":"Sentinel","floor":10},{"not_picked":["Headbutt","Body Slam"],"picked":"Flex","floor":11},{"not_picked":["Brutality","Double Tap","Juggernaut"],"picked":"Demon Form","floor":16},{"not_picked":["Havoc","Clothesline","Headbutt"],"picked":"Uppercut+1","floor":18},{"not_picked":["Warcry","Sever Soul","Perfected Strike+1"],"picked":"Cleave","floor":22},{"not_picked":["Ghostly Armor","Body Slam","Dark Embrace","Armaments"],"picked":"SKIP","floor":24},{"not_picked":["Combust","Clash","Bloodletting+1"],"picked":"Heavy Blade","floor":25},{"not_picked":["Wild Strike","Armaments","Anger"],"picked":"Inflame+1","floor":27},{"not_picked":["Pummel","Wild Strike","Sword Boomerang","Body Slam"],"picked":"SKIP","floor":29}],"player_experience":563948,"relics_obtained":[{"floor":6,"key":"Bag of Marbles"},{"floor":9,"key":"Meat on the Bone"},{"floor":10,"key":"Art of War"},{"floor":12,"key":"Question Card"},{"floor":24,"key":"Bird Faced Urn"},{"floor":26,"key":"CeramicFish"},{"floor":27,"key":"Gambling Chip"}],"event_choices":[{"cards_removed":["Strike_R"],"damage_healed":0,"gold_gain":0,"player_choice":"Purged","damage_taken":0,"max_hp_gain":0,"max_hp_loss":0,"event_name":"Purifier","floor":2,"gold_loss":0},{"damage_healed":0,"gold_gain":0,"player_choice":"Leave","damage_taken":0,"max_hp_gain":0,"max_hp_loss":0,"event_name":"FaceTrader","floor":19,"gold_loss":0},{"damage_healed":0,"gold_gain":0,"player_choice":"Ignored","damage_taken":0,"max_hp_gain":0,"max_hp_loss":0,"event_name":"Ghosts","floor":21,"gold_loss":0}],"is_beta":false,"boss_relics":[{"not_picked":["Black Blood","Velvet Choker"],"picked":"Coffee Dripper"}],"items_purged_floors":[],"is_endless":false,"potions_floor_spawned":[3,4,11,16,22,27],"killed_by":"Slavers","ascension_level":17}}