{"host":"ocll6kdfqxraqtza","time":1612033122,"event":{"mods":["2.2 Compatiblity","Act Like it!","Aspiration","BaseMod","Better Third Choice","Gensokyo","Hallownest","Hermit","Hubris","Jorbs\u0027s Wanderer Trilogy","Luminous","Marisa（霧雨　魔理沙）","Minty Spire (QoL Compilation)","Reimu（博??梦）","Replay The Spire","Shade Mod","StSLib","The Alterego","The Bug Knight","The Cursed","The Hierophant","The Marked","The Runesmith","TheBandit","Wandering Minibosses"],"gold_per_floor":[114,114,114,126,51,51,51,77,77,77,77,9,34,53,53,152,452,470,470,350,350,397,423,423,423,423,423,423,114,114,114,134,134,134,237,237,250,250,250,72,89,89,89,105,105,105,105,138,50,66,66,66,66,66,32,59,59],"floor_reached":58,"language":"ENG","playtime":2248,"items_purged":["wariomod:Defend"],"score":1328,"play_id":"d580dcb1-5cb2-415f-9a0d-0f84c7a1d5df","local_time":"20210131025842","is_ascension_mode":false,"campfire_choices":[{"data":"Cloak And Dagger","floor":6.0,"key":"SMITH"},{"data":"wariomod:DiceyMove","floor":10.0,"key":"SMITH"},{"data":"wariomod:Step","floor":15.0,"key":"SMITH"},{"data":"Gensokyo:TurboGranny","floor":31.0,"key":"SMITH"},{"data":"wariomod:DanceDash","floor":34.0,"key":"SMITH"},{"floor":42,"key":"RECALL"},{"data":"Storm of Steel","floor":51,"key":"SMITH"},{"data":"wariomod:WipeClean","floor":54,"key":"SMITH"}],"circlet_count":0,"master_deck":["wariomod:Step+1","wariomod:Leap","wariomod:DanceDash+1","Cloak And Dagger+1","hubris:Counter+1","wariomod:SmallSprint+1","wariomod:SmallSprint+1","wariomod:DiceyMove+1","wariomod:NullJump+1","Pain","wariomod:HappyHit+1","wariomod:DropBash+1","wariomod:Smackflip+1","wariomod:DeadlyDash+1","CommonCold","Voices","Hallucinations","wariomod:BodyBlock+1","Dagger Spray+1","ReplayTheSpireMod:From All Sides+1","Outmaneuver+1","wariomod:Leapslam+1","wariomod:Leapslam+1","Gensokyo:TurboGranny+1","Gensokyo:TarnishedGold","wariomod:SmallSprint+1","Gensokyo:FourOfAKind","Gensokyo:FourOfAKind","wariomod:MassiveParty+1","wariomod:WipeClean+1","wariomod:ShipSmash+1","wariomod:Goblast+1","wariomod:SmackSlam+1","wariomod:TempestBlasts+1","Storm of Steel+1","Dagger Spray+1","Skewer+1","wariomod:NullJump+1","Flash of Steel+1","wariomod:VeryLongJump+1","wariomod:DisarmingMoves+1","wariomod:Goblast+1"],"relics":["wariomod:TheHat","NeowsBlessing","Molten Egg 2","hubris:MysteriousPyramids","Strawberry","Gensokyo:LunaticRedEyes","Regal Pillow","Replay:Ancient Bell","Juzu Bracelet","Replay:Ringing Soul","Old Coin","Gensokyo:ConquerorOfFear","Gensokyo:SpiderMask","Runesmith:Nanobots","Bag of Marbles","hubris:TinFlute","aspiration:Nostalgia","m_RuneBlood","hubris:Icosahedron","aspiration:PoetsPen_weak","hubris:PeanutButter","Toolbox","CrazyTorch:ReiMu","hubris:SlimyHat"],"acts_visited":[],"potions_floor_usage":[35,35,57,57],"damage_taken":[{"damage":0.0,"enemies":"Gensokyo:3_Fairies","floor":1.0,"turns":2.0},{"damage":0.0,"enemies":"Gensokyo:2_Kodama","floor":4.0,"turns":2.0},{"damage":0.0,"enemies":"Gensokyo:Mamizou","floor":8.0,"turns":2.0},{"damage":14.0,"enemies":"Gensokyo:Aya","floor":13.0,"turns":5.0},{"damage":1.0,"enemies":"Gensokyo:Python","floor":14.0,"turns":2.0},{"damage":39.0,"enemies":"Gensokyo:Kokoro","floor":16.0,"turns":10.0},{"damage":3.0,"enemies":"Gensokyo:CosmicMonolith","floor":18.0,"turns":3.0},{"damage":10.0,"enemies":"Gensokyo:Tenshi","floor":23.0,"turns":3.0},{"damage":0.0,"enemies":"Gensokyo:Chomper","floor":32.0,"turns":2.0},{"damage":57,"enemies":"Gensokyo:Kaguya","floor":35,"turns":8},{"damage":0,"enemies":"Gensokyo:3_Boulders","floor":37,"turns":3},{"damage":0,"enemies":"Gensokyo:3_Bats","floor":41,"turns":1},{"damage":0,"enemies":"Gensokyo:SeedOfUnknown","floor":44,"turns":2},{"damage":0,"enemies":"Gensokyo:Kasen","floor":48,"turns":4},{"damage":0,"enemies":"Gensokyo:Sharpion","floor":50,"turns":1},{"damage":10,"enemies":"Gensokyo:Yuyuko","floor":52,"turns":6},{"damage":0,"enemies":"Shield and Spear","floor":56,"turns":2},{"damage":105,"enemies":"The Heart","floor":57,"turns":7}],"seed_played":"7627899396557077047","potions_obtained":[{"floor":4.0,"key":"Ancient Potion"},{"floor":8.0,"key":"SkillPotion"},{"floor":13.0,"key":"LiquidBronze"},{"floor":14.0,"key":"PowerPotion"},{"floor":22.0,"key":"LiquidBronze"},{"floor":23.0,"key":"Swift Potion"},{"floor":32.0,"key":"Adrenaline Potion"},{"floor":41,"key":"Weak Potion"}],"is_trial":false,"path_per_floor":["M","?","?","M","$","R","?","E","T","R","?","$","E","M","R","B",null,"M","?","?","?","?","E","?","PTL","PTL","?","T","COS","?","R","M","?","R","B",null,"M","?","?","COS","M","R","$","M","T","?","?","E","$","M","R","B",null,"R","$","E","B",null],"character_chosen":"THE_BANDIT","items_purchased":["wariomod:HappyHit+1","Flash of Steel+1","wariomod:DisarmingMoves+1"],"campfire_rested":0,"item_purchase_floors":[12,49,55],"current_hp_per_floor":[80,64,64,64,64,64,64,64,71,71,71,71,57,56,56,17,90,90,90,90,93,96,89,89,89,89,92,92,95,95,95,101,74,74,23,77,80,80,80,83,86,86,86,89,89,92,92,95,98,101,101,101,101,101,104,107,5],"gold":59,"neow_bonus":"THREE_ENEMY_KILL","is_daily":false,"chose_seed":false,"campfire_upgraded":7,"win_rate":0.0,"timestamp":1612033122,"path_taken":["M","?","?","?","$","R","?","E","T","R","?","$","E","M","R","BOSS","M","?","?","?","?","E","?","PTL","PTL","?","T","COS","?","R","M","?","R","BOSS","M","?","?","COS","M","R","$","M","T","?","?","E","?","M","R","BOSS","R","$","E","BOSS"],"items_purchased_type":["Card","Card","Card"],"build_version":"2020-12-22","purchased_purges":1,"victory":true,"max_hp_per_floor":[80,80,80,80,80,80,80,80,87,87,87,87,87,87,87,87,90,93,93,93,96,99,102,102,102,102,95,95,98,98,98,101,74,74,77,77,80,80,80,83,86,86,86,89,89,92,92,95,98,101,101,101,101,101,104,107,107],"card_choices":[{"not_picked":["wariomod:Bombshield","wariomod:BodyBlock"],"picked":"wariomod:DanceDash","floor":1.0},{"not_picked":["wariomod:Bombshield","wariomod:BlastDash+1"],"picked":"wariomod:SmallSprint+1","floor":4.0},{"not_picked":["wariomod:BigUpgrade","wariomod:TempestBlasts"],"picked":"wariomod:SmallSprint+1","floor":7.0},{"not_picked":["wariomod:Bomblaster","wariomod:DisarmingMoves"],"picked":"wariomod:DiceyMove","floor":7.0},{"not_picked":["wariomod:SpaceSwap","wariomod:CursedSpaces"],"picked":"wariomod:NullJump+1","floor":8.0},{"not_picked":["wariomod:DiceyMove","wariomod:Purify"],"picked":"wariomod:DropBash+1","floor":13.0},{"not_picked":["wariomod:Goblast+1","wariomod:SimpleShield"],"picked":"wariomod:Smackflip+1","floor":14.0},{"not_picked":["wariomod:FabulousPrizes","wariomod:EnergizedBombs"],"picked":"wariomod:DeadlyDash+1","floor":16.0},{"not_picked":["Regret","Delirium"],"picked":"CommonCold","floor":17.0},{"not_picked":["Overencumbered","ReplayTheSpireMod:Restless Dread"],"picked":"Voices","floor":17.0},{"not_picked":["Normality","Shame"],"picked":"Hallucinations","floor":17.0},{"not_picked":["wariomod:BlastDash+1","wariomod:BoomBoom+1"],"picked":"wariomod:BodyBlock+1","floor":18.0},{"not_picked":["wariomod:HappyHop","wariomod:GodlyGift"],"picked":"wariomod:Leapslam+1","floor":22.0},{"not_picked":["wariomod:SpikeSlash+1","wariomod:DoubleDip+1"],"picked":"wariomod:Leapslam+1","floor":23.0},{"not_picked":["Gensokyo:MenInBlack","Gensokyo:MissMary"],"picked":"Gensokyo:TurboGranny","floor":27.0},{"not_picked":["wariomod:SimpleShield","Runesmith:CraftFirestone"],"picked":"wariomod:SmallSprint+1","floor":32.0},{"not_picked":["wariomod:GoAgain+1","wariomod:AbandonGame+1"],"picked":"wariomod:MassiveParty+1","floor":35},{"not_picked":["wariomod:GoAgain","wariomod:VeryLongJump"],"picked":"wariomod:WipeClean","floor":35},{"not_picked":["Runesmith:MetallurgicalResearch","wariomod:WipeClean"],"picked":"wariomod:ShipSmash+1","floor":35},{"not_picked":["wariomod:Immortalize","wariomod:Smackflip+1"],"picked":"wariomod:Goblast+1","floor":37},{"not_picked":["wariomod:Immortalize","wariomod:Smackflip+1"],"picked":"wariomod:SmackSlam+1","floor":41},{"not_picked":["wariomod:ChargeForth+1","wariomod:TrekTime+1"],"picked":"wariomod:TempestBlasts+1","floor":44},{"not_picked":["wariomod:BoomBoom","wariomod:BlastDash+1"],"picked":"wariomod:DanceDash+1","floor":44},{"not_picked":["wariomod:Boomsmack+1","wariomod:BigUpgrade"],"picked":"wariomod:NullJump+1","floor":48},{"not_picked":["wariomod:ThatsNotAll+1","wariomod:DanceDash+1"],"picked":"wariomod:VeryLongJump+1","floor":50},{"not_picked":["wariomod:SpikeSlash+1","wariomod:HastyRush+1"],"picked":"wariomod:Goblast+1","floor":56}],"player_experience":481355,"relics_obtained":[{"floor":8.0,"key":"hubris:MysteriousPyramids"},{"floor":9.0,"key":"Strawberry"},{"floor":13.0,"key":"Regal Pillow"},{"floor":22.0,"key":"Runesmith:Nanobots"},{"floor":23.0,"key":"Gensokyo:ConquerorOfFear"},{"floor":23.0,"key":"Bag of Marbles"},{"floor":28.0,"key":"hubris:TinFlute"},{"floor":48,"key":"CrazyTorch:ReiMu"},{"floor":56,"key":"hubris:SlimyHat"}],"event_choices":[],"is_beta":false,"boss_relics":[{"not_picked":["hubris:ScarierMask","Snecko Eye"],"picked":"Replay:Ancient Bell"},{"not_picked":["Replay:Wax Seal","aspiration:ChemicalBlood"],"picked":"Juzu Bracelet"},{"not_picked":["HornCleat","Replay:Bottled Steam"],"picked":"Replay:Ringing Soul"},{"not_picked":["Durian","hubris:BundleOfHerbs"],"picked":"Old Coin"},{"not_picked":["Painkiller Herb","hubris:BlackHole"],"picked":"aspiration:PoetsPen_weak"}],"items_purged_floors":[5],"is_endless":false,"potions_floor_spawned":[4,8,13,14,23,32,41],"ascension_level":0}}