{"host":"141e8mu1xuvwtmt1","time":1612033524,"event":{"mods":["AchievementEnabler","BaseMod","BetterRewards","Colored Map","Colored Powertips","Downfall","Highlight Path","Minty Spire (QoL Compilation)","Replay The Spire","StSLib"],"gold_per_floor":[99,114,133,150,101,101,101,114,126,126,226,226,251,264,274,374,374,374,394,414,430,81,96,123,148,148,98,111,111,145,145,155,155,155,155],"floor_reached":33,"language":"ENG","playtime":4341,"items_purged":[],"score":341,"play_id":"2b6508c4-dd07-4ce0-b598-091094179c77","local_time":"20210130200524","is_ascension_mode":false,"campfire_choices":[{"data":"Slimebound:Split","floor":1,"key":"SMITH"},{"data":"Slimebound:Darklings","floor":10,"key":"SMITH"},{"data":"Slimebound:SpikyOuterGoop","floor":12,"key":"SMITH"},{"data":"Slimebound:MinionMaster","floor":18,"key":"SMITH"},{"floor":26,"key":"REST"},{"data":"Slimebound:Replication","floor":29,"key":"SMITH"}],"circlet_count":0,"master_deck":["Slimebound:Strike_Slimebound","Slimebound:Strike_Slimebound","Slimebound:Strike_Slimebound","Slimebound:Defend_Slimebound","Slimebound:Defend_Slimebound","Slimebound:Defend_Slimebound","Slimebound:Defend_Slimebound","Slimebound:Split+1","Slimebound:CorrosiveSpit","Slimebound:CheckThePlaybook","Slimebound:GoopSpray","Slimebound:SplitLeeching","Slimebound:ItLooksTasty","Slimebound:SplitBruiser","Slimebound:SpikyOuterGoop+1","Slimebound:SplitAcid","Slimebound:Darklings+1","Slimebound:Replication+1","Slimebound:LeechingTouch","Slimebound:SamplingLick","Slimebound:MinionMaster+1","Injury","Voices","Writhe","Slimebound:SplitSpecialist","Slimebound:GoopSpray","Slimebound:PressTheAttack","Slimebound:SlimeSpikes+1","Slimebound:ProtectTheBoss","Slimebound:PressTheAttack+1","Slimebound:LeechingTouch+1","Slimebound:PressTheAttack","Slimebound:AcidTongue","Slimebound:SplitAcid","Slimebound:SplitAcid+1","Pride","Slimebound:PressTheAttack+1"],"relics":["Slimebound:AbsorbEndCombat","Ring of Panic","ReplayTheSpireMod:Ring of Collecting","Ring of Misfortune","Question Card","Mercury Hourglass","Replay:Ancient Bell","Juzu Bracelet","Slimebound:MaxSlimesRelic","Du-Vu Doll","Ornamental Fan","ReplayTheSpireMod:Ring of Exchange","Lantern","Mirror","Replay:Ringing Soul","Art of War"],"acts_visited":["Exordium","TheCity"],"potions_floor_usage":[5,13,16,22,22,22,23,33,33,33],"damage_taken":[{"damage":11,"enemies":"Jaw Worm","floor":2,"turns":4},{"damage":5,"enemies":"2 Louse","floor":3,"turns":3},{"damage":0,"enemies":"Cultist","floor":4,"turns":4},{"damage":0,"enemies":"downfall:FleeingMerchant","floor":5,"turns":4},{"damage":0,"enemies":"Gremlin Gang","floor":8,"turns":4},{"damage":3,"enemies":"Red Slaver","floor":9,"turns":4},{"damage":8,"enemies":"Lagavulin","floor":13,"turns":6},{"damage":7,"enemies":"Exordium Wildlife","floor":14,"turns":4},{"damage":0,"enemies":"Large Slime","floor":15,"turns":2},{"damage":21,"enemies":"DF_ARCHETYPE_STREAMLINE","floor":16,"turns":12},{"damage":4,"enemies":"Chosen","floor":19,"turns":5},{"damage":0,"enemies":"3 Cultists","floor":20,"turns":3},{"damage":0,"enemies":"Chosen and Byrds","floor":21,"turns":3},{"damage":0,"enemies":"downfall:FleeingMerchant","floor":22,"turns":4},{"damage":0,"enemies":"Snecko","floor":23,"turns":4},{"damage":52,"enemies":"Slavers","floor":25,"turns":5},{"damage":0,"enemies":"downfall:FleeingMerchant","floor":27,"turns":4},{"damage":0,"enemies":"Snake Plant","floor":28,"turns":3},{"damage":33,"enemies":"Book of Stabbing","floor":30,"turns":7},{"damage":16,"enemies":"Shelled Parasite and Fungi","floor":32,"turns":6},{"damage":42,"enemies":"IC_MUSHROOM_ARCHETYPE","floor":33,"turns":4}],"seed_played":"1671047222728102670","potions_obtained":[{"floor":2,"key":"Milkshake"},{"floor":3,"key":"Energy Potion"},{"floor":4,"key":"AttackPotion"},{"floor":9,"key":"AttackPotion"},{"floor":16,"key":"AttackPotion"},{"floor":20,"key":"ColorlessPotion"},{"floor":23,"key":"Fruit Juice"},{"floor":28,"key":"Toxic Potion"},{"floor":30,"key":"Adrenaline Potion"},{"floor":32,"key":"Elixir"}],"is_trial":false,"path_per_floor":["R_BF","M","M","M","$","?","T","M","M","R","?","R","E","M","M","B",null,"R","M","M","M","$","M","T","E","R","$","M","R","E","?","M","B"],"character_chosen":"SLIMEBOUND","items_purchased":["Slimebound:SpikyOuterGoop","Ornamental Fan","Slimebound:ProtectTheBoss","Slimebound:AcidTongue"],"campfire_rested":1,"item_purchase_floors":[5,22,22,27],"current_hp_per_floor":[65,60,59,65,65,65,65,65,62,62,62,62,60,53,55,42,65,65,65,65,65,65,70,70,26,47,51,53,53,29,32,25,0,0,0],"gold":155,"neow_bonus":"TRANSFORM_CARD","is_daily":false,"chose_seed":false,"campfire_upgraded":5,"win_rate":0.0,"timestamp":1612033524,"path_taken":["R_BF","M","M","M","$","?","T","M","M","R","?","R","E","M","M","BOSS","R","M","M","M","$","M","T","E","R","$","M","R","E","?","M","BOSS"],"items_purchased_type":["Card","Relic","Card","Card"],"build_version":"2020-12-22","purchased_purges":0,"victory":false,"max_hp_per_floor":[65,65,65,65,65,65,65,65,65,65,65,65,65,65,65,65,65,65,65,65,65,65,70,70,70,70,70,70,70,73,76,79,79,79,79],"card_choices":[{"not_picked":["Slimebound:ServeAndProtect","Slimebound:SlimeTap"],"picked":"Slimebound:GoopSpray","floor":2},{"not_picked":["Slimebound:SlimeBrawl","Slimebound:RollThrough"],"picked":"Slimebound:SplitLeeching","floor":3},{"not_picked":["Slimebound:GoopSpray","Slimebound:TongueLash"],"picked":"Slimebound:ItLooksTasty","floor":4},{"not_picked":["Slimebound:Prepare","Slimebound:FirmFortitude"],"picked":"Slimebound:SplitBruiser","floor":5},{"not_picked":["Slimebound:GrowthPunch","Slimebound:GoopTackle","Slimebound:ComboTackle"],"picked":"Slimebound:SplitAcid","floor":8},{"not_picked":["Slimebound:LivingWall","Slimebound:ItLooksTasty","Slimebound:SplitAcid"],"picked":"Slimebound:Darklings","floor":9},{"not_picked":["Slimebound:SlimeSpikes","Slimebound:SamplingLick","Slimebound:HauntingLick"],"picked":"Slimebound:Replication","floor":13},{"not_picked":["Slimebound:RollThrough","Slimebound:SplitBruiser","Slimebound:GoopSpray"],"picked":"Slimebound:LeechingTouch","floor":14},{"not_picked":["Slimebound:SlimeBrawl","Slimebound:LeechEnergy","Slimebound:ComboTackle"],"picked":"Slimebound:SamplingLick","floor":15},{"not_picked":["Slimebound:MassFeed","Slimebound:OozeBath","Slimebound:Overexert"],"picked":"Slimebound:MinionMaster","floor":16},{"not_picked":["Spreading Infection","CurseOfTheBell","Writhe"],"picked":"Injury","floor":17},{"not_picked":["ReplayTheSpireMod:Doomed","Decay","Spreading Infection"],"picked":"Voices","floor":17},{"not_picked":["Replay:Hysterical Blindness","Overencumbered","Voices"],"picked":"Writhe","floor":17},{"not_picked":["Slimebound:GoopSpray","Slimebound:RainOfGoop+1","Slimebound:GoopTackle"],"picked":"Slimebound:SplitSpecialist","floor":19},{"not_picked":["Slimebound:Recollect","Slimebound:DisruptingSlam+1","Slimebound:ComboTackle"],"picked":"Slimebound:GoopSpray","floor":20},{"not_picked":["Slimebound:Replication","Slimebound:SlimeSpikes","Slimebound:GoopTackle+1"],"picked":"Slimebound:PressTheAttack","floor":21},{"not_picked":["Slimebound:SplitBruiser","Slimebound:SlimeTap","Slimebound:LeechLife"],"picked":"Slimebound:SlimeSpikes+1","floor":22},{"not_picked":["Slimebound:GoopTackle","Slimebound:HauntingLick","Slimebound:Schlurp"],"picked":"Slimebound:PressTheAttack+1","floor":23},{"not_picked":["Slimebound:Nibble","Slimebound:BestDefense","Slimebound:ComboTackle"],"picked":"Slimebound:LeechingTouch+1","floor":25},{"not_picked":["Slimebound:ComboTackle","Slimebound:BestDefense","Slimebound:SplitAcid"],"picked":"Slimebound:PressTheAttack","floor":27},{"not_picked":["Slimebound:LeechLife","Slimebound:LivingWall+1","Slimebound:Replication"],"picked":"Slimebound:SplitAcid","floor":28},{"not_picked":["Slimebound:FlameTackle+1","Slimebound:Dissolve","Slimebound:ComboTackle+1"],"picked":"Slimebound:SplitAcid+1","floor":30},{"not_picked":["Slimebound:Schlurp","Slimebound:RollThrough+1","Slimebound:LeechEnergy"],"picked":"Slimebound:PressTheAttack+1","floor":32}],"player_experience":243979,"relics_obtained":[{"floor":6,"key":"Ring of Panic"},{"floor":6,"key":"ReplayTheSpireMod:Ring of Collecting"},{"floor":7,"key":"Ring of Misfortune"},{"floor":7,"key":"Question Card"},{"floor":13,"key":"Mercury Hourglass"},{"floor":24,"key":"ReplayTheSpireMod:Ring of Exchange"},{"floor":24,"key":"Lantern"},{"floor":25,"key":"Mirror"},{"floor":30,"key":"Replay:Ringing Soul"}],"event_choices":[{"damage_healed":0,"gold_gain":0,"player_choice":"Stole Relic","damage_taken":0,"relics_obtained":["Art of War"],"max_hp_gain":0,"max_hp_loss":0,"event_name":"Addict","floor":31,"gold_loss":0,"cards_obtained":["Pride"]}],"is_beta":false,"boss_relics":[{"not_picked":["Astrolabe","Slimebound:TarBlob"],"picked":"Replay:Ancient Bell"},{"not_picked":["MealTicket","Replay:Bandana"],"picked":"Juzu Bracelet"},{"not_picked":["Letter Opener","Blue Candle"],"picked":"Slimebound:MaxSlimesRelic"},{"not_picked":["StoneCalendar","FossilizedHelix"],"picked":"Du-Vu Doll"}],"items_purged_floors":[],"is_endless":false,"potions_floor_spawned":[2,3,4,9,16,20,23,28,30,32],"killed_by":"IC_MUSHROOM_ARCHETYPE","ascension_level":0}}