{"host":"y1oqg7uy0jc6f5mb","time":1612003358,"event":{"mods":["BaseMod","Better Altar","Better Match","Better Note","Better Sensory Stone","Better Skull","Better Third Choice","Block Reminder","Colored Map","Colored Powertips","Custom Start","DeckTracker","Displayed Cursed Tome","Downfall","Highlight Path","Ironclad Rager","Minty Spire (QoL Compilation)","Permanent Neow","Quick Restart","Relic Sorter","Relic Stats","Replay The Spire","Shop Mod","StSLib"],"gold_per_floor":[99,118,138,10,28,39,39,39,39,50,50,35,35,46,64,162,262,262,273,273,283,283,283,309,342,10,10,10,10],"floor_reached":27,"language":"ENG","playtime":2117,"items_purged":["Voices","Slimebound:Defend_Slimebound"],"score":234,"play_id":"59214093-26b3-4acb-806f-08ca935977f8","local_time":"20210130184238","is_ascension_mode":true,"campfire_choices":[{"data":"Slimebound:CorrosiveSpit","floor":1.0,"key":"SMITH"},{"data":"Chaos","floor":9.0,"key":"SMITH"},{"data":"Slimebound:SlimeSlap","floor":11.0,"key":"SMITH"},{"data":"Slimebound:AcidTongue","floor":13.0,"key":"SMITH"},{"data":"Slimebound:PrepareCrush","floor":18.0,"key":"SMITH"},{"floor":23.0,"key":"REST"}],"circlet_count":0,"master_deck":["Slimebound:Strike_Slimebound","Slimebound:Strike_Slimebound","Slimebound:Strike_Slimebound","Slimebound:Tackle","Slimebound:Defend_Slimebound","Slimebound:Defend_Slimebound","Slimebound:Defend_Slimebound","Slimebound:CorrosiveSpit+1","Slimebound:PrepareCrush+1","Slimebound:SplitSpecialist","Slimebound:AcidTongue+1","Slimebound:ItLooksTasty","Slimebound:FinishingTackle+1","Slimebound:ViciousTackle","Slimebound:SlimeSlap+1","Chaos+1","Slimebound:GoopSpray","Slimebound:LivingWall","Slimebound:Equalize","Slimebound:RollThrough","Slimebound:TagTeam","Slimebound:SlimeSpikes","Slimebound:Replication","Slimebound:HauntingLick","Slimebound:LeechingTouch","Slimebound:LeechEnergy+1","Apotheosis","Slimebound:SlimeSpikes"],"relics":["Slimebound:AbsorbEndCombat","ReplayTheSpireMod:CursedCoin","Dream Catcher","Regal Pillow","Replay:Wanted Poster","Enchiridion","Lantern","Kunai"],"acts_visited":["Exordium","TheCity"],"potions_floor_usage":[27],"damage_taken":[{"damage":9.0,"enemies":"Cultist","floor":2.0,"turns":4.0},{"damage":0.0,"enemies":"Small Slimes","floor":3.0,"turns":3.0},{"damage":0.0,"enemies":"downfall:FleeingMerchant","floor":4.0,"turns":4.0},{"damage":6.0,"enemies":"Jaw Worm","floor":5.0,"turns":3.0},{"damage":15.0,"enemies":"Blue Slaver","floor":6.0,"turns":2.0},{"damage":10.0,"enemies":"2 Fungi Beasts","floor":10.0,"turns":5.0},{"damage":5.0,"enemies":"downfall:FleeingMerchant","floor":12.0,"turns":4.0},{"damage":11.0,"enemies":"Large Slime","floor":14.0,"turns":4.0},{"damage":11.0,"enemies":"2 Fungi Beasts","floor":15.0,"turns":3.0},{"damage":28.0,"enemies":"SI_SHIV_ARCHETYPE","floor":16.0,"turns":8.0},{"damage":9.0,"enemies":"Shell Parasite","floor":19.0,"turns":4.0},{"damage":9.0,"enemies":"3 Byrds","floor":21.0,"turns":4.0},{"damage":60.0,"enemies":"Slavers","floor":25.0,"turns":6.0},{"damage":20.0,"enemies":"downfall:FleeingMerchant","floor":26.0,"turns":4.0},{"damage":24,"enemies":"Shelled Parasite and Fungi","floor":27,"turns":3}],"seed_played":"-8546274785664094857","potions_obtained":[{"floor":5.0,"key":"Strength Potion"},{"floor":6.0,"key":"Ancient Potion"},{"floor":16.0,"key":"BlessingOfTheForge"},{"floor":21.0,"key":"CultistPotion"},{"floor":25.0,"key":"bronze:BurnAndBuffPotion"}],"is_trial":false,"path_per_floor":["R","M","M","$","M","M","T","?","R","M","R","$","R","M","M","B",null,"R_BF","M","?","M","?","R","T","E","$","M"],"character_chosen":"SLIMEBOUND","items_purchased":["ReplayTheSpireMod:CursedCoin","Slimebound:FinishingTackle+1","Dream Catcher","Apotheosis","Slimebound:SlimeSpikes"],"campfire_rested":1,"item_purchase_floors":[4,4,4,26,26],"current_hp_per_floor":[65,58,62,65,61,50,50,50,50,42,42,43,43,36,31,11,65,65,60,44,37,37,65,65,21,11,0,0,0],"gold":10,"neow_bonus":"ONE_RANDOM_RARE_CARD","is_daily":false,"chose_seed":false,"campfire_upgraded":5,"win_rate":0.0,"timestamp":1612003358,"path_taken":["R","M","?","$","M","M","T","?","R","M","R","$","R","M","M","BOSS","R_BF","M","?","M","?","R","T","E","$","M"],"items_purchased_type":["Relic","Card","Relic","Card","Card"],"build_version":"2020-12-22","purchased_purges":2,"victory":false,"max_hp_per_floor":[65,65,65,65,65,65,65,65,65,65,65,65,65,65,65,65,65,65,65,65,65,65,65,65,65,65,65,65,65],"relic_stats":{"Dream Catcher":1,"Regal Pillow":9,"counters":[15,59],"Kunai":[1],"obtain_stats":[{"Replay:Wanted Poster":17,"Dream Catcher":4,"Regal Pillow":7,"Lantern":24,"ReplayTheSpireMod:CursedCoin":4,"Enchiridion":20,"Slimebound:AbsorbEndCombat":0,"Kunai":25},{"Replay:Wanted Poster":10,"Dream Catcher":3,"Regal Pillow":5,"Lantern":12,"ReplayTheSpireMod:CursedCoin":3,"Enchiridion":11,"Slimebound:AbsorbEndCombat":0,"Kunai":13},{"Replay:Wanted Poster":39,"Dream Catcher":11,"Regal Pillow":16,"Lantern":46,"ReplayTheSpireMod:CursedCoin":11,"Enchiridion":43,"Slimebound:AbsorbEndCombat":0,"Kunai":52}]},"card_choices":[{"not_picked":["Slimebound:FinishingTackle","Slimebound:HauntingLick"],"picked":"Slimebound:SplitSpecialist","floor":2.0},{"not_picked":["Slimebound:MegaLick","Slimebound:SpikyOuterGoop"],"picked":"Slimebound:AcidTongue","floor":3.0},{"not_picked":["Slimebound:SamplingLick","Slimebound:SplitLeeching"],"picked":"Slimebound:ItLooksTasty","floor":4.0},{"not_picked":["Slimebound:PressTheAttack","Slimebound:ItLooksTasty"],"picked":"Slimebound:ViciousTackle","floor":5.0},{"not_picked":["Slimebound:SlimeBarrage","Slimebound:DivideAndConquer"],"picked":"Slimebound:SlimeSlap","floor":6.0},{"not_picked":["Slimebound:RainOfGoop","Slimebound:SplitLeeching"],"picked":"Slimebound:GoopSpray","floor":10.0},{"not_picked":["Slimebound:LeechEnergy","Slimebound:MegaLick"],"picked":"Slimebound:LivingWall","floor":12.0},{"not_picked":["Slimebound:ComboTackle","Slimebound:AcidTongue"],"picked":"Slimebound:Equalize","floor":14.0},{"not_picked":["Slimebound:LeechEnergy","Slimebound:FlameTackle"],"picked":"Slimebound:RollThrough","floor":15.0},{"not_picked":["Slimebound:OneTwoCombo","Slimebound:FirmFortitude"],"picked":"Slimebound:TagTeam","floor":16.0},{"not_picked":["Slimebound:SplitLeeching","Slimebound:FormOfPuddle"],"picked":"Slimebound:SlimeSpikes","floor":19.0},{"not_picked":["Slimebound:FlameTackle","Slimebound:FinishingTackle"],"picked":"Slimebound:Replication","floor":21.0},{"not_picked":["Slimebound:FlameTackle","Slimebound:Grow"],"picked":"Slimebound:HauntingLick","floor":23.0},{"not_picked":["Slimebound:Teamwork","Slimebound:ItLooksTasty"],"picked":"Slimebound:LeechingTouch","floor":25.0},{"not_picked":["Slimebound:RallyTheTroops","Slimebound:ComboTackle"],"picked":"Slimebound:LeechEnergy+1","floor":26.0}],"player_experience":270134,"relics_obtained":[{"floor":7.0,"key":"Regal Pillow"},{"floor":20.0,"key":"Enchiridion"},{"floor":24.0,"key":"Lantern"},{"floor":25.0,"key":"Kunai"}],"event_choices":[{"damage_healed":0.0,"max_hp_gain":0.0,"max_hp_loss":0.0,"gold_gain":0.0,"event_name":"Vampires","player_choice":"Ignored","floor":22.0,"gold_loss":0.0,"damage_taken":0.0}],"is_beta":false,"boss_relics":[{"not_picked":["SacredBark","ReplayTheSpireMod:DimensionalGlitch"],"picked":"Replay:Wanted Poster"}],"items_purged_floors":[4,26],"is_endless":false,"potions_floor_spawned":[5,6,16,21,25],"killed_by":"Shelled Parasite and Fungi","ascension_level":1}}