{"host":"815dqs41i1y8uxms","time":1612027648,"event":{"mods":["A Penny For Your Troubles","Act Like it!","BaseMod","Dark Map","Elementarium","Fox Events","Minty Spire (QoL Compilation)","Rare Cards Sparkle","Shop Mod","Spire Arcade","StSLib","The Marked"],"gold_per_floor":[115,5,5,22,22,55,67,67,67,97,122,28,28,28,28,125,125,145,158,158,55,71,71,106,106,106,106,106,122,154,169,169,268,268,282,282,293,31,41,41,61,61,61,80,90,144,144,144],"floor_reached":47,"language":"ENG","playtime":3879,"items_purged":[],"score":553,"play_id":"8f9d6ba3-76f7-4272-bd33-b0e841130eec","local_time":"20210130182728","is_ascension_mode":false,"campfire_choices":[{"floor":8,"key":"RECALL"},{"data":"theMarked:SoldierOfQuellstein","floor":13,"key":"SMITH"},{"data":"theMarked:ContemptForTheProud","floor":15,"key":"SMITH"},{"floor":23,"key":"REST"},{"data":"theMarked:WardOff","floor":25,"key":"SMITH"},{"floor":27,"key":"REST"},{"floor":32,"key":"REST"},{"floor":40,"key":"REST"},{"floor":42,"key":"REST"}],"circlet_count":0,"master_deck":["theMarked:Strike","theMarked:Strike","theMarked:Strike","theMarked:Strike","theMarked:Strike","theMarked:Defend","theMarked:Defend","theMarked:Defend","theMarked:Defend","theMarked:SoldierOfQuellstein+1","theMarked:ElectricStrings","theMarked:StartUp","theMarked:ContemptForTheProud+1","theMarked:ResourceFulStrike","theMarked:ChainLightning+1","theMarked:Vacuum+1","theMarked:Frustration+1","theMarked:WardOff+1","theMarked:LightningStrikesTwice+1","theMarked:Toughness","theMarked:Maelstrom","theMarked:Polarize+1","theMarked:EmpowerWeapon","theMarked:MuscleMemory","theMarked:Aftermath","theMarked:MagusForm","theMarked:Improvise+1","theMarked:Heritage","theMarked:Overcharge","theMarked:Defy+1","CurseOfTheBell","theMarked:Generate+1","theMarked:Aftermath+1","Jack Of All Trades","theMarked:ChainLightning+1","theMarked:Improvise+1","theMarked:Reabsorb+1","theMarked:Indomitable+1","theMarked:BanishingWave+1","theMarked:TwofoldDefense+1"],"relics":["theMarked:BronzeBlade","NeowsBlessing","Molten Egg 2","Question Card","Ice Cream","HornCleat","Elementarium:GolemsHeart","Elementarium:GoldenMirage","Elementarium:ElementariumTrophy","Toy Ornithopter","Pocketwatch","theMarked:NailFile","MerchantsRug","Akabeko","Ginger","Turnip"],"acts_visited":["Exordium","Elementarium:Elementarium","TheBeyond"],"potions_floor_usage":[16,16,22,29,33,41,44,46],"damage_taken":[{"damage":0,"enemies":"2 Louse","floor":1,"turns":1},{"damage":0,"enemies":"Cultist","floor":4,"turns":1},{"damage":0,"enemies":"3 Sentries","floor":6,"turns":2},{"damage":5,"enemies":"Jaw Worm","floor":7,"turns":3},{"damage":10,"enemies":"Gremlin Nob","floor":10,"turns":4},{"damage":24,"enemies":"Hexaghost","floor":16,"turns":8},{"damage":2,"enemies":"Elementarium:2_ELEMENTALS","floor":18,"turns":3},{"damage":7,"enemies":"Elementarium:MUD_AND_TAR_GOLEMS","floor":19,"turns":3},{"damage":22,"enemies":"Elementarium:STONE_GOLEMS","floor":22,"turns":4},{"damage":32,"enemies":"Elementarium:ElementalPortal","floor":24,"turns":6},{"damage":9,"enemies":"Elementarium:Hydrostalker","floor":29,"turns":3},{"damage":3,"enemies":"Elementarium:GOLDEN_STATUES","floor":30,"turns":3},{"damage":15,"enemies":"Elementarium:CYCLONE_AND_LIVING_STORMCLOUD","floor":31,"turns":4},{"damage":64,"enemies":"Elementarium:GolemEmperor","floor":33,"turns":12},{"damage":5,"enemies":"Orb Walker","floor":35,"turns":3},{"damage":24,"enemies":"3 Darklings","floor":37,"turns":3},{"damage":17,"enemies":"Sphere and 2 Shapes","floor":39,"turns":10},{"damage":40,"enemies":"Writhing Mass","floor":41,"turns":6},{"damage":25,"enemies":"Jaw Worm Horde","floor":44,"turns":3},{"damage":9,"enemies":"4 Shapes","floor":45,"turns":2},{"damage":14,"enemies":"2 Orb Walkers","floor":46,"turns":3},{"damage":17,"enemies":"Maw","floor":47,"turns":5}],"seed_played":"3503244462113871809","potions_obtained":[{"floor":4,"key":"LiquidBronze"},{"floor":7,"key":"EssenceOfSteel"},{"floor":19,"key":"BlessingOfTheForge"},{"floor":24,"key":"Fire Potion"},{"floor":31,"key":"GamblersBrew"},{"floor":37,"key":"LiquidMemories"},{"floor":39,"key":"Block Potion"},{"floor":41,"key":"Ancient Potion"},{"floor":46,"key":"Dexterity Potion"}],"is_trial":false,"path_per_floor":["M","$","?","M","?","E","M","R","T","E","?","$","R","T","R","B",null,"M","M","?","$","M","R","E","R","T","R","?","M","?","M","R","B",null,"M","?","M","$","M","R","M","R","T","M","M","?","M"],"character_chosen":"THE_DEFAULT","items_purchased":["theMarked:StartUp","theMarked:ContemptForTheProud","theMarked:WardOff","theMarked:LightningStrikesTwice+1","theMarked:EmpowerWeapon","theMarked:MuscleMemory","MerchantsRug","Jack Of All Trades","theMarked:ChainLightning+1","Akabeko"],"campfire_rested":5,"item_purchase_floors":[2,2,12,12,21,21,38,38,38,38],"current_hp_per_floor":[70,70,70,70,67,74,69,69,69,59,59,59,59,59,59,35,77,75,68,76,76,54,79,47,47,47,72,72,63,60,45,70,6,85,80,80,56,56,39,64,29,54,54,34,25,16,0,0],"gold":144,"neow_bonus":"THREE_ENEMY_KILL","is_daily":false,"chose_seed":false,"campfire_upgraded":3,"win_rate":0.0,"timestamp":1612027648,"path_taken":["M","$","?","?","?","E","M","R","T","E","?","?","R","?","R","BOSS","M","M","?","?","M","R","E","R","T","R","?","?","?","?","R","BOSS","M","?","?","$","M","R","M","R","T","M","M","?","M"],"items_purchased_type":["Card","Card","Card","Card","Card","Card","Relic","Card","Card","Relic"],"build_version":"2020-12-22","purchased_purges":0,"victory":false,"max_hp_per_floor":[70,70,70,70,70,77,77,77,77,77,77,77,77,77,77,77,77,77,77,85,85,85,85,85,85,85,85,85,85,85,85,85,85,85,85,85,85,85,85,85,85,85,85,85,85,85,85,85],"card_choices":[{"not_picked":["theMarked:TakeCover","theMarked:CreepingChasm"],"picked":"theMarked:ElectricStrings","floor":1},{"not_picked":["theMarked:WardOff","theMarked:Convert"],"picked":"theMarked:ResourceFulStrike","floor":4},{"not_picked":["theMarked:ElectricStrings+1","theMarked:Determination"],"picked":"theMarked:ChainLightning+1","floor":6},{"not_picked":["theMarked:Memento","theMarked:TakeCover"],"picked":"theMarked:Vacuum+1","floor":7},{"not_picked":["theMarked:ContemptForTheProud+1","theMarked:TheMission","theMarked:Memento"],"picked":"theMarked:Frustration+1","floor":10},{"not_picked":["theMarked:FavorableWinds","theMarked:TurnInvisible","theMarked:Levitate"],"picked":"theMarked:Toughness","floor":16},{"not_picked":["theMarked:RepellingDischarge","theMarked:MuscleMemory","theMarked:ChainLightning+1"],"picked":"theMarked:Maelstrom","floor":18},{"not_picked":["theMarked:TwofoldDefense","theMarked:Improvise","theMarked:ResourceFulStrike+1"],"picked":"theMarked:Polarize+1","floor":19},{"not_picked":["theMarked:Improvise","theMarked:HeightenedSenses+1","theMarked:ResourceFulStrike+1"],"picked":"theMarked:Aftermath","floor":22},{"not_picked":["theMarked:TakeCover","theMarked:Maelstrom","theMarked:EmpowerWeapon+1"],"picked":"theMarked:MagusForm","floor":24},{"not_picked":["theMarked:KeepCalmAndFight+1","theMarked:TakeCover","theMarked:Pokerface+1"],"picked":"theMarked:Improvise+1","floor":29},{"not_picked":["theMarked:Frustration+1","theMarked:TwofoldDefense","theMarked:RepellingDischarge"],"picked":"theMarked:Heritage","floor":30},{"not_picked":["theMarked:Overthink","theMarked:Aftermath","theMarked:RepellingDischarge"],"picked":"theMarked:Overcharge","floor":31},{"not_picked":["theMarked:Levitate","theMarked:Snap+1","theMarked:MagusForm"],"picked":"theMarked:Defy+1","floor":33},{"not_picked":["theMarked:RogueSparks","theMarked:Friction","theMarked:TwofoldDefense+1"],"picked":"theMarked:Generate+1","floor":35},{"not_picked":["theMarked:Panic","theMarked:ElectricStrings+1","theMarked:ChannelForce"],"picked":"theMarked:Aftermath+1","floor":37},{"not_picked":["theMarked:EmpowerWeapon","theMarked:WardOff","theMarked:TheMission"],"picked":"theMarked:Improvise+1","floor":39},{"not_picked":["theMarked:WardOff+1","theMarked:Memento+1","theMarked:TwofoldDefense+1"],"picked":"theMarked:Reabsorb+1","floor":41},{"not_picked":["theMarked:SwordAndMagic+1","theMarked:Pokerface","theMarked:RepellingDischarge+1"],"picked":"theMarked:Indomitable+1","floor":44},{"not_picked":["theMarked:StartUp+1","theMarked:RepellingDischarge+1","theMarked:AttractMetal+1"],"picked":"theMarked:BanishingWave+1","floor":45},{"not_picked":["theMarked:MagusForm","theMarked:Opportunist+1","theMarked:Parkour+1"],"picked":"theMarked:TwofoldDefense+1","floor":46}],"player_experience":3705070,"relics_obtained":[{"floor":6,"key":"Strawberry"},{"floor":9,"key":"Question Card"},{"floor":10,"key":"WingedGreaves"},{"floor":24,"key":"Ice Cream"},{"floor":26,"key":"HornCleat"},{"floor":30,"key":"Elementarium:GoldenMirage"},{"floor":34,"key":"Toy Ornithopter"},{"floor":34,"key":"Pocketwatch"},{"floor":34,"key":"theMarked:NailFile"},{"floor":43,"key":"Ginger"},{"floor":46,"key":"Turnip"}],"event_choices":[{"damage_healed":0,"gold_gain":0,"player_choice":"Ignored","damage_taken":0,"max_hp_gain":0,"max_hp_loss":0,"event_name":"NoteForYourself","floor":3,"gold_loss":0},{"damage_healed":0,"gold_gain":0,"player_choice":"Success","damage_taken":3,"relics_obtained":["Molten Egg 2"],"max_hp_gain":0,"max_hp_loss":0,"event_name":"Scrap Ooze","floor":5,"gold_loss":0},{"damage_healed":0,"gold_gain":0,"player_choice":"Graft","damage_taken":0,"max_hp_gain":8,"max_hp_loss":0,"event_name":"Elementarium:SculptureGarden","floor":20,"gold_loss":0},{"damage_healed":0,"gold_gain":0,"player_choice":"Chest","damage_taken":0,"relics_obtained":["Elementarium:GolemsHeart"],"max_hp_gain":0,"max_hp_loss":0,"event_name":"Elementarium:AbandonedFactory","floor":28,"gold_loss":0,"cards_obtained":["Pain"]},{"damage_healed":0,"gold_gain":0,"player_choice":"Fight","damage_taken":0,"max_hp_gain":0,"max_hp_loss":0,"event_name":"Elementarium:GoldenStatues","floor":30,"gold_loss":0},{"cards_removed":["Pain"],"damage_healed":0,"gold_gain":0,"player_choice":"Purged","damage_taken":0,"max_hp_gain":0,"max_hp_loss":0,"event_name":"Purifier","floor":36,"gold_loss":0},{"damage_healed":0,"gold_gain":0,"player_choice":"Fight","damage_taken":0,"max_hp_gain":0,"max_hp_loss":0,"event_name":"Mysterious Sphere","floor":46,"gold_loss":0}],"is_beta":false,"boss_relics":[{"not_picked":["SlaversCollar","Tiny House"],"picked":"theMarked:BronzeBlade"},{"not_picked":["Cursed Key","Runic Pyramid"],"picked":"Calling Bell"}],"items_purged_floors":[],"is_endless":false,"potions_floor_spawned":[4,7,19,24,31,37,39,41,46],"killed_by":"Maw","ascension_level":0}}