{"host":"d52brwsy6af8zvaq","time":1612026283,"event":{"mods":["AchievementEnabler","BaseMod","Bestiary","Highlight Path","Minty Spire (QoL Compilation)","Quick Restart","Relic Stats","ojb\u0027s Better Paths Mod"],"gold_per_floor":[119,37,54,64,64,64,64,64],"floor_reached":7,"language":"ENG","playtime":270,"items_purged":[],"score":82,"play_id":"3bd9170c-0ef6-4bd3-8e14-14be1efc4f04","local_time":"20210130100443","is_ascension_mode":true,"campfire_choices":[{"data":"Dagger Spray","floor":6,"key":"SMITH"}],"circlet_count":0,"master_deck":["AscendersBane","Strike_G","Strike_G","Strike_G","Strike_G","Defend_G+1","Defend_G","Defend_G","Defend_G","Defend_G","Survivor+1","Neutralize","Poisoned Stab","Dagger Spray+1","Slice","Backflip","Prepared"],"relics":["Ring of the Snake","War Paint"],"acts_visited":["Exordium"],"potions_floor_usage":[],"damage_taken":[{"damage":0,"enemies":"Small Slimes","floor":1,"turns":5},{"damage":2,"enemies":"Jaw Worm","floor":3,"turns":4},{"damage":1,"enemies":"Cultist","floor":4,"turns":4},{"damage":53,"enemies":"Lagavulin","floor":7,"turns":10}],"seed_played":"9015303775328862641","potions_obtained":[],"is_trial":false,"path_per_floor":["M","$","M","M","?","R","E"],"character_chosen":"THE_SILENT","items_purchased":["Dagger Spray","Slice"],"campfire_rested":0,"item_purchase_floors":[2,2],"current_hp_per_floor":[59,59,57,56,49,49,0,0],"gold":64,"neow_bonus":"RANDOM_COMMON_RELIC","is_daily":false,"chose_seed":false,"campfire_upgraded":1,"win_rate":0.0,"timestamp":1612026283,"path_taken":["M","$","M","M","?","R","E"],"items_purchased_type":["Card","Card"],"build_version":"2020-12-22","purchased_purges":0,"victory":false,"max_hp_per_floor":[66,66,66,66,66,66,66,66],"relic_stats":{"counters":[4,23],"War Paint":["Defend_G","Survivor"],"obtain_stats":[{"War Paint":0,"Ring of the Snake":0},{"War Paint":0,"Ring of the Snake":0},{"War Paint":0,"Ring of the Snake":0}],"Ring of the Snake":[8]},"card_choices":[{"not_picked":["Flying Knee","Prepared"],"picked":"Poisoned Stab","floor":1},{"not_picked":["Acrobatics","Poisoned Stab"],"picked":"Backflip","floor":3},{"not_picked":["Quick Slash","Accuracy"],"picked":"Prepared","floor":4}],"player_experience":2071341,"relics_obtained":[],"event_choices":[{"cards_removed":["Strike_G"],"damage_healed":0,"gold_gain":0,"player_choice":"Card Removal","damage_taken":7,"max_hp_gain":0,"max_hp_loss":0,"event_name":"Golden Wing","floor":5,"gold_loss":0}],"is_beta":false,"boss_relics":[],"items_purged_floors":[],"is_endless":false,"potions_floor_spawned":[],"killed_by":"Lagavulin","ascension_level":20}}