{"host":"5v9rfzf5qju8k9wy","time":1612013579,"event":{"mods":["Act Like it!","Arknights The Spire","BaseMod","Gensokyo","Marisa£®ÏF”Í°°ƒß¿Ì…≥£©","Minty Spire (QoL Compilation)","Reimu£®≤©¿ˆ¡È√Œ£©","Remilia£®¿Ÿ√◊¿Ú—«£©","Replay The Spire","StSLib","The Administrix","Youmu£®ªÍ∆«—˝√Œ£©"],"gold_per_floor":[112,130,158,171,171,171,171],"floor_reached":6,"language":"ZHS","playtime":746,"items_purged":[],"score":46,"play_id":"8b72c487-4360-4d11-b276-d9a82a024f2a","local_time":"20210130213259","is_ascension_mode":false,"campfire_choices":[],"circlet_count":0,"master_deck":["Strike_YM","Strike_YM","Strike_YM","Strike_YM","Defend_YM","Defend_YM","Defend_YM","Defend_YM","SlashOfPresentWorld","WheelOfPainOfLivingAndDead","Voices","SwordExtraction","LightFlashOfTheNetherworld","HellFireSword+1"],"relics":["HalfPhantom","Ring of Fury","ReplayTheSpireMod:Ring of Collecting","Gremlin Food"],"acts_visited":["Gensokyo:Gensokyo"],"potions_floor_usage":[3],"damage_taken":[{"damage":3,"enemies":"Gensokyo:Gryphon","floor":1,"turns":3},{"damage":0,"enemies":"Gensokyo:3_Fairies","floor":2,"turns":3},{"damage":17,"enemies":"Gensokyo:Mamizou","floor":3,"turns":10},{"damage":1,"enemies":"Gensokyo:Python","floor":4,"turns":3},{"damage":64,"enemies":"Gensokyo:Cirno","floor":6,"turns":9}],"seed_played":"-4354011964284312930","potions_obtained":[{"floor":2,"key":"SkillPotion"},{"floor":4,"key":"Elixir"}],"is_trial":false,"path_per_floor":["M","M","?","M","?","E"],"character_chosen":"YOUMU","items_purchased":[],"campfire_rested":0,"item_purchase_floors":[],"current_hp_per_floor":[72,72,55,54,54,0,0],"gold":171,"neow_bonus":"RANDOM_EVENT","is_daily":false,"chose_seed":false,"campfire_upgraded":0,"win_rate":0.0,"timestamp":1612013579,"path_taken":["M","M","?","M","?","E"],"items_purchased_type":[],"build_version":"2020-12-22","purchased_purges":0,"victory":false,"max_hp_per_floor":[75,75,75,75,75,75,75],"card_choices":[{"not_picked":["SpiderLilyBurial","HumanKnowledgeSword"],"picked":"SwordExtraction","floor":1},{"not_picked":["PhosphoricSlash","BizarrenessOfSixRealms"],"picked":"LightFlashOfTheNetherworld","floor":2},{"not_picked":["SlashOfDelusionalInnerEye","SlashClearingTheSixSenses"],"picked":"HellFireSword","floor":3},{"not_picked":["HumanKnowledgeSword","DoubleWheelOfPain","FlashingScatteredFlowers"],"picked":"SKIP","floor":4}],"player_experience":108188,"relics_obtained":[{"floor":0,"key":"Ring of Fury"},{"floor":0,"key":"ReplayTheSpireMod:Ring of Collecting"},{"floor":3,"key":"Gremlin Food"}],"event_choices":[],"is_beta":false,"boss_relics":[],"items_purged_floors":[],"is_endless":false,"potions_floor_spawned":[2,4],"killed_by":"Gensokyo:Cirno","ascension_level":0}}