{"host":"q57ekfojy3i00x9o","time":1612017061,"event":{"mods":["Arknights The Spire","Aspiration","BaseMod","Colored Map","Energized Spire","Hermit","Minty Spire (QoL Compilation)","Quick Restart","Spicy Shops","Spikes Relics","StSLib","slay the spire mod where everything is the same but ironclad has a cowboy hat"],"gold_per_floor":[116,116,134,8,8,8,35,35,113,123,20,32,49,84,84,180,180,196,196,3,3,3,3,3,3,3,14,29,43,61,91,91,196,196,214,214,8,25,39,39,39,86,86,100,100,112,112,122,122,122],"floor_reached":51,"language":"RUS","playtime":1704,"items_purged":[],"score":860,"play_id":"f3603176-b885-45bb-b026-4e0663628bb6","local_time":"20210130193101","is_ascension_mode":true,"campfire_choices":[{"data":"ats:Closed Bolt Burst Fire","floor":6.0,"key":"SMITH"},{"floor":8.0,"key":"REST"},{"data":"ats:Poison Spread","floor":15.0,"key":"SMITH"},{"data":"ats:Disruption Kick","floor":23.0,"key":"SMITH"},{"floor":32.0,"key":"REST"},{"floor":40.0,"key":"REST"},{"floor":47.0,"key":"REST"},{"floor":49,"key":"REST"}],"circlet_count":0,"master_deck":["ats:Strike C+1","ats:Strike G+1","ats:Strike S+1","ats:Strike V+1","ats:Armor Crushing Shot","ats:Defend+1","ats:Defend+1","ats:Defend+1","ats:Defend+1","ats:Emotion Absorption","ats:Shell Defense","ats:Closed Bolt Burst Fire+1","ats:Closed Bolt Burst Fire+1","ats:Rapid Magazine","ats:Poison Spread+1","ats:Explosion Area Strengthen","ats:Hammer On","ats:Overload","ats:Poison Spread","ats:Sashimi Platter","ats:Leaping Hammer","ats:Disruption Kick+1","ats:Neurotoxin","ats:Flexible Camouflage","ats:Explosion Area Strengthen","ats:Dogmatic Field","ats:Poison Spread","ats:Magnetic Hammer","ats:Wolf Pack","CurseOfTheBell","ats:Shell Defense+1","ats:Ambush","ats:Apocalypse","ats:Revitalization","ats:Powerful Strike+1","ats:Directed Diagnosis+1","ats:Blood Oath","ats:Hook Shot+1"],"relics":["ats:Sanity","ats:Originium","StoneCalendar","Matryoshka","Du-Vu Doll","Sandwich","ats:Ability Aura","Shuriken","Bag of Marbles","Calling Bell","ats:Spiritual Recovery","Kunai","CaptainsWheel","RollingBoulder","Meat on the Bone","aspiration:VileToxins"],"acts_visited":["Exordium","TheCity","TheBeyond"],"potions_floor_usage":[50],"damage_taken":[{"damage":1.0,"enemies":"Small Slimes","floor":1.0,"turns":4.0},{"damage":1.0,"enemies":"Cultist","floor":3.0,"turns":4.0},{"damage":40.0,"enemies":"3 Sentries","floor":7.0,"turns":7.0},{"damage":4.0,"enemies":"Jaw Worm","floor":10.0,"turns":3.0},{"damage":12.0,"enemies":"Exordium Wildlife","floor":12.0,"turns":3.0},{"damage":10.0,"enemies":"Large Slime","floor":13.0,"turns":3.0},{"damage":0.0,"enemies":"Gremlin Nob","floor":14.0,"turns":2.0},{"damage":48.0,"enemies":"Hexaghost","floor":16.0,"turns":8.0},{"damage":6.0,"enemies":"3 Byrds","floor":18.0,"turns":3.0},{"damage":0.0,"enemies":"Chosen","floor":21.0,"turns":1.0},{"damage":18.0,"enemies":"Snake Plant","floor":27.0,"turns":3.0},{"damage":6.0,"enemies":"Shelled Parasite and Fungi","floor":28.0,"turns":3.0},{"damage":19.0,"enemies":"Centurion and Healer","floor":29.0,"turns":5.0},{"damage":18.0,"enemies":"3 Cultists","floor":30.0,"turns":5.0},{"damage":57.0,"enemies":"Slavers","floor":31.0,"turns":5.0},{"damage":58.0,"enemies":"Collector","floor":33.0,"turns":9.0},{"damage":21.0,"enemies":"3 Shapes","floor":35.0,"turns":4.0},{"damage":43.0,"enemies":"3 Darklings","floor":38.0,"turns":4.0},{"damage":19.0,"enemies":"Jaw Worm Horde","floor":39.0,"turns":4.0},{"damage":27.0,"enemies":"2 Orb Walkers","floor":42.0,"turns":4.0},{"damage":41.0,"enemies":"4 Shapes","floor":44.0,"turns":6.0},{"damage":17.0,"enemies":"Transient","floor":46.0,"turns":5.0},{"damage":31,"enemies":"Maw","floor":48,"turns":9},{"damage":88,"enemies":"Awakened One","floor":50,"turns":13}],"seed_played":"5030289528299973231","potions_obtained":[{"floor":3.0,"key":"FairyPotion"},{"floor":12.0,"key":"SmokeBomb"},{"floor":13.0,"key":"ColorlessPotion"},{"floor":16.0,"key":"ats:Emergency Sanity Potion"},{"floor":28.0,"key":"ColorlessPotion"},{"floor":31.0,"key":"SkillPotion"},{"floor":38.0,"key":"Weak Potion"},{"floor":39.0,"key":"ColorlessPotion"},{"floor":44.0,"key":"BlessingOfTheForge"},{"floor":46.0,"key":"Explosive Potion"}],"is_trial":false,"path_per_floor":["M","?","M","$","?","R","E","R","T","M","$","M","M","E","R","B",null,"M","?","$","M","?","R","?","$","T","M","M","M","M","E","R","B",null,"M","?","$","M","M","R","?","?","T","M","T","M","R","M","R","B",null],"character_chosen":"DOCTOR_CLASS","items_purchased":["ats:Rapid Magazine","ats:Poison Spread","ats:Overload","ats:Neurotoxin","FairyPotion","ats:Ambush","ats:Apocalypse"],"campfire_rested":5,"item_purchase_floors":[4,4,11,20,20,37,37],"current_hp_per_floor":[71,71,72,72,72,72,32,53,53,49,49,39,29,42,42,9,72,66,66,66,66,66,66,66,66,66,52,55,62,58,11,32,19,72,69,69,69,35,24,45,45,36,36,20,20,27,48,58,72,53],"gold":122,"neow_bonus":"THREE_CARDS","is_daily":false,"chose_seed":false,"campfire_upgraded":3,"win_rate":0.0,"timestamp":1612017061,"path_taken":["M","?","?","?","?","R","E","R","T","M","?","M","M","E","R","BOSS","M","?","$","M","?","R","?","$","T","M","M","?","M","E","R","BOSS","M","?","$","M","M","R","?","?","T","M","?","M","R","?","R","BOSS"],"items_purchased_type":["Card","Card","Card","Card","Potion","Card","Card"],"build_version":"2020-12-22","purchased_purges":0,"victory":true,"max_hp_per_floor":[72,72,72,72,72,72,72,72,72,72,72,72,72,72,72,72,72,72,72,72,72,72,72,72,72,72,72,72,72,72,72,72,72,72,72,72,72,72,72,72,72,72,72,72,72,72,72,72,72,72],"card_choices":[{"not_picked":["ats:Curse Doll","ats:Beaten Up"],"picked":"ats:Shell Defense","floor":0.0},{"not_picked":["ats:Leaping Hammer","ats:Assault Order"],"picked":"ats:Closed Bolt Burst Fire","floor":1.0},{"not_picked":["ats:Very Hot Blade","ats:Curse Doll"],"picked":"ats:Closed Bolt Burst Fire","floor":3.0},{"not_picked":["ats:Chain Hook","ats:Cat Scratch"],"picked":"ats:Explosion Area Strengthen","floor":7.0},{"not_picked":["ats:Flame Of Heaven","ats:Ignite"],"picked":"ats:Hammer On","floor":10.0},{"not_picked":["ats:Blood Oath","ats:Revitalization"],"picked":"ats:Poison Spread","floor":12.0},{"not_picked":["ats:Sword Rain","ats:Serious Mode"],"picked":"ats:Sashimi Platter","floor":13.0},{"not_picked":["ats:Assault Order","ats:Cat Scratch"],"picked":"ats:Leaping Hammer","floor":14.0},{"not_picked":["ats:Volcano","ats:Wolf Pack"],"picked":"ats:Disruption Kick","floor":16.0},{"not_picked":["ats:Soul Absorption+1","ats:Leaping Hammer"],"picked":"ats:Composite Medical Shells","floor":18.0},{"not_picked":["ats:Thermite Blade","ats:Directed Diagnosis"],"picked":"ats:Flexible Camouflage","floor":27.0},{"not_picked":["ats:Collapsing Strike","ats:Revitalization"],"picked":"ats:Explosion Area Strengthen","floor":28.0},{"not_picked":["ats:Defend Order","ats:Leaping Hammer"],"picked":"ats:Dogmatic Field","floor":29.0},{"not_picked":["ats:Blood Oath+1","ats:Flexible Camouflage"],"picked":"ats:Poison Spread","floor":30.0},{"not_picked":["ats:Curse Doll","ats:Blood Oath+1"],"picked":"ats:Magnetic Hammer","floor":31.0},{"not_picked":["ats:Calcification","ats:Dogmatic Field"],"picked":"ats:Wolf Pack","floor":33.0},{"not_picked":["ats:Curse Doll","ats:Mental Burst"],"picked":"ats:Shell Defense+1","floor":35.0},{"not_picked":["ats:Ignite","ats:Cat Scratch+1"],"picked":"ats:Revitalization","floor":38.0},{"not_picked":["ats:Thorns","ats:Support Order","ats:Closed Bolt Burst Fire"],"picked":"SKIP","floor":39.0},{"not_picked":["ats:Charging Defense","ats:Guard Mode"],"picked":"ats:Powerful Strike+1","floor":42.0},{"not_picked":["ats:Spore Proliferation+1","ats:Collapsing Strike+1"],"picked":"ats:Directed Diagnosis+1","floor":44.0},{"not_picked":["ats:Phantom+1","ats:Absolute Focus"],"picked":"ats:Blood Oath","floor":46.0},{"not_picked":["ats:Shadow Raid","ats:Hammer On"],"picked":"ats:Hook Shot+1","floor":48}],"player_experience":740632,"relics_obtained":[{"floor":7.0,"key":"ats:Originium"},{"floor":7.0,"key":"StoneCalendar"},{"floor":9.0,"key":"Matryoshka"},{"floor":14.0,"key":"ats:Originium"},{"floor":14.0,"key":"Du-Vu Doll"},{"floor":26.0,"key":"ats:Ability Aura"},{"floor":26.0,"key":"Shuriken"},{"floor":31.0,"key":"ats:Originium"},{"floor":31.0,"key":"Bag of Marbles"},{"floor":34.0,"key":"ats:Spiritual Recovery"},{"floor":34.0,"key":"Kunai"},{"floor":34.0,"key":"CaptainsWheel"},{"floor":43.0,"key":"RollingBoulder"},{"floor":43.0,"key":"Meat on the Bone"},{"floor":45.0,"key":"aspiration:VileToxins"}],"event_choices":[{"damage_healed":0.0,"max_hp_gain":0.0,"max_hp_loss":0.0,"gold_gain":0.0,"event_name":"The Woman in Blue","player_choice":"Bought 0 Potions","floor":2.0,"gold_loss":0.0,"damage_taken":0.0},{"damage_healed":0.0,"max_hp_gain":0.0,"max_hp_loss":0.0,"gold_gain":0.0,"event_name":"Living Wall","player_choice":"Grow","floor":5.0,"gold_loss":0.0,"damage_taken":0.0,"cards_upgraded":["ats:Closed Bolt Burst Fire"]},{"damage_healed":0.0,"max_hp_gain":0.0,"max_hp_loss":0.0,"gold_gain":0.0,"event_name":"Back to Basics","player_choice":"Simplicity","floor":19.0,"gold_loss":0.0,"damage_taken":0.0,"cards_upgraded":["ats:Strike C","ats:Strike G","ats:Strike S","ats:Strike V","ats:Defend","ats:Defend","ats:Defend","ats:Defend"]},{"damage_healed":0.0,"max_hp_gain":0.0,"max_hp_loss":0.0,"gold_gain":0.0,"event_name":"The Library","player_choice":"Read","floor":22.0,"gold_loss":0.0,"damage_taken":0.0,"cards_obtained":["ats:Apocalypse"]},{"cards_removed":["ats:Composite Medical Shells"],"damage_healed":0.0,"max_hp_gain":0.0,"max_hp_loss":0.0,"gold_gain":0.0,"event_name":"Purifier","player_choice":"Purged","floor":24.0,"gold_loss":0.0,"damage_taken":0.0},{"damage_healed":0.0,"max_hp_gain":0.0,"max_hp_loss":0.0,"gold_gain":0.0,"event_name":"Tomb of Lord Red Mask","player_choice":"Ignored","floor":36.0,"gold_loss":0.0,"damage_taken":0.0},{"cards_removed":["ats:Apocalypse"],"damage_healed":0.0,"max_hp_gain":0.0,"max_hp_loss":0.0,"gold_gain":0.0,"event_name":"Falling","player_choice":"Removed Skill","floor":41.0,"gold_loss":0.0,"damage_taken":0.0},{"damage_healed":0.0,"max_hp_gain":0.0,"max_hp_loss":0.0,"gold_gain":0.0,"event_name":"Mysterious Sphere","player_choice":"Fight","floor":42.0,"gold_loss":0.0,"damage_taken":0.0}],"is_beta":false,"boss_relics":[{"not_picked":["Snecko Eye","SlaversCollar"],"picked":"Sandwich"},{"not_picked":["Tiny House","Coffee Dripper"],"picked":"Calling Bell"}],"items_purged_floors":[],"is_endless":false,"potions_floor_spawned":[3,12,13,16,18,21,28,31,38,39,44,46],"ascension_level":4}}