{"host":"ehgz297skgb1u9fr","time":1612044067,"event":{"mods":["2.2 Compatiblity","Act Like it!","Aspiration","BaseMod","Beaked The Cultist","Better Note","Better Sensory Stone","Better Skull","Better Third Choice","Better Vampires","Conspire","Energized Spire","Hubris","Minty Spire (QoL Compilation)","RRrroohrrRGHHhhh!!","Replay The Spire","Retaliation","Shop Mod","Small Relic Pack","StS++","StSLib","The Blue Laboratory","Wandering Minibosses","Wide Potions"],"gold_per_floor":[119,69,244,244,109,109,122,134,158,158,185,79,79,89,89,203,203,203,203],"floor_reached":18,"language":"ENG","playtime":914,"items_purged":[],"score":208,"play_id":"33a77d8f-cc80-43c0-bbc3-29df0f89fa0e","local_time":"20210130160107","is_ascension_mode":false,"campfire_choices":[{"floor":6,"key":"REST"},{"data":"Zap","floor":10,"key":"SMITH"},{"data":"rorgmod:LRU Cache","floor":15,"key":"SMITH"}],"circlet_count":0,"master_deck":["Strike_B","Strike_B","Strike_B","Strike_B","Defend_B","Defend_B","Defend_B","Defend_B","Zap+1","Dualcast","Meteor Strike","rorgmod:LRU Cache+1","conspire:SpireCoStock","Doubt","Crystallizer+1","rorgmod:Fusion","hubris:PowerSurge","Pot Of Greed","Pot Of Greed","rorgmod:Thunder Strike+1","Injury","hubris:SpecializedCircuitry"],"relics":["Cracked Core","Gremlin Horn","Grinning Jar","rorgmod:The Boot","Toxic Egg 2","rorgmod:Black Star"],"acts_visited":["Exordium","TheCity"],"potions_floor_usage":[16],"damage_taken":[{"damage":10,"enemies":"Small Slimes","floor":1,"turns":3},{"damage":0,"enemies":"conspire:RoseBush","floor":7,"turns":4},{"damage":6,"enemies":"2 Louse","floor":8,"turns":2},{"damage":18,"enemies":"Replay:BlueRogue","floor":11,"turns":5},{"damage":2,"enemies":"Blue Slaver","floor":14,"turns":2},{"damage":0,"enemies":"Slime Boss","floor":16,"turns":4},{"damage":24,"enemies":"Shell Parasite","floor":18,"turns":5}],"seed_played":"7393371186925521391","potions_obtained":[{"floor":7,"key":"blueLaboratory:LouseDecoction"},{"floor":8,"key":"Elixir"},{"floor":14,"key":"AttackPotion"}],"is_trial":false,"path_per_floor":["M","?","?","?","$","R","M","M","T","R","E","$","?","M","R","B",null,"M"],"character_chosen":"DEFECT","items_purchased":["Crystallizer+1","rorgmod:Fusion","rorgmod:Thunder Strike+1"],"campfire_rested":1,"item_purchase_floors":[5,5,12],"current_hp_per_floor":[65,65,65,53,53,75,75,69,69,69,51,51,51,49,49,49,75,51,51],"gold":203,"neow_bonus":"ONE_RANDOM_RARE_CARD","is_daily":false,"chose_seed":false,"campfire_upgraded":2,"win_rate":0.0,"timestamp":1612044067,"path_taken":["M","?","?","?","?","R","?","M","T","R","E","$","?","M","R","BOSS","M"],"items_purchased_type":["Card","Card","Card"],"build_version":"2020-12-22","purchased_purges":0,"victory":false,"max_hp_per_floor":[75,75,75,75,75,75,75,75,75,75,75,75,75,75,75,75,75,75,75],"card_choices":[{"not_picked":["Hologram","Heatsinks"],"picked":"rorgmod:LRU Cache","floor":1},{"not_picked":["Coolheaded","ReplayTheSpireMod:Dual Polarity","Panic Button"],"picked":"SKIP","floor":7},{"not_picked":["StSpp:Pointer","ReplayTheSpireMod:Dual Polarity"],"picked":"hubris:PowerSurge","floor":8},{"not_picked":["Chill","ReplayTheSpireMod:Repulse","Barrage"],"picked":"SKIP","floor":11},{"not_picked":["Stack+1","Skim+1","Steam Power+1"],"picked":"SKIP","floor":14},{"not_picked":["Hyperbeam","rorgmod:Black Ice"],"picked":"hubris:SpecializedCircuitry","floor":16}],"player_experience":405742,"relics_obtained":[{"floor":9,"key":"Grinning Jar"},{"floor":11,"key":"rorgmod:The Boot"}],"event_choices":[{"damage_healed":0,"gold_gain":0,"player_choice":"Invest 1","damage_taken":0,"max_hp_gain":0,"max_hp_loss":0,"event_name":"conspire:Investor","floor":2,"gold_loss":0},{"damage_healed":0,"gold_gain":175,"player_choice":"AGREE","damage_taken":69,"max_hp_gain":0,"max_hp_loss":0,"event_name":"betterThird:BetterSerpent","floor":3,"gold_loss":0},{"damage_healed":0,"gold_gain":0,"player_choice":"Relic ","damage_taken":12,"max_hp_gain":0,"max_hp_loss":0,"event_name":"betterThird:BetterScrap","floor":4,"gold_loss":0,"cards_obtained":["Caltrops"]}],"is_beta":false,"boss_relics":[{"not_picked":["Ring of Chaos","energizedSpire:RedRose"],"picked":"rorgmod:Black Star"}],"items_purged_floors":[],"is_endless":false,"potions_floor_spawned":[7,8,14],"killed_by":"Shell Parasite","ascension_level":0}}