{"host":"oqhjdqr9xcmboomw","time":1612043889,"event":{"mods":["2.2 Compatiblity","AchievementEnabler","Act Like it!","Aspiration","BaseMod","Beaked The Cultist","Better Third Choice","Conjunction","Conspire","Disable Question Mark Monsters","Elementarium","Energized Spire","GifTheSpireLib","Halation","Hallownest","Hermit","Hubris","Infinite Spire","Jorbs\u0027s Wanderer Trilogy","Mimic Mod","Minty Spire (QoL Compilation)","Random Character Button","Rare Cards Sparkle","Replay The Spire","Spicy Shops","Spikes Relics","StSLib","Stuff the Spire","The Blackbeard","The Blue Laboratory","The Cursed","The Disciple","The Gatherer","The Hierophant","The Judge","The Mystic","The Saiyan","The Wild Card","Unceasing Turn Reminder","Wandering Minibosses"],"gold_per_floor":[113,113,77,77,97,137,137,177,223,246,246,302,302,326,326,449,449,449,449,449,449,449,449,449,297,297,297,297,297,297,52,52,52,52,52,52,52,52,52,52],"floor_reached":39,"language":"ENG","playtime":1970,"items_purged":["Pain","TheCursedMod:Strike_TheCursed"],"score":746,"play_id":"30cc2f64-a644-4b75-8685-341fbe7ea9fc","local_time":"20210130165809","is_ascension_mode":true,"campfire_choices":[{"floor":7,"key":"REST"},{"data":"TheCursedMod:StingEye","floor":13,"key":"SMITH"},{"data":"TheCursedMod:OutForBlood","floor":15,"key":"SMITH"},{"data":"TheCursedMod:SpitefulPlan","floor":29,"key":"SMITH"},{"floor":32,"key":"REST"}],"circlet_count":0,"master_deck":["TheCursedMod:Strike_TheCursed","TheCursedMod:Strike_TheCursed","TheCursedMod:Strike_TheCursed","TheCursedMod:Defend_TheCursed","TheCursedMod:Defend_TheCursed","TheCursedMod:Defend_TheCursed","TheCursedMod:CursedWand","TheCursedMod:CleanUpWorkshop","TheCursedMod:Dregs","TheCursedMod:OutForBlood+1","TheCursedMod:CursedShiv","Injury","WordoMod:Accursed","TheCursedMod:StingEye+1","TheCursedMod:StingEye","TheCursedMod:VitalStrike","TheCursedMod:PrepareRite","TheCursedMod:Obscuration","TheCursedMod:CursedShiv","TheCursedMod:FleshFromBone","TheCursedMod:CircleOfFlame","Parasite","TheCursedMod:VitalStrike","TheCursedMod:StingEye","TheCursedMod:DemonicPact","TheCursedMod:SpitefulPlan+1","TheCursedMod:AntiAging","TheCursedMod:EmpowerCircles","TheCursedMod:SpitefulStrike","TheCursedMod:WearCloak+1","Injury","Dramatic Entrance","TheCursedMod:CircleOfCorruption","TheCursedMod:CollectTribute+1","TheCursedMod:CircleOfBlood"],"relics":["TheCursedMod:BlackMagic101","Golden Idol","Pear","conspire:DeflatedDodgeball","halation:LettersToHer","conspire:DecoderRing","Ectoplasm","MutagenicStrength","Nloth\u0027s Gift","Frozen Egg 2","hubris:EmptyBottle","halation:TwoAmDonut","aspiration:FetidBarrel","hubris:TerracottaHorce","aspiration:HiddenCompartment","halation:EternalFortune"],"acts_visited":["Exordium","TheCity","TheBeyond"],"potions_floor_usage":[23,27,28,28,28,33,33,33,33],"damage_taken":[{"damage":14,"enemies":"Jaw Worm","floor":1,"turns":5},{"damage":0,"enemies":"Small Slimes","floor":5,"turns":3},{"damage":30,"enemies":"Replay:BlueRogue","floor":6,"turns":7},{"damage":29,"enemies":"Lagavulin","floor":8,"turns":7},{"damage":0,"enemies":"Cultist","floor":10,"turns":4},{"damage":0,"enemies":"2 Fungi Beasts","floor":14,"turns":2},{"damage":25,"enemies":"Fading Forest","floor":16,"turns":11},{"damage":5,"enemies":"Spheric Guardian","floor":18,"turns":4},{"damage":4,"enemies":"Shell Parasite","floor":21,"turns":3},{"damage":12,"enemies":"3 Cultists","floor":22,"turns":4},{"damage":17,"enemies":"Book of Stabbing","floor":23,"turns":4},{"damage":10,"enemies":"conspire:HollyBat","floor":24,"turns":8},{"damage":2,"enemies":"Cultist and Chosen","floor":27,"turns":2},{"damage":0,"enemies":"Shelled Parasite and Fungi","floor":28,"turns":6},{"damage":0,"enemies":"conspire:HollyBat","floor":30,"turns":8},{"damage":8,"enemies":"Collector","floor":33,"turns":6},{"damage":28,"enemies":"3 Darklings","floor":35,"turns":4},{"damage":17,"enemies":"3 Shapes","floor":38,"turns":4},{"damage":54,"enemies":"2 Orb Walkers","floor":39,"turns":3}],"seed_played":"-1529624631246747020","potions_obtained":[{"floor":1,"key":"LiquidBronze"},{"floor":14,"key":"blueLaboratory:HeartbeatPotion"},{"floor":22,"key":"Adrenaline Potion"},{"floor":23,"key":"ColorlessPotion"},{"floor":27,"key":"blueLaboratory:FrostheartPotion"},{"floor":30,"key":"AttackPotion"},{"floor":35,"key":"FearPotion"}],"is_trial":false,"path_per_floor":["M","?","$","?","M","E","R","E","T","M","?","?","R","M","R","B",null,"M","?","?","M","M","E","M","$","T","M","M","R","M","$","R","B",null,"M","AVR","?","M","?"],"character_chosen":"THE_CURSED","items_purchased":["ReplayTheSpireMod:CursedCoin","TheCursedMod:StingEye","TheCursedMod:VitalStrike","hubris:EmptyBottle","Dramatic Entrance","aspiration:FetidBarrel"],"campfire_rested":2,"item_purchase_floors":[3,3,3,25,25,31],"current_hp_per_floor":[54,54,54,54,54,34,59,30,30,30,51,51,51,51,51,46,75,70,70,70,66,54,39,31,31,31,29,29,29,29,29,55,47,79,53,53,56,45,0,0],"gold":52,"neow_bonus":"THREE_RARE_CARDS","is_daily":false,"chose_seed":false,"campfire_upgraded":3,"win_rate":0.0,"timestamp":1612043889,"path_taken":["M","?","$","?","M","E","R","E","T","?","?","?","R","?","R","BOSS","M","?","?","?","?","E","M","$","T","M","M","R","M","$","R","BOSS","M","AVR","?","M","?"],"items_purchased_type":["Relic","Card","Card","Relic","Card","Relic"],"build_version":"2020-12-22","purchased_purges":2,"victory":false,"max_hp_per_floor":[75,75,75,75,75,85,85,85,85,85,85,85,85,85,85,85,85,85,85,85,85,85,87,89,89,89,89,89,89,89,89,89,89,89,91,91,94,94,94,94],"card_choices":[{"not_picked":["TheCursedMod:NeowsMight","TheCursedMod:ManaCirculation"],"picked":"TheCursedMod:OutForBlood","floor":0},{"not_picked":["TheCursedMod:CircleOfCorruption","TheCursedMod:SmokeScreen"],"picked":"TheCursedMod:CursedShiv","floor":1},{"not_picked":["TheCursedMod:TacticalStrike","TheCursedMod:VitalStrike"],"picked":"TheCursedMod:Obscuration","floor":5},{"not_picked":["TheCursedMod:AshesToAshes","TheCursedMod:CursedStaff"],"picked":"TheCursedMod:CursedShiv","floor":6},{"not_picked":["TheCursedMod:CursedBlade","TheCursedMod:Wield"],"picked":"TheCursedMod:FleshFromBone","floor":8},{"not_picked":["TheCursedMod:NeowsMight","TheCursedMod:CursedBlade"],"picked":"TheCursedMod:CircleOfFlame","floor":10},{"not_picked":["TheCursedMod:CursedShiv","TheCursedMod:CircleOfBlood"],"picked":"TheCursedMod:VitalStrike","floor":12},{"not_picked":["TheCursedMod:SurpriseAttack","TheCursedMod:CursedAmulet"],"picked":"TheCursedMod:StingEye","floor":12},{"not_picked":["TheCursedMod:CursedMace","TheCursedMod:CircleOfFlame","TheCursedMod:SmokeScreen"],"picked":"SKIP","floor":14},{"not_picked":["TheCursedMod:ForbiddenAlchemy","TheCursedMod:CircleOfAbyss"],"picked":"TheCursedMod:DemonicPact","floor":16},{"not_picked":["TheCursedMod:Wield","TheCursedMod:CursedAmulet"],"picked":"TheCursedMod:SpitefulPlan","floor":18},{"not_picked":["TheCursedMod:VoidForm","TheCursedMod:CursedShiv"],"picked":"TheCursedMod:AntiAging","floor":21},{"not_picked":["TheCursedMod:CursedMace","TheCursedMod:RapidMovement+1"],"picked":"TheCursedMod:EmpowerCircles","floor":22},{"not_picked":["TheCursedMod:DemonicPact+1","TheCursedMod:OutForBlood+1"],"picked":"TheCursedMod:SpitefulStrike","floor":23},{"not_picked":["TheCursedMod:VoidForm+1","TheCursedMod:CircleOfAmplification"],"picked":"TheCursedMod:WearCloak+1","floor":24},{"not_picked":["TheCursedMod:CursedSpellbook","TheCursedMod:ReleasedStrength","TheCursedMod:Obscuration"],"picked":"SKIP","floor":27},{"not_picked":["TheCursedMod:StingEye","TheCursedMod:CursedSpellbook","TheCursedMod:CursedShiv"],"picked":"SKIP","floor":28},{"not_picked":["TheCursedMod:CircleOfFlame","TheCursedMod:EmpowerCircles+1"],"picked":"TheCursedMod:CircleOfCorruption","floor":30},{"not_picked":["TheCursedMod:StunningStrike","TheCursedMod:Neurasthenia"],"picked":"TheCursedMod:CollectTribute+1","floor":33},{"not_picked":["TheCursedMod:CursedMace","TheCursedMod:Wield+1"],"picked":"TheCursedMod:CircleOfBlood","floor":35},{"not_picked":["TheCursedMod:CircleOfFlame+1","TheCursedMod:CursedShiv","TheCursedMod:CursedBlade"],"picked":"SKIP","floor":38}],"player_experience":990305,"relics_obtained":[{"floor":6,"key":"Pear"},{"floor":8,"key":"conspire:DeflatedDodgeball"},{"floor":9,"key":"halation:LettersToHer"},{"floor":12,"key":"conspire:DecoderRing"},{"floor":23,"key":"Frozen Egg 2"},{"floor":26,"key":"halation:LettersToHer"},{"floor":26,"key":"halation:TwoAmDonut"}],"event_choices":[{"damage_healed":0,"gold_gain":0,"player_choice":"Take Wound","damage_taken":0,"relics_obtained":["Golden Idol"],"max_hp_gain":0,"max_hp_loss":0,"event_name":"Golden Idol","floor":2,"gold_loss":0,"cards_obtained":["Injury"]},{"damage_healed":0,"gold_gain":0,"cards_transformed":["TheCursedMod:Defend_TheCursed"],"player_choice":"Transformed","damage_taken":0,"max_hp_gain":0,"max_hp_loss":0,"event_name":"Transmorgrifier","floor":4,"gold_loss":0,"cards_obtained":["TheCursedMod:PrepareRite"]},{"damage_healed":21,"gold_gain":0,"player_choice":"Healed and dodged fight","damage_taken":0,"max_hp_gain":0,"max_hp_loss":0,"event_name":"Mushrooms","floor":11,"gold_loss":0,"cards_obtained":["Parasite"]},{"damage_healed":0,"gold_gain":0,"player_choice":"Inject Mutagens","damage_taken":0,"relics_obtained":["MutagenicStrength"],"max_hp_gain":0,"max_hp_loss":0,"event_name":"Drug Dealer","floor":19,"gold_loss":0},{"damage_healed":0,"gold_gain":0,"player_choice":"Traded Relic","damage_taken":0,"relics_obtained":["Nloth\u0027s Gift"],"max_hp_gain":0,"max_hp_loss":0,"event_name":"N\u0027loth","floor":20,"relics_lost":["ReplayTheSpireMod:CursedCoin"],"gold_loss":0},{"damage_healed":0,"gold_gain":0,"player_choice":"Fight","damage_taken":0,"max_hp_gain":0,"max_hp_loss":0,"event_name":"Mysterious Sphere","floor":39,"gold_loss":0}],"is_beta":false,"boss_relics":[{"not_picked":["aspiration:RunicSpoon","energizedSpire:OgreHead"],"picked":"Ectoplasm"},{"not_picked":["Sozu","Sandwich"],"picked":"hubris:TerracottaHorce"}],"items_purged_floors":[3,36],"is_endless":false,"potions_floor_spawned":[1,14,22,23,27,30,35],"killed_by":"2 Orb Walkers","ascension_level":9}}