{"host":"q0ahhcf6jhp3yzzb","time":1612045135,"event":{"mods":["Ascension Unlocker","BaseMod","Bestiary","Minty Spire (QoL Compilation)","Relic Stats","StSLib"],"gold_per_floor":[113,131,21,40,40,71,71,100,100,117,38,38,38,52,52,130,130,141,141,156,48,48,48,48,48],"floor_reached":24,"language":"ENG","playtime":878,"items_purged":[],"score":433,"play_id":"770f156f-bc55-4e6a-8e59-3ec1a7a9ea3d","local_time":"20210130151855","is_ascension_mode":true,"campfire_choices":[{"floor":7,"key":"REST"},{"data":"Footwork","floor":12,"key":"SMITH"},{"data":"Well Laid Plans","floor":15,"key":"SMITH"},{"data":"Die Die Die","floor":23,"key":"SMITH"}],"circlet_count":0,"master_deck":["AscendersBane","Defend_G","Defend_G","Defend_G","Defend_G","Defend_G","Survivor","Neutralize","Sucker Punch","Terror","Dagger Spray","Quick Slash","Blade Dance","Leg Sweep","Die Die Die+1","Footwork+1","Well Laid Plans+1","Die Die Die","Dodge and Roll","Bite","Bite","Bite","Bite","Bite","PiercingWail","Acrobatics"],"relics":["Ring of the Snake","Whetstone","Meat on the Bone","Incense Burner","Strawberry","Mercury Hourglass","Coffee Dripper"],"acts_visited":["Exordium","TheCity"],"potions_floor_usage":[6,24],"damage_taken":[{"damage":1,"enemies":"Cultist","floor":1,"turns":3},{"damage":8,"enemies":"2 Louse","floor":2,"turns":3},{"damage":3,"enemies":"Jaw Worm","floor":4,"turns":4},{"damage":31,"enemies":"Gremlin Nob","floor":6,"turns":4},{"damage":40,"enemies":"3 Sentries","floor":8,"turns":9},{"damage":0,"enemies":"Large Slime","floor":10,"turns":2},{"damage":0,"enemies":"Looter","floor":14,"turns":4},{"damage":27,"enemies":"Hexaghost","floor":16,"turns":10},{"damage":13,"enemies":"Spheric Guardian","floor":18,"turns":4},{"damage":5,"enemies":"Shell Parasite","floor":20,"turns":6},{"damage":54,"enemies":"Slavers","floor":24,"turns":4}],"seed_played":"-8553461744682694011","potions_obtained":[{"floor":1,"key":"ColorlessPotion"},{"floor":6,"key":"SmokeBomb"},{"floor":8,"key":"PowerPotion"},{"floor":16,"key":"Ancient Potion"}],"is_trial":false,"path_per_floor":["M","M","$","M","?","E","R","E","T","M","$","R","?","M","R","B",null,"M","?","M","$","?","R","E"],"character_chosen":"THE_SILENT","items_purchased":["Terror","Dagger Spray","Footwork","Acrobatics","DistilledChaos"],"campfire_rested":1,"item_purchase_floors":[3,3,11,21,21],"current_hp_per_floor":[58,50,50,47,42,23,42,21,21,33,33,33,33,45,45,30,62,49,49,50,50,50,50,0,0],"gold":48,"neow_bonus":"RANDOM_COMMON_RELIC","is_daily":false,"chose_seed":false,"campfire_upgraded":3,"win_rate":0.0,"timestamp":1612045135,"path_taken":["M","M","?","M","?","E","R","E","T","M","?","R","?","M","R","BOSS","M","?","M","$","?","R","E"],"items_purchased_type":["Card","Card","Card","Card","Potion"],"build_version":"2020-12-22","purchased_purges":0,"victory":false,"max_hp_per_floor":[66,66,66,66,66,66,66,73,73,73,73,73,73,73,73,73,73,73,51,51,51,51,51,51,51],"relic_stats":{"counters":[11,53],"Whetstone":["Strike_G","Strike_G"],"obtain_stats":[{"Strawberry":8,"Incense Burner":6,"Coffee Dripper":17,"Whetstone":0,"Ring of the Snake":0,"Meat on the Bone":5,"Mercury Hourglass":9},{"Strawberry":5,"Incense Burner":4,"Coffee Dripper":8,"Whetstone":0,"Ring of the Snake":0,"Meat on the Bone":3,"Mercury Hourglass":5},{"Strawberry":23,"Incense Burner":14,"Coffee Dripper":39,"Whetstone":0,"Ring of the Snake":0,"Meat on the Bone":10,"Mercury Hourglass":23}],"Ring of the Snake":[22],"Meat on the Bone":60,"Mercury Hourglass":[76]},"card_choices":[{"not_picked":["Prepared","Accuracy","Flechettes"],"picked":"SKIP","floor":1},{"not_picked":["Deflect","Bane"],"picked":"Sucker Punch","floor":2},{"not_picked":["Calculated Gamble","Distraction"],"picked":"Quick Slash","floor":4},{"not_picked":["Eviscerate","Outmaneuver"],"picked":"Blade Dance","floor":6},{"not_picked":["Heel Hook","Deflect"],"picked":"Leg Sweep","floor":8},{"not_picked":["Dagger Throw","PiercingWail"],"picked":"Die Die Die","floor":10},{"not_picked":["Deflect","Prepared"],"picked":"Well Laid Plans","floor":14},{"not_picked":["Doppelganger","Storm of Steel"],"picked":"Die Die Die","floor":16},{"not_picked":["Finisher","All Out Attack"],"picked":"Dodge and Roll","floor":18},{"not_picked":["Noxious Fumes","Calculated Gamble"],"picked":"PiercingWail","floor":20}],"player_experience":821989,"relics_obtained":[{"floor":6,"key":"Incense Burner"},{"floor":8,"key":"Strawberry"},{"floor":9,"key":"Mercury Hourglass"}],"event_choices":[{"damage_healed":0,"gold_gain":0,"player_choice":"Success","damage_taken":5,"relics_obtained":["Meat on the Bone"],"max_hp_gain":0,"max_hp_loss":0,"event_name":"Scrap Ooze","floor":5,"gold_loss":0},{"damage_healed":0,"gold_gain":0,"player_choice":"Ignored","damage_taken":0,"max_hp_gain":0,"max_hp_loss":0,"event_name":"Liars Game","floor":13,"gold_loss":0},{"damage_healed":0,"gold_gain":0,"player_choice":"Became a vampire","damage_taken":0,"max_hp_gain":0,"max_hp_loss":22,"event_name":"Vampires","floor":19,"gold_loss":0,"cards_obtained":["Bite","Bite","Bite","Bite","Bite"]}],"is_beta":false,"boss_relics":[{"not_picked":["Ring of the Serpent","Runic Dome"],"picked":"Coffee Dripper"}],"items_purged_floors":[],"is_endless":false,"potions_floor_spawned":[1,6,8,16],"killed_by":"Slavers","ascension_level":20}}