{"host":"7f01flv6y0vhl3vt","time":1612046685,"event":{"mods":["Act Like it!","BaseMod","Downfall","Minty Spire (QoL Compilation)","StSLib"],"gold_per_floor":[199,213,227,227,22,22,22,44,69,69,107,141,41,26,40,139,139,39,24,24,24,9,24,104,104,119,119,139,139,139,139],"floor_reached":29,"language":"ENG","playtime":6343,"items_purged":[],"score":279,"play_id":"8a674add-72de-490f-b6b5-08562e64f93d","local_time":"20210130174445","is_ascension_mode":false,"campfire_choices":[{"floor":1,"key":"RECALL"},{"data":"sneckomod:MorePower","floor":6,"key":"SMITH"},{"floor":10,"key":"REST"},{"floor":13,"key":"REST"},{"data":"sneckomod:UnknownBoss","floor":18,"key":"SMITH"},{"floor":25,"key":"REST"},{"floor":27,"key":"REST"}],"circlet_count":0,"master_deck":["sneckomod:Strike+1","sneckomod:Strike+1","sneckomod:Strike","sneckomod:Defend","sneckomod:Defend","sneckomod:Defend","sneckomod:TailWhip","sneckomod:SnekBite","sneckomod:Unknown","sneckomod:DefensiveFlair+1","sneckomod:SoulCleanse","downfall:Malfunctioning","sneckomod:MorePower+1","sneckomod:DiceBoulder","sneckomod:PureSnecko+1","sneckomod:UnknownCommonAttack","sneckomod:DefensiveFlair+1","sneckomod:ImprovisedGuard","sneckomod:MasterEye","sneckomod:SerpentMind+1","sneckomod:CheapStock+1","sneckomod:TrashToTreasure+1","sneckomod:UnknownBoss+1","sneckomod:Mudshield+1","sneckomod:DiceBoulder+1","sneckomod:DangerNoodle","bronze:ItsAFeature+1","sneckomod:UnknownWeak+1","sneckomod:UnknownBoss","sneckomod:UnendingSupply+1","Writhe","sneckomod:Mudshield+1","sneckomod:ImprovisedAttack+1","sneckomod:Unknown2Cost","bronze:Verify+1","sneckomod:SlitherStrike","bronze:BurnOut","sneckomod:UnknownVulnerable+1"],"relics":["sneckomod:SuperSneckoSoul","MealTicket","Odd Mushroom","Strawberry","Frozen Egg 2","downfall:HeartBlessingBlue","downfall:HeartBlessingRed","Pen Nib","Bottled Tornado"],"acts_visited":["Exordium","TheCity"],"potions_floor_usage":[9,11,12,12,12,12,14,19,26,29],"damage_taken":[{"damage":0,"enemies":"2 Louse","floor":2,"turns":2},{"damage":11,"enemies":"Jaw Worm","floor":3,"turns":4},{"damage":5,"enemies":"downfall:FleeingMerchant","floor":5,"turns":4},{"damage":17,"enemies":"The Mushroom Lair","floor":8,"turns":4},{"damage":56,"enemies":"Gremlin Nob","floor":9,"turns":6},{"damage":0,"enemies":"Small Slimes","floor":11,"turns":3},{"damage":25,"enemies":"Lagavulin","floor":12,"turns":9},{"damage":6,"enemies":"downfall:FleeingMerchant","floor":14,"turns":4},{"damage":32,"enemies":"Exordium Thugs","floor":15,"turns":7},{"damage":39,"enemies":"IC_STATUS_ARCHETYPE","floor":16,"turns":8},{"damage":20,"enemies":"downfall:FleeingMerchant","floor":19,"turns":4},{"damage":10,"enemies":"downfall:FleeingMerchant","floor":22,"turns":4},{"damage":38,"enemies":"Shell Parasite","floor":23,"turns":8},{"damage":15,"enemies":"Snecko","floor":26,"turns":5},{"damage":49,"enemies":"Sentry and Sphere","floor":28,"turns":5},{"damage":56,"enemies":"Book of Stabbing","floor":29,"turns":5}],"seed_played":"856500540350250383","potions_obtained":[{"floor":8,"key":"ColorlessPotion"},{"floor":9,"key":"Slimebound:ThreeZeroPotion"},{"floor":11,"key":"EntropicBrew"},{"floor":12,"key":"Regen Potion"},{"floor":16,"key":"sneckomod:MuddlingPotion"},{"floor":23,"key":"SkillPotion"},{"floor":28,"key":"ColorlessPotion"}],"is_trial":false,"path_per_floor":["R","M","M","?","$","R","T","?","E","R","M","E","R","$","M","B",null,"R","$","?","?","$","M","T","R","M","R","M","E"],"character_chosen":"THE_SNECKO","items_purchased":["MealTicket","sneckomod:DiceBoulder"],"campfire_rested":4,"item_purchase_floors":[5,5],"current_hp_per_floor":[90,90,79,79,74,74,74,57,8,37,37,12,54,75,43,4,107,107,87,87,87,92,54,54,86,71,103,54,0,0,0],"gold":139,"neow_bonus":"HUNDRED_GOLD","is_daily":false,"chose_seed":false,"campfire_upgraded":2,"win_rate":0.0,"timestamp":1612046685,"path_taken":["R","M","M","?","$","R","T","?","E","R","M","E","R","$","M","BOSS","R","$","?","?","?","M","T","R","M","R","?","E"],"items_purchased_type":["Relic","Card"],"build_version":"2020-12-22","purchased_purges":0,"victory":false,"max_hp_per_floor":[90,90,90,90,90,90,90,90,97,97,97,97,107,107,107,107,107,107,107,107,107,107,107,107,107,107,107,107,107,107,107],"card_choices":[{"not_picked":["sneckomod:DiceBlock","sneckomod:Unknown1Cost"],"picked":"sneckomod:DefensiveFlair","floor":2},{"not_picked":["sneckomod:QuickMove","sneckomod:Nope"],"picked":"sneckomod:SoulCleanse","floor":3},{"not_picked":["sneckomod:UnendingSupply","sneckomod:RainOfDice"],"picked":"sneckomod:MorePower","floor":5},{"not_picked":["sneckomod:SnakeSap+1","sneckomod:Memorize+1"],"picked":"sneckomod:PureSnecko+1","floor":8},{"not_picked":["sneckomod:UnknownBlock","sneckomod:WideSting"],"picked":"sneckomod:UnknownCommonAttack","floor":8},{"not_picked":["sneckomod:IronFang+1","sneckomod:Unknown1Cost+1"],"picked":"sneckomod:DefensiveFlair+1","floor":9},{"not_picked":["sneckomod:Nope","sneckomod:IronFang"],"picked":"sneckomod:ImprovisedGuard","floor":9},{"not_picked":["sneckomod:WideSting","sneckomod:QuickMove"],"picked":"sneckomod:MasterEye","floor":11},{"not_picked":["sneckomod:Nope+1","sneckomod:SnekBeam+1"],"picked":"sneckomod:SerpentMind+1","floor":12},{"not_picked":["sneckomod:Unknown2Cost","sneckomod:QuickBite"],"picked":"sneckomod:CheapStock+1","floor":12},{"not_picked":["sneckomod:UnendingSupply+1","sneckomod:ImprovisedAttack+1"],"picked":"sneckomod:TrashToTreasure+1","floor":14},{"not_picked":["sneckomod:MixItUp","sneckomod:WideSting"],"picked":"sneckomod:UnknownBoss","floor":14},{"not_picked":["sneckomod:WideSting+1","sneckomod:UnknownCommonAttack+1"],"picked":"sneckomod:Mudshield+1","floor":15},{"not_picked":["sneckomod:IronFang","sneckomod:SoulRoll"],"picked":"sneckomod:UnknownUncommonPower+1","floor":15},{"not_picked":["sneckomod:UnknownBlock+1","sneckomod:UnknownDraw+1"],"picked":"sneckomod:DiceBoulder+1","floor":16},{"not_picked":["sneckomod:Restock","sneckomod:Transmogrify"],"picked":"sneckomod:DangerNoodle","floor":16},{"not_picked":["sneckomod:DiceCrush+1","sneckomod:UnendingSupply+1"],"picked":"sneckomod:UnknownWeak+1","floor":19},{"not_picked":["sneckomod:UnknownCommonAttack+1","sneckomod:SnakeSap"],"picked":"sneckomod:UnknownBoss","floor":19},{"not_picked":["sneckomod:SoulCleanse+1","sneckomod:UnknownWeak+1"],"picked":"sneckomod:Mudshield+1","floor":22},{"not_picked":["sneckomod:ImprovisedGuard","sneckomod:UnknownBlock"],"picked":"sneckomod:ImprovisedAttack+1","floor":22},{"not_picked":["sneckomod:ImprovisedGuard+1","sneckomod:IronFang+1"],"picked":"sneckomod:UnknownRarePower+1","floor":23},{"not_picked":["sneckomod:UnknownClassBLUE","sneckomod:IronFang"],"picked":"sneckomod:Unknown2Cost","floor":23},{"not_picked":["sneckomod:SoulRoll","sneckomod:QuickMove"],"picked":"sneckomod:SlitherStrike","floor":26},{"not_picked":["sneckomod:Unknown1Cost+1","sneckomod:SoulDraw"],"picked":"sneckomod:UnknownVulnerable+1","floor":28}],"player_experience":1518008,"relics_obtained":[{"floor":8,"key":"Odd Mushroom"},{"floor":9,"key":"Strawberry"},{"floor":12,"key":"Frozen Egg 2"},{"floor":24,"key":"Bottled Tornado"}],"event_choices":[{"damage_healed":0,"gold_gain":0,"player_choice":"Fought Mushrooms","damage_taken":0,"max_hp_gain":0,"max_hp_loss":0,"event_name":"Mushrooms","floor":8,"gold_loss":0},{"damage_healed":0,"gold_gain":0,"player_choice":"Read","damage_taken":0,"max_hp_gain":0,"max_hp_loss":0,"event_name":"The Library","floor":20,"gold_loss":0,"cards_obtained":["sneckomod:UnendingSupply"]}],"is_beta":false,"boss_relics":[{"not_picked":["Empty Cage","sneckomod:SneckoBoss"],"picked":"sneckomod:SuperSneckoSoul"}],"items_purged_floors":[],"is_endless":false,"potions_floor_spawned":[8,9,11,12,16,23,28],"killed_by":"Book of Stabbing","ascension_level":0}}