{"host":"3jpwrwmmgyabjceh","time":1612014384,"event":{"mods":["AchievementEnabler","BaseMod","Colored Map","Colored Powertips","Highlight Path","Minty Spire (QoL Compilation)","Quick Restart","Relic Stats","StSLib","SuperFastMode"],"gold_per_floor":[114,114,126,126,144,144,173,52,78,78,78,103,103,135,135,236,236,254,267,267,267,165,165,181,181,181],"floor_reached":25,"language":"ENG","playtime":737,"items_purged":[],"score":385,"play_id":"95bf4f45-bdb1-45f6-8053-460063ee4188","local_time":"20210130164624","is_ascension_mode":true,"campfire_choices":[{"data":"Hemokinesis","floor":6.0,"key":"SMITH"},{"data":"Feel No Pain","floor":10.0,"key":"SMITH"},{"data":"Uppercut","floor":13.0,"key":"SMITH"},{"data":"Burning Pact","floor":15.0,"key":"SMITH"},{"floor":23,"key":"REST"}],"circlet_count":0,"master_deck":["Defend_R","Defend_R","Defend_R","Defend_R","Bash+1","Hemokinesis+1","Uppercut+1","Feel No Pain+1","Dropkick","Havoc","Burning Pact+1","Barricade","Havoc+1","Anger","Bite","Bite","Bite","Bite","Bite","Shrug It Off","Metallicize"],"relics":["Philosopher\u0027s Stone","Vajra","Toy Ornithopter","Potion Belt","Lizard Tail","SlaversCollar"],"acts_visited":["Exordium","TheCity"],"potions_floor_usage":[24],"damage_taken":[{"damage":0.0,"enemies":"Cultist","floor":1.0,"turns":4.0},{"damage":6.0,"enemies":"2 Louse","floor":3.0,"turns":2.0},{"damage":0.0,"enemies":"Small Slimes","floor":5.0,"turns":4.0},{"damage":2.0,"enemies":"Gremlin Nob","floor":7.0,"turns":2.0},{"damage":19.0,"enemies":"3 Sentries","floor":12.0,"turns":7.0},{"damage":2.0,"enemies":"Gremlin Nob","floor":14.0,"turns":2.0},{"damage":29.0,"enemies":"The Guardian","floor":16.0,"turns":10.0},{"damage":37,"enemies":"Shell Parasite","floor":18,"turns":5},{"damage":9,"enemies":"Spheric Guardian","floor":19,"turns":3},{"damage":35,"enemies":"Snake Plant","floor":24,"turns":4},{"damage":81,"enemies":"Gremlin Leader","floor":25,"turns":12}],"seed_played":"8425721509345458997","potions_obtained":[{"floor":3.0,"key":"ElixirPotion"},{"floor":18,"key":"ColorlessPotion"}],"is_trial":false,"path_per_floor":["M","$","M","?","M","R","E","$","T","R","?","E","R","E","R","B",null,"M","M","?","?","$","R","M","E"],"character_chosen":"IRONCLAD","items_purchased":["Feel No Pain","Dropkick","Shrug It Off","Metallicize"],"campfire_rested":1,"item_purchase_floors":[8,8,22,22],"current_hp_per_floor":[72,72,66,66,66,66,64,64,64,64,48,29,29,27,27,3,61,24,15,15,15,15,31,15,0,0],"gold":181,"neow_bonus":"BOSS_RELIC","is_daily":false,"chose_seed":false,"campfire_upgraded":4,"win_rate":0.0,"timestamp":1612014384,"path_taken":["M","?","M","?","M","R","E","$","T","R","?","E","R","E","R","BOSS","M","M","?","?","$","R","M","E"],"items_purchased_type":["Card","Card","Card","Card"],"build_version":"2020-12-22","purchased_purges":0,"victory":false,"max_hp_per_floor":[80,80,80,80,80,80,80,80,80,80,80,80,80,80,80,80,80,80,80,56,56,56,56,56,56,56],"relic_stats":{"Lizard Tail":28,"counters":[11,55],"obtain_stats":[{"Potion Belt":12,"SlaversCollar":17,"Lizard Tail":14,"Vajra":7,"Philosopher\u0027s Stone":0,"Burning Blood":0,"Toy Ornithopter":9},{"Potion Belt":5,"SlaversCollar":7,"Lizard Tail":6,"Vajra":4,"Philosopher\u0027s Stone":0,"Burning Blood":0,"Toy Ornithopter":4},{"Potion Belt":19,"SlaversCollar":31,"Lizard Tail":21,"Vajra":12,"Philosopher\u0027s Stone":0,"Burning Blood":0,"Toy Ornithopter":12}],"Toy Ornithopter":10},"card_choices":[{"not_picked":["Thunderclap","Entrench"],"picked":"Perfected Strike","floor":1.0},{"not_picked":["Clash","Headbutt","Thunderclap"],"picked":"SKIP","floor":3.0},{"not_picked":["Body Slam","Sword Boomerang"],"picked":"Hemokinesis","floor":5.0},{"not_picked":["Dual Wield","Perfected Strike"],"picked":"Uppercut","floor":7.0},{"not_picked":["Bludgeon","Flex"],"picked":"Havoc","floor":12.0},{"not_picked":["Dropkick","True Grit"],"picked":"Burning Pact","floor":14.0},{"not_picked":["Berserk","Impervious"],"picked":"Barricade","floor":16.0},{"not_picked":["Flex","Ghostly Armor+1"],"picked":"Havoc+1","floor":18},{"not_picked":["Body Slam+1","Flex+1"],"picked":"Anger","floor":19},{"not_picked":["Headbutt","Perfected Strike","Blood for Blood"],"picked":"SKIP","floor":24}],"player_experience":298491,"relics_obtained":[{"floor":7.0,"key":"Vajra"},{"floor":9.0,"key":"Toy Ornithopter"},{"floor":12.0,"key":"Potion Belt"},{"floor":14.0,"key":"Lizard Tail"}],"event_choices":[{"damage_healed":0.0,"max_hp_gain":0.0,"max_hp_loss":0.0,"gold_gain":0.0,"event_name":"Living Wall","player_choice":"Grow","floor":4.0,"gold_loss":0.0,"damage_taken":0.0,"cards_upgraded":["Bash"]},{"damage_healed":0.0,"max_hp_gain":0.0,"max_hp_loss":0.0,"gold_gain":0.0,"event_name":"Shining Light","player_choice":"Entered Light","floor":11.0,"gold_loss":0.0,"damage_taken":16.0,"cards_upgraded":["Strike_R","Strike_R"]},{"damage_healed":0,"gold_gain":0,"player_choice":"Became a vampire","damage_taken":0,"max_hp_gain":0,"max_hp_loss":24,"event_name":"Vampires","floor":20,"gold_loss":0,"cards_obtained":["Bite","Bite","Bite","Bite","Bite"]},{"cards_removed":["Perfected Strike"],"damage_healed":0,"gold_gain":0,"player_choice":"Elegance","damage_taken":0,"max_hp_gain":0,"max_hp_loss":0,"event_name":"Back to Basics","floor":21,"gold_loss":0}],"is_beta":false,"boss_relics":[{"not_picked":["Sozu","Velvet Choker"],"picked":"SlaversCollar"}],"items_purged_floors":[],"is_endless":false,"potions_floor_spawned":[3,18],"killed_by":"Gremlin Leader","ascension_level":7}}