{"host":"w7tt687j332gugiq","time":1612001942,"event":{"mods":["BaseMod","Minty Spire (QoL Compilation)","StSLib"],"gold_per_floor":[114,289,289,305,77,77,102,102,102,118,128,155,155,176,176,305,305,325,346,377,201,219,263,263,44,44,75,91,114,114,114,126,262,274,300,312,348,381,615,627,680,692,774,516,516,556,579,579,579,579,579,579,91,125,125],"floor_reached":56,"language":"ZHS","playtime":3403,"items_purged":["Doubt","Strike_G","Writhe","Writhe"],"score":1635,"play_id":"881bcdb0-e238-4b03-9241-2b7219e2724a","local_time":"20210130181902","is_ascension_mode":true,"campfire_choices":[{"data":"Neutralize","floor":6.0,"key":"SMITH"},{"data":"Footwork","floor":8.0,"key":"SMITH"},{"data":"Cloak And Dagger","floor":15.0,"key":"SMITH"},{"data":"Well Laid Plans","floor":24.0,"key":"SMITH"},{"floor":30.0,"key":"REST"},{"floor":32.0,"key":"REST"},{"data":"Prepared","floor":40.0,"key":"SMITH"},{"data":"Calculated Gamble","floor":42.0,"key":"SMITH"},{"floor":49,"key":"RECALL"},{"data":"After Image","floor":52,"key":"SMITH"}],"circlet_count":0,"master_deck":["Strike_G","Strike_G","Defend_G","Defend_G","Defend_G","Defend_G","Defend_G","Survivor","Neutralize+1","Dagger Throw","Blur","Footwork+1","Backflip","Cloak And Dagger+1","Grand Finale","Calculated Gamble+1","After Image","Backflip+1","Tactician+1","Well Laid Plans+1","Deflect","Prepared+1","Infinite Blades","Escape Plan","Tools of the Trade","Accuracy","Writhe","Finesse","Cloak And Dagger","After Image+1","Acrobatics+1","Escape Plan","Accuracy","Quick Slash","Cloak And Dagger+1"],"relics":["Sozu","Vajra","Oddly Smooth Stone","Ornamental Fan","Matryoshka","Nunchaku","Golden Idol","Empty Cage","Red Mask","Anchor","Lee\u0027s Waffle","Darkstone Periapt","Juzu Bracelet","MawBank","Cursed Key","Mummified Hand","Bottled Tornado","Orichalcum","White Beast Statue","Strawberry","Dead Branch"],"acts_visited":["Exordium","TheCity","TheBeyond","TheEnding"],"potions_floor_usage":[],"damage_taken":[{"damage":0.0,"enemies":"2 Louse","floor":1.0,"turns":3.0},{"damage":0.0,"enemies":"Small Slimes","floor":4.0,"turns":3.0},{"damage":9.0,"enemies":"Lagavulin","floor":7.0,"turns":9.0},{"damage":0.0,"enemies":"Jaw Worm","floor":10.0,"turns":3.0},{"damage":0.0,"enemies":"Lots of Slimes","floor":11.0,"turns":6.0},{"damage":9.0,"enemies":"Gremlin Nob","floor":12.0,"turns":5.0},{"damage":0.0,"enemies":"3 Louse","floor":14.0,"turns":4.0},{"damage":16.0,"enemies":"Slime Boss","floor":16.0,"turns":17.0},{"damage":0.0,"enemies":"Spheric Guardian","floor":18.0,"turns":3.0},{"damage":5.0,"enemies":"Chosen","floor":19.0,"turns":9.0},{"damage":16.0,"enemies":"Masked Bandits","floor":20.0,"turns":8.0},{"damage":0.0,"enemies":"Shelled Parasite and Fungi","floor":22.0,"turns":8.0},{"damage":0.0,"enemies":"Book of Stabbing","floor":23.0,"turns":9.0},{"damage":33.0,"enemies":"Slavers","floor":27.0,"turns":8.0},{"damage":37.0,"enemies":"Cultist and Chosen","floor":28.0,"turns":7.0},{"damage":0.0,"enemies":"3 Cultists","floor":29.0,"turns":5.0},{"damage":0.0,"enemies":"Automaton","floor":33.0,"turns":13.0},{"damage":0.0,"enemies":"Orb Walker","floor":35.0,"turns":6.0},{"damage":7.0,"enemies":"3 Shapes","floor":37.0,"turns":10.0},{"damage":0.0,"enemies":"Spire Growth","floor":38.0,"turns":7.0},{"damage":26.0,"enemies":"Giant Head","floor":41.0,"turns":14.0},{"damage":36,"enemies":"Reptomancer","floor":46,"turns":9},{"damage":1,"enemies":"4 Shapes","floor":47,"turns":8},{"damage":22,"enemies":"Awakened One","floor":50,"turns":22},{"damage":10,"enemies":"Shield and Spear","floor":54,"turns":14},{"damage":64,"enemies":"The Heart","floor":55,"turns":10}],"seed_played":"-1415627611449284444","potions_obtained":[],"is_trial":false,"path_per_floor":["M","?","?","M","$","R","E","R","T","M","M","E","?","M","R","B",null,"M","M","?","$","M","E","R","$","T","E","M","M","R","?","R","B",null,"M","?","M","M","?","R","E","R","T","$","?","E","M","?","R","B",null,"R","$","E","B",null],"character_chosen":"THE_SILENT","items_purchased":["Oddly Smooth Stone","Well Laid Plans","Lee\u0027s Waffle","Infinite Blades","Finesse","Cloak And Dagger","Strawberry","Escape Plan","Accuracy","Quick Slash"],"campfire_rested":2,"item_purchase_floors":[5,21,25,25,44,44,53,53,53,53],"current_hp_per_floor":[70,70,67,67,67,67,58,58,58,58,58,49,32,32,32,16,57,57,52,36,36,36,36,36,77,77,44,7,7,30,36,60,60,77,77,77,70,70,70,70,44,44,50,50,78,42,41,83,83,61,78,78,85,75,11],"gold":125,"neow_bonus":"BOSS_RELIC","is_daily":false,"chose_seed":false,"campfire_upgraded":7,"win_rate":0.0,"timestamp":1612001942,"path_taken":["M","?","?","M","$","R","E","R","T","M","M","E","?","?","R","BOSS","M","?","?","?","M","E","R","$","T","E","M","M","R","?","R","BOSS","M","?","M","M","?","R","E","R","T","$","?","E","M","?","R","BOSS","R","$","E","BOSS"],"items_purchased_type":["Relic","Card","Relic","Card","Card","Card","Relic","Card","Card","Card"],"build_version":"2020-12-22","purchased_purges":4,"victory":true,"max_hp_per_floor":[70,70,70,70,70,70,70,70,70,70,70,70,70,70,70,70,70,70,70,70,70,70,70,70,77,77,77,77,77,77,83,83,83,83,83,83,83,83,83,83,83,83,89,89,95,95,95,83,83,83,83,83,90,90,90],"card_choices":[{"not_picked":["PiercingWail","Dodge and Roll"],"picked":"Dagger Throw","floor":1.0},{"not_picked":["Predator","All Out Attack"],"picked":"Blur","floor":4.0},{"not_picked":["Wraith Form v2","Poisoned Stab"],"picked":"Footwork","floor":7.0},{"not_picked":["Bane","Riddle With Holes"],"picked":"Backflip","floor":10.0},{"not_picked":["Prepared","Deadly Poison"],"picked":"Cloak And Dagger","floor":11.0},{"not_picked":["Endless Agony","PiercingWail"],"picked":"Grand Finale","floor":12.0},{"not_picked":["Expertise","PiercingWail"],"picked":"Calculated Gamble","floor":14.0},{"not_picked":["Venomology","Unload"],"picked":"After Image","floor":16.0},{"not_picked":["Calculated Gamble","Dash"],"picked":"Backflip+1","floor":18.0},{"not_picked":["Flying Knee","Underhanded Strike+1","Corpse Explosion"],"picked":"SKIP","floor":19.0},{"not_picked":["Dodge and Roll","Noxious Fumes+1"],"picked":"Tactician+1","floor":20.0},{"not_picked":["Bane","Outmaneuver+1"],"picked":"Deflect","floor":22.0},{"not_picked":["Expertise","Quick Slash"],"picked":"Prepared","floor":23.0},{"not_picked":["Noxious Fumes","Slice"],"picked":"Escape Plan","floor":27.0},{"not_picked":["Skewer","Flying Knee","Poisoned Stab+1"],"picked":"SKIP","floor":28.0},{"not_picked":["Dagger Spray+1","Dagger Throw","Sucker Punch"],"picked":"SKIP","floor":29.0},{"not_picked":["Envenom","Unload"],"picked":"Tools of the Trade","floor":33.0},{"not_picked":["Deadly Poison+1","Infinite Blades","Poisoned Stab+1"],"picked":"SKIP","floor":35.0},{"not_picked":["Noxious Fumes","PiercingWail+1","Poisoned Stab"],"picked":"SKIP","floor":37.0},{"not_picked":["Leg Sweep+1","Quick Slash","All Out Attack"],"picked":"SKIP","floor":38.0},{"not_picked":["Outmaneuver+1","Prepared"],"picked":"Accuracy","floor":41.0},{"not_picked":["Footwork","Dagger Throw+1"],"picked":"After Image","floor":46},{"not_picked":["Dagger Spray","Masterful Stab"],"picked":"Acrobatics+1","floor":47},{"not_picked":["Poisoned Stab+1","Deadly Poison+1"],"picked":"Cloak And Dagger+1","floor":54}],"player_experience":144952,"relics_obtained":[{"floor":7.0,"key":"Ornamental Fan"},{"floor":9.0,"key":"Matryoshka"},{"floor":12.0,"key":"Nunchaku"},{"floor":20.0,"key":"Red Mask"},{"floor":23.0,"key":"Anchor"},{"floor":26.0,"key":"Darkstone Periapt"},{"floor":27.0,"key":"Juzu Bracelet"},{"floor":41.0,"key":"Mummified Hand"},{"floor":43.0,"key":"Bottled Tornado"},{"floor":43.0,"key":"Orichalcum"},{"floor":46,"key":"White Beast Statue"},{"floor":54,"key":"Dead Branch"}],"event_choices":[{"damage_healed":0.0,"max_hp_gain":0.0,"max_hp_loss":0.0,"gold_gain":175.0,"event_name":"Liars Game","player_choice":"AGREE","floor":2.0,"gold_loss":0.0,"damage_taken":0.0,"cards_obtained":["Doubt"]},{"damage_healed":0.0,"max_hp_gain":0.0,"max_hp_loss":0.0,"gold_gain":0.0,"event_name":"Scrap Ooze","player_choice":"Success","floor":3.0,"gold_loss":0.0,"damage_taken":3.0,"relics_obtained":["Vajra"]},{"damage_healed":0.0,"max_hp_gain":0.0,"max_hp_loss":0.0,"gold_gain":0.0,"event_name":"Golden Idol","player_choice":"Take Damage","floor":13.0,"gold_loss":0.0,"damage_taken":17.0,"relics_obtained":["Golden Idol"]},{"damage_healed":0.0,"max_hp_gain":0.0,"max_hp_loss":0.0,"gold_gain":0.0,"event_name":"Masked Bandits","player_choice":"Fought Bandits","floor":20.0,"gold_loss":0.0,"damage_taken":0.0},{"damage_healed":0.0,"max_hp_gain":0.0,"max_hp_loss":0.0,"gold_gain":0.0,"event_name":"The Mausoleum","player_choice":"Opened","floor":31.0,"gold_loss":0.0,"damage_taken":0.0,"relics_obtained":["MawBank"],"cards_obtained":["Writhe"]},{"damage_healed":0.0,"max_hp_gain":0.0,"max_hp_loss":0.0,"gold_gain":0.0,"event_name":"Mysterious Sphere","player_choice":"Ignored","floor":36.0,"gold_loss":0.0,"damage_taken":0.0},{"damage_healed":0.0,"max_hp_gain":0.0,"max_hp_loss":0.0,"gold_gain":222.0,"event_name":"Tomb of Lord Red Mask","player_choice":"Wore Mask","floor":39.0,"gold_loss":0.0,"damage_taken":0.0},{"damage_healed":22.0,"max_hp_gain":0.0,"max_hp_loss":0.0,"gold_gain":0.0,"event_name":"Winding Halls","player_choice":"Writhe","floor":45.0,"gold_loss":0.0,"damage_taken":0.0,"cards_obtained":["Writhe"]},{"damage_healed":83,"gold_gain":0,"player_choice":"Heal","damage_taken":0,"max_hp_gain":0,"max_hp_loss":12,"event_name":"The Moai Head","floor":48,"gold_loss":0}],"is_beta":false,"boss_relics":[{"not_picked":["Pandora\u0027s Box","Philosopher\u0027s Stone"],"picked":"Empty Cage"},{"not_picked":["Fusion Hammer","Runic Pyramid"],"picked":"Cursed Key"}],"items_purged_floors":[5,21,44,53],"is_endless":false,"potions_floor_spawned":[7,10,11,12,16,18,22,27,28,37,38,41,47,54],"ascension_level":5}}