{"host":"78ng8b0jg92p48rp","time":1612025211,"event":{"mods":["Aspiration","BaseMod","Minty Spire (QoL Compilation)","Quick Restart","Replay The Spire","StSLib"],"gold_per_floor":[118,118,118,68,68,101,161,161,161,195,39,39,39,49,49,147,147,157,157,175,32,32,61,61,80,80,112,124,137,152,152,152],"floor_reached":31,"language":"ZHS","playtime":1635,"items_purged":["Regret","Strike_B"],"score":331,"play_id":"1c55c6f4-afc6-43ca-8fc2-0c00804c5115","local_time":"20210131004651","is_ascension_mode":false,"campfire_choices":[{"data":"Mirror Shield","floor":8,"key":"SMITH"},{"data":"Static Discharge","floor":12,"key":"SMITH"},{"data":"Skim","floor":15,"key":"SMITH"},{"data":"Time Bomb","floor":24,"key":"SMITH"}],"circlet_count":0,"master_deck":["Strike_B","Strike_B","Defend_B","Defend_B","Defend_B","Zap","Dualcast","Static Discharge+1","Mirror Shield+1","Compile Driver","Loop+1","FIFO Queue+1","Skim+1","Echo Form+1","Creative AI+1","Chill+1","Crystallizer+1","Time Bomb+1","Double Energy+1","Amplify","BasicCrystalCard+1","aspiration:Polymerization+1","Consume+1"],"relics":["Cracked Core","NeowsBlessing","Frozen Egg 2","aspiration:EnhancedActuators","Blue Doll","Orichalcum","Bottled Tornado","aspiration:MysteriousAuxiliaryCore","aspiration:BursterCore","Eternal Feather","Prayer Wheel","Lantern"],"acts_visited":["Exordium","TheCity"],"potions_floor_usage":[16],"damage_taken":[{"damage":0,"enemies":"Small Slimes","floor":1,"turns":1},{"damage":0,"enemies":"Replay:BlueRogue","floor":6,"turns":1},{"damage":0,"enemies":"Lagavulin","floor":10,"turns":1},{"damage":6,"enemies":"Jaw Worm","floor":14,"turns":3},{"damage":27,"enemies":"The Guardian","floor":16,"turns":6},{"damage":4,"enemies":"Chosen","floor":18,"turns":4},{"damage":15,"enemies":"2 Thieves","floor":20,"turns":2},{"damage":13,"enemies":"Book of Stabbing","floor":23,"turns":6},{"damage":12,"enemies":"Centurion and Healer","floor":25,"turns":5},{"damage":11,"enemies":"Replay:Snechameleon","floor":27,"turns":4},{"damage":4,"enemies":"Sentry and Sphere","floor":28,"turns":6},{"damage":13,"enemies":"Snake Plant","floor":29,"turns":3},{"damage":4,"enemies":"Centurion and Healer","floor":30,"turns":7},{"damage":9,"enemies":"3 Cultists","floor":31,"turns":4}],"seed_played":"-1432692539662040554","potions_obtained":[{"floor":7,"key":"AttackPotion"},{"floor":16,"key":"PotionOfCapacity"},{"floor":18,"key":"Weak Potion"},{"floor":27,"key":"BlessingOfTheForge"},{"floor":29,"key":"Fire Potion"},{"floor":30,"key":"Adrenaline Potion"}],"is_trial":false,"path_per_floor":["M","?","?","?","?","E","?","R","T","E","$","R","$","M","R","B",null,"M","?","M","$","?","E","R","M","T","E","M","M","M","M"],"character_chosen":"DEFECT","items_purchased":["FIFO Queue+1","Crystallizer+1"],"campfire_rested":0,"item_purchase_floors":[11,21],"current_hp_per_floor":[75,75,75,75,75,75,75,75,75,75,75,75,75,69,69,42,75,71,71,56,56,56,43,52,40,40,29,25,12,8,0,0],"gold":152,"neow_bonus":"THREE_ENEMY_KILL","is_daily":false,"chose_seed":false,"campfire_upgraded":4,"win_rate":0.0,"timestamp":1612025211,"path_taken":["M","?","?","?","?","E","?","R","T","E","?","R","$","?","R","BOSS","M","?","M","?","?","E","R","M","T","E","?","M","M","M"],"items_purchased_type":["Card","Card"],"build_version":"2020-12-22","purchased_purges":2,"victory":false,"max_hp_per_floor":[75,75,75,75,75,75,75,75,75,75,75,75,75,75,75,75,75,75,75,75,75,75,75,75,75,75,75,75,75,75,75,75],"card_choices":[{"not_picked":["Rebound","Glacier","Cold Snap"],"picked":"SKIP","floor":1},{"not_picked":["Stack","BootSequence"],"picked":"Mirror Shield","floor":6},{"not_picked":["Rip and Tear","Stack"],"picked":"Compile Driver","floor":7},{"not_picked":["Barrage","Stack"],"picked":"Loop+1","floor":10},{"not_picked":["Redo","Beam Cell"],"picked":"Skim","floor":14},{"not_picked":["Biased Cognition+1","Machine Learning+1"],"picked":"Echo Form+1","floor":16},{"not_picked":["Beam Cell","Steam","Stack"],"picked":"SKIP","floor":18},{"not_picked":["Redo+1","Go for the Eyes+1"],"picked":"Chill","floor":20},{"not_picked":["Coolheaded+1","Leap+1"],"picked":"Time Bomb","floor":23},{"not_picked":["Go for the Eyes","Panic Button"],"picked":"Double Energy+1","floor":25},{"not_picked":["Conserve Battery+1","Echo Form+1"],"picked":"Amplify","floor":27},{"not_picked":["ReplayGash+1","Ball Lightning"],"picked":"BasicCrystalCard+1","floor":28},{"not_picked":["FTL","Streamline+1","Cold Snap"],"picked":"SKIP","floor":28},{"not_picked":["Time Bomb+1","Genetic Algorithm"],"picked":"aspiration:Polymerization+1","floor":29},{"not_picked":["BasicCrystalCard+1","Stack"],"picked":"Consume+1","floor":29},{"not_picked":["Gash","Panic Button","ReplayGash"],"picked":"SKIP","floor":30},{"not_picked":["Leap","Rip and Tear","BasicCrystalCard"],"picked":"SKIP","floor":30}],"player_experience":70750,"relics_obtained":[{"floor":6,"key":"Blue Doll"},{"floor":7,"key":"Orichalcum"},{"floor":9,"key":"Bottled Tornado"},{"floor":10,"key":"aspiration:MysteriousAuxiliaryCore"},{"floor":23,"key":"Eternal Feather"},{"floor":26,"key":"Prayer Wheel"},{"floor":27,"key":"Lantern"}],"event_choices":[{"damage_healed":0,"gold_gain":0,"cards_transformed":["Defend_B"],"player_choice":"Change","damage_taken":0,"max_hp_gain":0,"max_hp_loss":0,"event_name":"Living Wall","floor":2,"gold_loss":0,"cards_obtained":["Static Discharge"]},{"cards_removed":["Injury"],"damage_healed":0,"gold_gain":0,"player_choice":"Card Removal","damage_taken":0,"max_hp_gain":0,"max_hp_loss":0,"event_name":"The Cleric","floor":4,"gold_loss":50},{"damage_healed":0,"gold_gain":0,"player_choice":"Box","damage_taken":0,"relics_obtained":["aspiration:EnhancedActuators"],"max_hp_gain":0,"max_hp_loss":0,"event_name":"Big Fish","floor":5,"gold_loss":0,"cards_obtained":["Regret"]},{"damage_healed":0,"gold_gain":0,"cards_transformed":["Strike_B"],"player_choice":"Transformed","damage_taken":0,"max_hp_gain":0,"max_hp_loss":0,"event_name":"Transmorgrifier","floor":19,"gold_loss":0,"cards_obtained":["Creative AI"]},{"damage_healed":0,"gold_gain":0,"player_choice":"Upgraded","damage_taken":0,"max_hp_gain":0,"max_hp_loss":0,"event_name":"Upgrade Shrine","floor":22,"gold_loss":0,"cards_upgraded":["Chill"]}],"is_beta":false,"boss_relics":[{"not_picked":["aspiration:Stellarator","FrozenCore"],"picked":"aspiration:BursterCore"}],"items_purged_floors":[11,21],"is_endless":false,"potions_floor_spawned":[16,18,27,29,30],"killed_by":"3 Cultists","ascension_level":0}}