{"host":"q6r63elxu27obe7v","time":1612039344,"event":{"mods":["2.2 Compatiblity","AchievementEnabler","BaseMod","CapriCore","DeckTracker","Keyboard Shortcuts","Minty Spire (QoL Compilation)","Permanent Neow","Quick Restart","StSLib","SuperFastMode","¡¼?Úª?ø«¡½REMEMod"],"gold_per_floor":[114,114,134,150,150,181,181,213,239,249,54,67,86,86,86,186,186,196,215,227,227,227,227,239,239,239,239,239],"floor_reached":27,"language":"KOR","playtime":1202,"items_purged":[],"score":235,"play_id":"c9a31982-5078-4e0d-b785-29751e5963a5","local_time":"20210131054224","is_ascension_mode":true,"campfire_choices":[{"floor":7,"key":"RECALL"},{"floor":15,"key":"REST"},{"floor":23,"key":"REST"},{"floor":25,"key":"REST"}],"circlet_count":0,"master_deck":["Strike_B","Strike_B","Strike_B","Strike_B","Defend_B","Defend_B","Defend_B","Zap","Dualcast","Chrysalis","Coolheaded","Zap","White Noise","REME_BattleFury","Discovery","REME_FirmDetermination","Loop","Apotheosis","REME_BattleFury","Glacier","Coolheaded","Buffer","Skim+1","Rebound+1","Finesse+1","Gash+1"],"relics":["REME_ComplimentaryCards","REME_LowDesire","MealTicket","Nunchaku","Spirit Poop","Vajra","Oddly Smooth Stone","REME_DuelDisc","Nilry\u0027s Codex","Bag of Marbles"],"acts_visited":["Exordium","TheCity"],"potions_floor_usage":[13,16],"damage_taken":[{"damage":1,"enemies":"Cultist","floor":1,"turns":4},{"damage":7,"enemies":"2 Louse","floor":3,"turns":3},{"damage":5,"enemies":"Small Slimes","floor":4,"turns":3},{"damage":36,"enemies":"3 Sentries","floor":6,"turns":10},{"damage":14,"enemies":"Lagavulin","floor":8,"turns":6},{"damage":0,"enemies":"2 Fungi Beasts","floor":10,"turns":3},{"damage":6,"enemies":"3 Louse","floor":12,"turns":5},{"damage":8,"enemies":"Blue Slaver","floor":13,"turns":6},{"damage":37,"enemies":"Slime Boss","floor":16,"turns":11},{"damage":7,"enemies":"Spheric Guardian","floor":18,"turns":5},{"damage":12,"enemies":"Shell Parasite","floor":19,"turns":7},{"damage":15,"enemies":"Snecko","floor":20,"turns":4},{"damage":76,"enemies":"Cultist and Chosen","floor":24,"turns":10},{"damage":31,"enemies":"Snake Plant","floor":27,"turns":4}],"seed_played":"-514312679309948768","potions_obtained":[{"floor":3,"key":"BlessingOfTheForge"},{"floor":4,"key":"FearPotion"},{"floor":8,"key":"SkillPotion"},{"floor":12,"key":"Regen Potion"},{"floor":13,"key":"Strength Potion"},{"floor":20,"key":"FairyPotion"},{"floor":24,"key":"AttackPotion"}],"is_trial":false,"path_per_floor":["M","?","M","M","?","E","R","E","T","M","$","M","M","?","R","B",null,"M","M","M","?","?","R","M","R","T","M"],"character_chosen":"DEFECT","items_purchased":["REME_BattleFury"],"campfire_rested":3,"item_purchase_floors":[11],"current_hp_per_floor":[74,74,67,62,62,26,26,12,12,12,27,21,28,28,49,12,72,65,53,38,38,22,43,5,26,26,0,0],"gold":239,"neow_bonus":"BOSS_RELIC","is_daily":false,"chose_seed":false,"campfire_upgraded":0,"win_rate":0.0,"timestamp":1612039344,"path_taken":["M","?","M","?","?","E","R","E","T","M","?","M","M","?","R","BOSS","M","M","?","?","?","R","M","R","T","M"],"items_purchased_type":["Card"],"build_version":"2020-12-22","purchased_purges":0,"victory":false,"max_hp_per_floor":[75,75,75,75,72,72,72,72,72,72,72,72,72,72,72,72,72,72,72,72,72,72,72,72,72,72,72,72],"card_choices":[{"not_picked":["Force Field","Turbo","Metamorphosis"],"picked":"Coolheaded","floor":1},{"not_picked":["Rebound","Barrage","Cold Snap"],"picked":"REME_BattleFury","floor":3},{"not_picked":["Skim","Multi-Cast","Stack"],"picked":"Discovery","floor":4},{"not_picked":["Redo","Glacier","Barrage"],"picked":"REME_FirmDetermination","floor":6},{"not_picked":["Stack","Chaos","Violence"],"picked":"Loop","floor":8},{"not_picked":["Capacitor","Reinforced Body","Streamline"],"picked":"Apotheosis","floor":10},{"not_picked":["Go for the Eyes","Doom and Gloom","Good Instincts"],"picked":"Glacier","floor":12},{"not_picked":["Hologram","Barrage","Mind Blast"],"picked":"Coolheaded","floor":13},{"not_picked":["Electrodynamics","Biased Cognition","Forethought"],"picked":"Buffer","floor":16},{"not_picked":["Darkness+1","Beam Cell","Transmutation"],"picked":"Skim+1","floor":18},{"not_picked":["Coolheaded","Stack","REME_TwoStrings"],"picked":"Rebound+1","floor":19},{"not_picked":["Steam","Gash","Tempest"],"picked":"Finesse+1","floor":20},{"not_picked":["REME_DataAnalysis","Compile Driver","REME_ProfessionalPlagiarism"],"picked":"Gash+1","floor":24}],"player_experience":61936,"relics_obtained":[{"floor":0,"key":"MealTicket"},{"floor":0,"key":"Nunchaku"},{"floor":6,"key":"Vajra"},{"floor":8,"key":"Oddly Smooth Stone"},{"floor":22,"key":"Nilry\u0027s Codex"},{"floor":26,"key":"Bag of Marbles"}],"event_choices":[{"damage_healed":0,"gold_gain":0,"player_choice":"3 cards matched","damage_taken":0,"max_hp_gain":0,"max_hp_loss":0,"event_name":"Match and Keep!","floor":2,"gold_loss":0,"cards_obtained":["Parasite","Zap","White Noise"]},{"damage_healed":0,"gold_gain":0,"player_choice":"3 cards matched","damage_taken":0,"max_hp_gain":0,"max_hp_loss":0,"event_name":"Match and Keep!","floor":2,"gold_loss":0,"cards_obtained":["Parasite","Zap","White Noise"]},{"cards_removed":["Parasite"],"damage_healed":0,"gold_gain":0,"player_choice":"Offered Curse","damage_taken":0,"relics_obtained":["Spirit Poop"],"max_hp_gain":0,"max_hp_loss":0,"event_name":"Bonfire Elementals","floor":5,"gold_loss":0},{"cards_removed":["Defend_B"],"damage_healed":0,"gold_gain":0,"player_choice":"Purged","damage_taken":0,"max_hp_gain":0,"max_hp_loss":0,"event_name":"Purifier","floor":14,"gold_loss":0},{"damage_healed":0,"gold_gain":0,"player_choice":"Ignored","damage_taken":0,"max_hp_gain":0,"max_hp_loss":0,"event_name":"Vampires","floor":21,"gold_loss":0},{"damage_healed":0,"gold_gain":0,"player_choice":"Obtained Book","damage_taken":16,"max_hp_gain":0,"max_hp_loss":0,"event_name":"Cursed Tome","floor":22,"gold_loss":0}],"is_beta":false,"boss_relics":[{"not_picked":["Pandora\u0027s Box","Busted Crown"],"picked":"REME_DuelDisc"}],"items_purged_floors":[],"is_endless":false,"potions_floor_spawned":[3,4,8,12,13,20,24],"killed_by":"Snake Plant","ascension_level":1}}