{"host":"nsc6ozq3atyrdr3m","time":1612040400,"event":{"mods":["BaseMod","Colored Map","Minty Spire (QoL Compilation)"],"gold_per_floor":[114,189,200,200,200,234,246,270,306,179,35,50,74,93,93,192,192,211,211,211,211,135,135,155,155,231,251,251,251,279,304,304,400,400,411,421,471,215,229,229,241,56,56,56,56,56,88,101,101,101],"floor_reached":51,"language":"FRA","playtime":1205,"items_purged":[],"score":974,"play_id":"3329a7b4-b934-4d90-9164-ce665cd95e74","local_time":"20210130220000","is_ascension_mode":true,"campfire_choices":[{"floor":7,"key":"REST"},{"floor":15,"key":"REST"},{"data":"Finisher","floor":23,"key":"SMITH"},{"data":"Trip","floor":25,"key":"SMITH"},{"data":"Backstab","floor":29,"key":"SMITH"},{"floor":32,"key":"REST"},{"floor":40,"key":"REST"},{"floor":46,"key":"REST"},{"data":"Blade Dance","floor":49,"key":"SMITH"}],"circlet_count":0,"master_deck":["Survivor","Neutralize+1","PiercingWail","Backflip","Outmaneuver","Blade Dance","Blade Dance","Trip+1","Blade Dance+1","Unload","Underhanded Strike","Finisher+1","Backflip","Backstab+1","Masterful Stab","Phantasmal Killer","Finisher","Backflip+1","Quick Slash+1","Panache"],"relics":["Ring of the Snake","NeowsBlessing","MawBank","Tiny Chest","Bag of Marbles","Odd Mushroom","Pandora\u0027s Box","Meat on the Bone","Kunai","Ninja Scroll","Happy Flower","WristBlade","Thread and Needle","Eternal Feather","Darkstone Periapt","Potion Belt","Shuriken"],"acts_visited":["Exordium","TheCity","TheBeyond"],"potions_floor_usage":[16,16,24,30,39,39,50],"damage_taken":[{"damage":0,"enemies":"Small Slimes","floor":1,"turns":1},{"damage":0,"enemies":"Jaw Worm","floor":3,"turns":1},{"damage":0,"enemies":"Gremlin Nob","floor":6,"turns":1},{"damage":0,"enemies":"2 Louse","floor":8,"turns":3},{"damage":6,"enemies":"Looter","floor":12,"turns":2},{"damage":4,"enemies":"The Mushroom Lair","floor":13,"turns":4},{"damage":9,"enemies":"Exordium Wildlife","floor":14,"turns":4},{"damage":34,"enemies":"Hexaghost","floor":16,"turns":10},{"damage":0,"enemies":"Chosen","floor":18,"turns":3},{"damage":1,"enemies":"3 Byrds","floor":24,"turns":4},{"damage":12,"enemies":"Centurion and Healer","floor":27,"turns":3},{"damage":5,"enemies":"Book of Stabbing","floor":30,"turns":3},{"damage":29,"enemies":"Collector","floor":33,"turns":3},{"damage":0,"enemies":"Orb Walker","floor":35,"turns":1},{"damage":28,"enemies":"3 Shapes","floor":36,"turns":2},{"damage":0,"enemies":"Mind Bloom Boss Battle","floor":37,"turns":3},{"damage":22,"enemies":"Writhing Mass","floor":39,"turns":2},{"damage":12,"enemies":"Sphere and 2 Shapes","floor":41,"turns":2},{"damage":8,"enemies":"Reptomancer","floor":47,"turns":2},{"damage":0,"enemies":"Transient","floor":48,"turns":5},{"damage":40,"enemies":"Time Eater","floor":50,"turns":4}],"seed_played":"-1141849343940001133","potions_obtained":[{"floor":6,"key":"Block Potion"},{"floor":8,"key":"AttackPotion"},{"floor":13,"key":"DistilledChaos"},{"floor":18,"key":"Poison Potion"},{"floor":24,"key":"Fruit Juice"},{"floor":33,"key":"Block Potion"},{"floor":39,"key":"GamblersBrew"},{"floor":48,"key":"Swift Potion"}],"is_trial":false,"path_per_floor":["M","?","M","?","?","E","R","M","T","$","$","M","?","M","R","B",null,"M","T","$","?","$","R","M","R","T","M","?","R","E","T","R","B",null,"M","M","?","$","M","R","M","$","T","?","T","R","E","M","R","B",null],"character_chosen":"THE_SILENT","items_purchased":["Blade Dance","Trip","Bag of Marbles","Finisher","Eternal Feather","Panache"],"campfire_rested":5,"item_purchase_floors":[10,10,11,22,38,42],"current_hp_per_floor":[63,52,52,52,38,38,59,59,59,59,59,53,49,40,61,27,59,59,59,59,59,59,59,63,63,63,51,51,51,46,46,68,39,66,66,38,38,38,28,59,47,47,47,47,47,75,67,67,75,47],"gold":101,"neow_bonus":"THREE_ENEMY_KILL","is_daily":false,"chose_seed":false,"campfire_upgraded":4,"win_rate":0.0,"timestamp":1612040400,"path_taken":["M","?","M","?","?","E","R","M","T","?","$","M","?","?","R","BOSS","M","?","$","?","$","R","M","R","T","?","?","R","E","?","R","BOSS","M","?","?","$","M","R","M","$","T","?","?","R","E","M","R","BOSS"],"items_purchased_type":["Card","Card","Relic","Card","Relic","Card"],"build_version":"2020-12-22","purchased_purges":0,"victory":true,"max_hp_per_floor":[70,70,70,70,70,70,70,70,70,70,70,70,70,70,70,70,70,70,70,70,70,70,70,75,75,75,75,75,75,75,75,75,75,75,75,75,75,75,75,75,75,75,75,75,75,75,75,75,75,75],"card_choices":[{"not_picked":["Outmaneuver","Eviscerate"],"picked":"PiercingWail","floor":1},{"not_picked":["PiercingWail","Dodge and Roll"],"picked":"Backflip","floor":3},{"not_picked":["Distraction","Poisoned Stab"],"picked":"Outmaneuver","floor":6},{"not_picked":["Setup","Bullet Time"],"picked":"Blade Dance","floor":8},{"not_picked":["Sucker Punch","Tactician"],"picked":"Blade Dance","floor":12},{"not_picked":["Infinite Blades","Quick Slash"],"picked":"Well Laid Plans","floor":13},{"not_picked":["Distraction","Backflip","Escape Plan"],"picked":"SKIP","floor":14},{"not_picked":["Grand Finale","Wraith Form v2"],"picked":"Unload","floor":16},{"not_picked":["Bane","Poisoned Stab+1"],"picked":"Underhanded Strike","floor":18},{"not_picked":["Outmaneuver+1","Acrobatics"],"picked":"Backflip","floor":24},{"not_picked":["Finisher","Setup"],"picked":"Backstab","floor":27},{"not_picked":["Riddle With Holes","Well Laid Plans+1","Underhanded Strike+1"],"picked":"SKIP","floor":30},{"not_picked":["Malaise","Corpse Explosion"],"picked":"Phantasmal Killer","floor":33},{"not_picked":["Footwork","Dodge and Roll","Outmaneuver"],"picked":"SKIP","floor":35},{"not_picked":["Endless Agony+1","Noxious Fumes"],"picked":"Finisher","floor":36},{"not_picked":["Setup+1","Prepared"],"picked":"Backflip+1","floor":39},{"not_picked":["Sucker Punch","Dagger Throw"],"picked":"Quick Slash+1","floor":41},{"not_picked":["Terror+1","Cloak And Dagger+1","Deflect+1"],"picked":"SKIP","floor":47},{"not_picked":["Acrobatics","Riddle With Holes","Dagger Throw+1"],"picked":"SKIP","floor":48}],"player_experience":359888,"relics_obtained":[{"floor":6,"key":"MawBank"},{"floor":9,"key":"Tiny Chest"},{"floor":13,"key":"Odd Mushroom"},{"floor":19,"key":"Meat on the Bone"},{"floor":26,"key":"Kunai"},{"floor":30,"key":"Ninja Scroll"},{"floor":31,"key":"Happy Flower"},{"floor":37,"key":"Thread and Needle"},{"floor":43,"key":"Darkstone Periapt"},{"floor":45,"key":"Potion Belt"},{"floor":47,"key":"Shuriken"}],"event_choices":[{"damage_healed":0,"gold_gain":75,"player_choice":"Gather Gold","damage_taken":11,"max_hp_gain":0,"max_hp_loss":0,"event_name":"World of Goop","floor":2,"gold_loss":0},{"damage_healed":0,"gold_gain":0,"player_choice":"Grow","damage_taken":0,"max_hp_gain":0,"max_hp_loss":0,"event_name":"Living Wall","floor":4,"gold_loss":0,"cards_upgraded":["Neutralize"]},{"damage_healed":0,"gold_gain":0,"player_choice":"Entered Light","damage_taken":14,"max_hp_gain":0,"max_hp_loss":0,"event_name":"Shining Light","floor":5,"gold_loss":0,"cards_upgraded":["Strike_G","Defend_G"]},{"damage_healed":0,"gold_gain":0,"player_choice":"Fought Mushrooms","damage_taken":0,"max_hp_gain":0,"max_hp_loss":0,"event_name":"Mushrooms","floor":13,"gold_loss":0},{"damage_healed":0,"gold_gain":0,"player_choice":"Bought 0 Potions","damage_taken":0,"max_hp_gain":0,"max_hp_loss":0,"event_name":"The Woman in Blue","floor":21,"gold_loss":0},{"damage_healed":0,"gold_gain":0,"player_choice":"Read","damage_taken":0,"max_hp_gain":0,"max_hp_loss":0,"event_name":"The Library","floor":28,"gold_loss":0,"cards_obtained":["Masterful Stab"]},{"damage_healed":0,"gold_gain":0,"player_choice":"Fight","damage_taken":0,"max_hp_gain":0,"max_hp_loss":0,"event_name":"MindBloom","floor":37,"gold_loss":0},{"cards_removed":["Well Laid Plans"],"damage_healed":0,"gold_gain":0,"player_choice":"Removed Power","damage_taken":0,"max_hp_gain":0,"max_hp_loss":0,"event_name":"Falling","floor":44,"gold_loss":0}],"is_beta":false,"boss_relics":[{"not_picked":["Empty Cage","SlaversCollar"],"picked":"Pandora\u0027s Box"},{"not_picked":["Ring of the Serpent","Fusion Hammer"],"picked":"WristBlade"}],"items_purged_floors":[],"is_endless":false,"potions_floor_spawned":[6,8,13,18,24,33,39,48],"ascension_level":7}}