{"host":"i0avyit1s6jb1siw","time":1612033712,"event":{"mods":["BaseMod","DeckTracker","Dota2Spire","Highlight Path","Minty Spire (QoL Compilation)","Quick Restart","StSLib","SuperFastMode"],"gold_per_floor":[117,117,131,145,156,156,170,196,222,245,259,275,285,320,340,340,340,411,411,422,472,472,472,472,472,472,472],"floor_reached":26,"language":"ENG","playtime":408,"items_purged":[],"score":490,"play_id":"f7ad8c28-b05a-48ff-9e1b-b8d4faacef19","local_time":"20210130200832","is_ascension_mode":true,"campfire_choices":[{"data":"Perfected Strike","floor":6,"key":"SMITH"},{"data":"Bash","floor":16,"key":"SMITH"},{"data":"Perfected Strike","floor":17,"key":"SMITH"},{"floor":25,"key":"REST"}],"circlet_count":0,"master_deck":["AscendersBane","Strike_R+1","Strike_R+1","Strike_R+1","Strike_R+1","Strike_R+1","Defend_R+1","Defend_R+1","Defend_R+1","Defend_R+1","Bash+1","Perfected Strike+1","Bludgeon","Wild Strike","Twin Strike","Second Wind","Wild Strike","True Grit","Perfected Strike+1","Shrug It Off","Impervious","Shrug It Off"],"relics":["Burning Blood","NeowsBlessing","Matryoshka","Self Forming Clay","Smiling Mask","Meat on the Bone","Pen Nib","Runic Pyramid","Enchiridion"],"acts_visited":["Exordium","TheCity"],"potions_floor_usage":[8,12,18,26],"damage_taken":[{"damage":0,"enemies":"2 Louse","floor":1,"turns":1},{"damage":0,"enemies":"Cultist","floor":3,"turns":1},{"damage":0,"enemies":"Jaw Worm","floor":4,"turns":1},{"damage":18,"enemies":"Large Slime","floor":5,"turns":3},{"damage":13,"enemies":"Blue Slaver","floor":7,"turns":2},{"damage":20,"enemies":"3 Sentries","floor":8,"turns":4},{"damage":0,"enemies":"2 Fungi Beasts","floor":11,"turns":2},{"damage":11,"enemies":"3 Louse","floor":12,"turns":4},{"damage":11,"enemies":"Looter","floor":13,"turns":2},{"damage":8,"enemies":"Gremlin Nob","floor":14,"turns":3},{"damage":7,"enemies":"2 Fungi Beasts","floor":15,"turns":2},{"damage":51,"enemies":"Hexaghost","floor":18,"turns":9},{"damage":12,"enemies":"Chosen","floor":20,"turns":4},{"damage":45,"enemies":"Slavers","floor":26,"turns":3}],"seed_played":"-5453158918709521282","potions_obtained":[{"floor":4,"key":"BloodPotion"},{"floor":7,"key":"BloodPotion"},{"floor":8,"key":"ElixirPotion"},{"floor":12,"key":"PowerPotion"},{"floor":20,"key":"ColorlessPotion"}],"is_trial":false,"path_per_floor":["M","?","M","M","M","R","M","E","T","T","M","M","M","E","M","R","R","B",null,"M","?","?","?","?","R","E"],"character_chosen":"IRONCLAD","items_purchased":[],"campfire_rested":1,"item_purchase_floors":[],"current_hp_per_floor":[74,74,75,75,63,63,56,57,57,57,63,73,68,66,65,65,65,32,64,58,58,58,37,16,40,0,0],"gold":472,"neow_bonus":"THREE_ENEMY_KILL","is_daily":false,"chose_seed":false,"campfire_upgraded":3,"win_rate":0.0,"timestamp":1612033712,"path_taken":["M","?","?","M","M","R","M","E","T","T","M","M","M","E","M","R","R","BOSS","M","?","?","?","?","R","E"],"items_purchased_type":[],"build_version":"2020-12-22","purchased_purges":0,"victory":false,"max_hp_per_floor":[75,75,75,75,75,75,75,75,75,75,75,75,75,75,75,75,75,75,75,75,75,75,75,80,80,80,80],"card_choices":[{"not_picked":["Bloodletting","Warcry"],"picked":"Perfected Strike","floor":1},{"not_picked":["Battle Trance","Hemokinesis"],"picked":"Wild Strike","floor":3},{"not_picked":["Sword Boomerang","Reckless Charge"],"picked":"Twin Strike","floor":4},{"not_picked":["Headbutt","Pummel","Sword Boomerang"],"picked":"SKIP","floor":5},{"not_picked":["Iron Wave","Combust","Thunderclap"],"picked":"SKIP","floor":7},{"not_picked":["Exhume","Bloodletting","True Grit"],"picked":"SKIP","floor":8},{"not_picked":["Heavy Blade","Infernal Blade"],"picked":"Second Wind","floor":11},{"not_picked":["Second Wind","Perfected Strike"],"picked":"Wild Strike","floor":12},{"not_picked":["Bludgeon","Anger"],"picked":"True Grit","floor":13},{"not_picked":["Second Wind","Armaments"],"picked":"Perfected Strike","floor":14},{"not_picked":["Flex","Body Slam"],"picked":"Shrug It Off","floor":15},{"not_picked":["Double Tap","Juggernaut"],"picked":"Impervious","floor":18},{"not_picked":["Headbutt+1","Pommel Strike"],"picked":"Shrug It Off","floor":20}],"player_experience":2383993,"relics_obtained":[{"floor":8,"key":"Matryoshka"},{"floor":9,"key":"Self Forming Clay"},{"floor":9,"key":"Smiling Mask"},{"floor":10,"key":"Meat on the Bone"},{"floor":14,"key":"Pen Nib"},{"floor":23,"key":"Enchiridion"}],"event_choices":[{"damage_healed":0,"gold_gain":0,"player_choice":"1 cards matched","damage_taken":0,"max_hp_gain":0,"max_hp_loss":0,"event_name":"Match and Keep!","floor":2,"gold_loss":0,"cards_obtained":["Bludgeon"]},{"damage_healed":0,"gold_gain":50,"player_choice":"Stole From Cult","damage_taken":0,"max_hp_gain":0,"max_hp_loss":0,"event_name":"Nest","floor":21,"gold_loss":0},{"damage_healed":0,"gold_gain":0,"player_choice":"Simplicity","damage_taken":0,"max_hp_gain":0,"max_hp_loss":0,"event_name":"Back to Basics","floor":22,"gold_loss":0,"cards_upgraded":["Strike_R","Strike_R","Strike_R","Strike_R","Strike_R","Defend_R","Defend_R","Defend_R","Defend_R"]},{"damage_healed":0,"gold_gain":0,"player_choice":"Obtained Book","damage_taken":21,"max_hp_gain":0,"max_hp_loss":0,"event_name":"Cursed Tome","floor":23,"gold_loss":0},{"damage_healed":0,"gold_gain":0,"player_choice":"Shed Blood","damage_taken":26,"max_hp_gain":5,"max_hp_loss":0,"event_name":"Forgotten Altar","floor":24,"gold_loss":0}],"is_beta":false,"boss_relics":[{"not_picked":["Calling Bell","Pandora\u0027s Box"],"picked":"Runic Pyramid"}],"items_purged_floors":[],"is_endless":false,"potions_floor_spawned":[4,7,8,11,12,20],"killed_by":"Slavers","ascension_level":20}}