{"host":"8is2j71l4wmybkoi","time":1612015237,"event":{"mods":["AchievementEnabler","BaseMod","Colored Map","Minty Spire (QoL Compilation)","Rare Cards Sparkle","StSLib","SuperFastMode"],"gold_per_floor":[20,31,47,60,60,60,95,114,114,114,114,126,151,170,170,270,270,290,307,307,79,97,125,125,50,131,131,131,163,179,193,193,292,292,305,316,366,170,170,170,195,195,195,220,220,252,270,286,286,286,286],"floor_reached":50,"language":"KOR","playtime":1919,"items_purged":["Defend_G","Defend_G"],"score":936,"play_id":"e3a582ca-2834-4f18-839d-c1a480ee4054","local_time":"20210130230037","is_ascension_mode":true,"campfire_choices":[{"data":"Blade Dance","floor":6,"key":"SMITH"},{"data":"Neutralize","floor":15,"key":"SMITH"},{"data":"Phantasmal Killer","floor":28,"key":"SMITH"},{"data":"Well Laid Plans","floor":32,"key":"SMITH"},{"data":"Calculated Gamble","floor":40,"key":"SMITH"},{"floor":42,"key":"RECALL"},{"floor":49,"key":"REST"}],"circlet_count":0,"master_deck":["AscendersBane","Defend_G","Defend_G","Survivor","Neutralize+1","Calculated Gamble+1","Flying Knee","Blade Dance+1","Blade Dance","Finisher+1","Masterful Stab","Distraction","Adrenaline","Bite","Bite","Bite","Bite","Well Laid Plans+1","Phantasmal Killer+1","Adrenaline","Tactician","Prepared","Escape Plan","Malaise","Outmaneuver+1","Prepared+1","Blur+1","Wraith Form v2","Clumsy","Acrobatics","Footwork+1","PiercingWail+1"],"relics":["Ring of the Snake","Vajra","White Beast Statue","HornCleat","WristBlade","Letter Opener","Darkstone Periapt","The Courier","Oddly Smooth Stone","Cursed Key","Lizard Tail","Medical Kit","PreservedInsect","Meat on the Bone","Kunai"],"acts_visited":["Exordium","TheCity","TheBeyond"],"potions_floor_usage":[2,7,8,16,16,19,19,22,30,33,41,47,50,50],"damage_taken":[{"damage":0,"enemies":"Small Slimes","floor":1,"turns":3},{"damage":2,"enemies":"Jaw Worm","floor":2,"turns":5},{"damage":3,"enemies":"Cultist","floor":3,"turns":4},{"damage":0,"enemies":"3 Louse","floor":4,"turns":1},{"damage":28,"enemies":"Lagavulin","floor":7,"turns":8},{"damage":0,"enemies":"Large Slime","floor":8,"turns":5},{"damage":0,"enemies":"Blue Slaver","floor":12,"turns":1},{"damage":7,"enemies":"3 Sentries","floor":13,"turns":4},{"damage":0,"enemies":"Red Slaver","floor":14,"turns":1},{"damage":13,"enemies":"Hexaghost","floor":16,"turns":8},{"damage":0,"enemies":"Shell Parasite","floor":18,"turns":1},{"damage":5,"enemies":"2 Thieves","floor":19,"turns":2},{"damage":5,"enemies":"Snake Plant","floor":22,"turns":4},{"damage":0,"enemies":"Gremlin Leader","floor":23,"turns":2},{"damage":3,"enemies":"Book of Stabbing","floor":29,"turns":3},{"damage":0,"enemies":"Centurion and Healer","floor":30,"turns":3},{"damage":8,"enemies":"Cultist and Chosen","floor":31,"turns":2},{"damage":21,"enemies":"Automaton","floor":33,"turns":5},{"damage":7,"enemies":"Orb Walker","floor":35,"turns":3},{"damage":9,"enemies":"3 Shapes","floor":36,"turns":3},{"damage":6,"enemies":"Mind Bloom Boss Battle","floor":37,"turns":7},{"damage":19,"enemies":"Giant Head","floor":41,"turns":7},{"damage":21,"enemies":"Nemesis","floor":44,"turns":3},{"damage":9,"enemies":"Giant Head","floor":46,"turns":4},{"damage":17,"enemies":"3 Darklings","floor":47,"turns":7},{"damage":3,"enemies":"4 Shapes","floor":48,"turns":3},{"damage":140,"enemies":"Time Eater","floor":50,"turns":13}],"seed_played":"2336052336561006271","potions_obtained":[{"floor":1,"key":"EntropicBrew"},{"floor":3,"key":"Swift Potion"},{"floor":4,"key":"SpeedPotion"},{"floor":7,"key":"Energy Potion"},{"floor":12,"key":"LiquidBronze"},{"floor":13,"key":"AttackPotion"},{"floor":16,"key":"Poison Potion"},{"floor":18,"key":"Block Potion"},{"floor":19,"key":"AttackPotion"},{"floor":22,"key":"DistilledChaos"},{"floor":23,"key":"DuplicationPotion"},{"floor":29,"key":"BlessingOfTheForge"},{"floor":30,"key":"PowerPotion"},{"floor":31,"key":"Strength Potion"},{"floor":33,"key":"ColorlessPotion"},{"floor":35,"key":"Block Potion"},{"floor":36,"key":"Fire Potion"},{"floor":37,"key":"FairyPotion"},{"floor":41,"key":"CunningPotion"},{"floor":47,"key":"Block Potion"}],"is_trial":false,"path_per_floor":["M","M","M","M","?","R","E","M","T","?","?","M","E","M","R","B",null,"M","M","?","$","M","E","?","?","T","?","R","E","M","M","R","B",null,"M","M","?","$","?","R","E","R","T","E","?","E","M","M","R","B"],"character_chosen":"THE_SILENT","items_purchased":["Well Laid Plans","Phantasmal Killer","Medical Kit"],"campfire_rested":1,"item_purchase_floors":[21,21,38],"current_hp_per_floor":[63,61,58,58,63,63,35,35,35,35,35,35,28,28,28,15,60,60,55,52,52,52,52,52,52,52,62,62,62,62,56,56,46,58,61,59,62,62,62,62,51,51,57,42,42,41,46,45,65,0,0],"gold":286,"neow_bonus":"THREE_RARE_CARDS","is_daily":false,"chose_seed":false,"campfire_upgraded":5,"win_rate":0.0,"timestamp":1612015237,"path_taken":["M","M","M","M","?","R","E","M","T","?","?","M","E","M","R","BOSS","M","M","?","$","M","E","?","?","T","?","R","E","M","?","R","BOSS","M","M","?","$","?","R","E","R","T","E","?","E","M","?","R","BOSS"],"items_purchased_type":["Card","Card","Relic"],"build_version":"2020-12-22","purchased_purges":2,"victory":false,"max_hp_per_floor":[70,70,70,70,75,75,75,75,75,75,75,75,75,75,75,75,75,75,75,52,52,52,52,52,52,52,62,62,62,62,62,62,62,62,62,62,62,62,62,62,62,62,68,68,68,68,68,68,68,68,68],"card_choices":[{"not_picked":["Night Terror","Adrenaline"],"picked":"Die Die Die","floor":0},{"not_picked":["Slice","Dagger Throw"],"picked":"Calculated Gamble","floor":1},{"not_picked":["Poisoned Stab","Slice"],"picked":"Flying Knee","floor":2},{"not_picked":["Bane","PiercingWail"],"picked":"Blade Dance","floor":3},{"not_picked":["Poisoned Stab","Calculated Gamble"],"picked":"Blade Dance","floor":4},{"not_picked":["Noxious Fumes","Bane"],"picked":"Finisher","floor":7},{"not_picked":["Deadly Poison","Poisoned Stab"],"picked":"Masterful Stab","floor":8},{"not_picked":["Calculated Gamble","Infinite Blades","Outmaneuver"],"picked":"SKIP","floor":12},{"not_picked":["Predator","Flying Knee"],"picked":"Distraction","floor":13},{"not_picked":["Concentrate","Dash","Masterful Stab"],"picked":"SKIP","floor":14},{"not_picked":["Doppelganger","Venomology"],"picked":"Adrenaline","floor":16},{"not_picked":["All Out Attack","Predator","Infinite Blades"],"picked":"SKIP","floor":18},{"not_picked":["Sucker Punch+1","Poisoned Stab+1","Expertise"],"picked":"SKIP","floor":19},{"not_picked":["Slice","Acrobatics+1"],"picked":"Adrenaline","floor":22},{"not_picked":["Setup","Quick Slash"],"picked":"Tactician","floor":23},{"not_picked":["Concentrate","Deadly Poison"],"picked":"Prepared","floor":29},{"not_picked":["Dagger Spray","Underhanded Strike"],"picked":"Escape Plan","floor":30},{"not_picked":["Flying Knee+1","Blade Dance","Eviscerate"],"picked":"SKIP","floor":31},{"not_picked":["Phantasmal Killer","Envenom"],"picked":"Malaise","floor":33},{"not_picked":["Poisoned Stab","Slice+1"],"picked":"Outmaneuver+1","floor":35},{"not_picked":["Sucker Punch+1","Endless Agony+1"],"picked":"Prepared+1","floor":36},{"not_picked":["Dodge and Roll+1","Dagger Spray+1"],"picked":"Blur+1","floor":37},{"not_picked":["Skewer","Heel Hook+1"],"picked":"Wraith Form v2","floor":41},{"not_picked":["Blade Dance","Die Die Die"],"picked":"Acrobatics","floor":44},{"not_picked":["Well Laid Plans+1","Calculated Gamble+1"],"picked":"Footwork+1","floor":46},{"not_picked":["Flying Knee+1","Dodge and Roll+1","Deadly Poison"],"picked":"SKIP","floor":47},{"not_picked":["Deflect","Flying Knee+1"],"picked":"PiercingWail+1","floor":48}],"player_experience":853620,"relics_obtained":[{"floor":7,"key":"Vajra"},{"floor":9,"key":"White Beast Statue"},{"floor":13,"key":"HornCleat"},{"floor":23,"key":"Letter Opener"},{"floor":26,"key":"The Courier"},{"floor":29,"key":"Oddly Smooth Stone"},{"floor":37,"key":"Lizard Tail"},{"floor":41,"key":"PreservedInsect"},{"floor":44,"key":"Meat on the Bone"},{"floor":46,"key":"Kunai"}],"event_choices":[{"damage_healed":0,"gold_gain":0,"player_choice":"Donut","damage_taken":0,"max_hp_gain":5,"max_hp_loss":0,"event_name":"Big Fish","floor":5,"gold_loss":0},{"damage_healed":0,"gold_gain":0,"player_choice":"Ignored","damage_taken":0,"max_hp_gain":0,"max_hp_loss":0,"event_name":"Liars Game","floor":10,"gold_loss":0},{"damage_healed":0,"gold_gain":0,"player_choice":"Grow","damage_taken":0,"max_hp_gain":0,"max_hp_loss":0,"event_name":"Living Wall","floor":11,"gold_loss":0,"cards_upgraded":["Finisher"]},{"damage_healed":0,"gold_gain":0,"player_choice":"Became a vampire","damage_taken":0,"max_hp_gain":0,"max_hp_loss":23,"event_name":"Vampires","floor":20,"gold_loss":0,"cards_obtained":["Bite","Bite","Bite","Bite","Bite"]},{"damage_healed":0,"gold_gain":0,"player_choice":"Opened","damage_taken":0,"relics_obtained":["Darkstone Periapt"],"max_hp_gain":0,"max_hp_loss":0,"event_name":"The Mausoleum","floor":24,"gold_loss":0},{"cards_removed":["Defend_G"],"damage_healed":0,"gold_gain":0,"player_choice":"Gave Gold","damage_taken":0,"max_hp_gain":0,"max_hp_loss":0,"event_name":"Beggar","floor":25,"gold_loss":75},{"cards_removed":["Die Die Die"],"damage_healed":0,"gold_gain":0,"player_choice":"Offered Rare","damage_taken":0,"max_hp_gain":10,"max_hp_loss":0,"event_name":"Bonfire Elementals","floor":27,"gold_loss":0},{"damage_healed":0,"gold_gain":0,"player_choice":"Fight","damage_taken":0,"max_hp_gain":0,"max_hp_loss":0,"event_name":"MindBloom","floor":37,"gold_loss":0},{"cards_removed":["Bite"],"damage_healed":0,"gold_gain":0,"player_choice":"Removed Attack","damage_taken":0,"max_hp_gain":0,"max_hp_loss":0,"event_name":"Falling","floor":39,"gold_loss":0},{"damage_healed":0,"gold_gain":0,"player_choice":"Ignored","damage_taken":0,"max_hp_gain":0,"max_hp_loss":0,"event_name":"Tomb of Lord Red Mask","floor":45,"gold_loss":0}],"is_beta":false,"boss_relics":[{"not_picked":["Calling Bell","Empty Cage"],"picked":"WristBlade"},{"not_picked":["Velvet Choker","Fusion Hammer"],"picked":"Cursed Key"}],"items_purged_floors":[21,38],"is_endless":false,"potions_floor_spawned":[1,3,4,7,12,13,14,16,18,19,22,23,29,30,31,33,35,36,37,41,44,46,47,48],"killed_by":"Time Eater","ascension_level":10}}