{"host":"i0avyit1s6jb1siw","time":1612039534,"event":{"mods":["BaseMod","DeckTracker","Dota2Spire","Highlight Path","Minty Spire (QoL Compilation)","Quick Restart","StSLib","SuperFastMode"],"gold_per_floor":[14,14,14,14,14,14,14,30,109,135,153,188,188,204,219,219,219,317,317,342,302,302],"floor_reached":21,"language":"ENG","playtime":367,"items_purged":[],"score":354,"play_id":"33a268fb-0c9d-4ade-9af5-20e3062fa78d","local_time":"20210130214534","is_ascension_mode":true,"campfire_choices":[{"data":"CrushJoints","floor":6.0,"key":"SMITH"},{"data":"Conclude","floor":13.0,"key":"SMITH"},{"floor":16,"key":"REST"},{"data":"FlyingSleeves","floor":17,"key":"SMITH"}],"circlet_count":0,"master_deck":["AscendersBane","Strike_P","Strike_P","Strike_P","Defend_P","Defend_P","Defend_P","Eruption+1","Vigilance","CrushJoints+1","MentalFortress+1","Conclude+1","FlyingSleeves+1","DevaForm+1","WheelKick"],"relics":["PureWater","Golden Idol","Boot","Frozen Egg 2","Letter Opener","Strawberry","StoneCalendar","Sozu"],"acts_visited":["Exordium","TheCity"],"potions_floor_usage":[15,18],"damage_taken":[{"damage":7.0,"enemies":"Cultist","floor":1.0,"turns":3.0},{"damage":2.0,"enemies":"Jaw Worm","floor":8.0,"turns":3.0},{"damage":0.0,"enemies":"Small Slimes","floor":11.0,"turns":2.0},{"damage":15.0,"enemies":"Lagavulin","floor":12.0,"turns":7.0},{"damage":11,"enemies":"Looter","floor":14,"turns":3},{"damage":5,"enemies":"Exordium Wildlife","floor":15,"turns":4},{"damage":1,"enemies":"Hexaghost","floor":18,"turns":8},{"damage":41,"enemies":"Shell Parasite","floor":20,"turns":5},{"damage":22,"enemies":"2 Thieves","floor":21,"turns":1}],"seed_played":"1203791080940894636","potions_obtained":[{"floor":11.0,"key":"BlessingOfTheForge"},{"floor":14,"key":"Dota2Spire:Clarity"}],"is_trial":false,"path_per_floor":["M","?","?","$","?","R","T","M","T","T","M","E","R","M","M","R","R","B",null,"M","M"],"character_chosen":"WATCHER","items_purchased":[],"campfire_rested":1,"item_purchase_floors":[],"current_hp_per_floor":[54,54,54,54,28,28,28,26,26,33,33,18,18,7,2,22,22,21,57,16,0,0],"gold":302,"neow_bonus":"REMOVE_TWO","is_daily":false,"chose_seed":false,"campfire_upgraded":3,"win_rate":0.0,"timestamp":1612039534,"path_taken":["M","?","?","?","?","R","?","?","T","T","M","E","R","M","M","R","R","BOSS","M","M"],"items_purchased_type":[],"build_version":"2020-12-22","purchased_purges":0,"victory":false,"max_hp_per_floor":[68,62,62,62,62,62,62,62,62,69,69,69,69,69,69,69,69,69,69,69,69,69],"card_choices":[{"not_picked":["Prostrate","Evaluate"],"picked":"CrushJoints","floor":1.0},{"not_picked":["Protect","ClearTheMind"],"picked":"MentalFortress+1","floor":8.0},{"not_picked":["SashWhip","FollowUp"],"picked":"Conclude","floor":11.0},{"not_picked":["Judgement","WreathOfFlame","CutThroughFate"],"picked":"SKIP","floor":12.0},{"not_picked":["Prostrate","ClearTheMind","JustLucky"],"picked":"SKIP","floor":14},{"not_picked":["BowlingBash","Crescendo"],"picked":"FlyingSleeves","floor":15},{"not_picked":["Omniscience","MasterReality+1"],"picked":"DevaForm+1","floor":18},{"not_picked":["Sanctity","Prostrate"],"picked":"WheelKick","floor":20}],"player_experience":2386051,"relics_obtained":[{"floor":7.0,"key":"Frozen Egg 2"},{"floor":9.0,"key":"Letter Opener"},{"floor":10.0,"key":"Strawberry"},{"floor":12.0,"key":"StoneCalendar"}],"event_choices":[{"damage_healed":0.0,"max_hp_gain":0.0,"max_hp_loss":6.0,"gold_gain":0.0,"event_name":"Golden Idol","player_choice":"Lose Max HP","floor":2.0,"gold_loss":0.0,"damage_taken":0.0,"relics_obtained":["Golden Idol"]},{"damage_healed":0.0,"max_hp_gain":0.0,"max_hp_loss":0.0,"gold_gain":0.0,"event_name":"Living Wall","player_choice":"Grow","floor":3.0,"gold_loss":0.0,"damage_taken":0.0,"cards_upgraded":["Eruption"]},{"damage_healed":0.0,"max_hp_gain":0.0,"max_hp_loss":0.0,"gold_gain":0.0,"event_name":"Scrap Ooze","player_choice":"Success","floor":5.0,"gold_loss":0.0,"damage_taken":26.0,"relics_obtained":["Boot"]}],"is_beta":false,"boss_relics":[{"not_picked":["Coffee Dripper","Fusion Hammer"],"picked":"Sozu"}],"items_purged_floors":[],"is_endless":false,"potions_floor_spawned":[11,14],"killed_by":"2 Thieves","ascension_level":20}}