{"host":"39erygfi9n0tobyn","time":1612046187,"event":{"mods":["2.2 Compatiblity","BaseMod","Bestiary","Colored Map","Colored Powertips","Curses Come First","Highlight Path","Keyboard Shortcuts","Minty Spire (QoL Compilation)","Relic Stats","StSLib","SuperFastMode"],"gold_per_floor":[118,129,148,148,148,148,182,80,107,130,130,199,18,18,18,144,144,175,87,87,87,106,106,131,145,171,171,171,192,236,236,236],"floor_reached":31,"language":"ENG","playtime":1763,"items_purged":["Regret","Injury"],"score":266,"play_id":"34b1ad91-a55b-4288-8cb8-ddd0dfdf4e64","local_time":"20210130193627","is_ascension_mode":true,"campfire_choices":[{"data":"Thunderclap","floor":6,"key":"SMITH"},{"floor":15,"key":"REST"},{"floor":23,"key":"REST"},{"floor":27,"key":"REST"}],"circlet_count":0,"master_deck":["Strike_R","Strike_R","Strike_R","Strike_R","Defend_R","Defend_R","Defend_R","Defend_R","Bash","Thunderclap+1","Heavy Blade","Shrug It Off","Intimidate","Armaments","Clash","Inflame","Wild Strike","Berserk","CurseOfTheBell","Cleave","Pain","Blood for Blood+1","Clothesline+1","Shrug It Off+1","Carnage","Combust"],"relics":["Burning Blood","Toy Ornithopter","Boot","Golden Idol","Ice Cream","Bronze Scales","Shuriken","Ancient Tea Set","Calling Bell","MawBank","Sundial","PreservedInsect","WarpedTongs","Nloth\u0027s Gift","Ornamental Fan"],"acts_visited":["Exordium","TheCity"],"potions_floor_usage":[7,16,29,30],"damage_taken":[{"damage":11,"enemies":"Jaw Worm","floor":1,"turns":5},{"damage":5,"enemies":"2 Louse","floor":2,"turns":2},{"damage":10,"enemies":"Small Slimes","floor":3,"turns":3},{"damage":41,"enemies":"Gremlin Nob","floor":7,"turns":5},{"damage":5,"enemies":"Looter","floor":10,"turns":3},{"damage":35,"enemies":"Hexaghost","floor":16,"turns":9},{"damage":29,"enemies":"Spheric Guardian","floor":18,"turns":4},{"damage":21,"enemies":"Chosen","floor":22,"turns":5},{"damage":38,"enemies":"Snake Plant","floor":24,"turns":4},{"damage":21,"enemies":"Centurion and Healer","floor":25,"turns":6},{"damage":28,"enemies":"Snecko","floor":29,"turns":5},{"damage":29,"enemies":"Book of Stabbing","floor":30,"turns":6},{"damage":11,"enemies":"Snake Plant","floor":31,"turns":3}],"seed_played":"-3886870140873037255","potions_obtained":[{"floor":2,"key":"SkillPotion"},{"floor":3,"key":"AttackPotion"},{"floor":18,"key":"Dexterity Potion"},{"floor":22,"key":"BlessingOfTheForge"},{"floor":24,"key":"Weak Potion"}],"is_trial":false,"path_per_floor":["M","M","M","?","?","R","E","$","T","M","T","?","$","?","R","B",null,"M","$","?","?","M","R","M","M","T","R","?","M","E","M"],"character_chosen":"IRONCLAD","items_purchased":["Armaments","Ancient Tea Set","Inflame"],"campfire_rested":3,"item_purchase_floors":[8,13,13],"current_hp_per_floor":[75,76,72,72,72,72,42,42,42,43,43,43,43,43,67,43,80,57,57,57,57,42,66,34,19,19,43,43,26,8,0,0],"gold":236,"neow_bonus":"RANDOM_COMMON_RELIC","is_daily":false,"chose_seed":false,"campfire_upgraded":1,"win_rate":0.0,"timestamp":1612046187,"path_taken":["M","M","M","?","?","R","E","$","T","M","?","?","$","?","R","BOSS","M","$","?","?","?","R","M","M","T","R","?","?","E","M"],"items_purchased_type":["Card","Relic","Card"],"build_version":"2020-12-22","purchased_purges":2,"victory":false,"max_hp_per_floor":[80,80,80,80,80,80,80,80,80,80,80,80,80,80,80,80,80,80,80,80,80,80,80,80,80,80,80,80,80,80,80,80],"relic_stats":{"counters":[13,60],"Golden Idol":66,"PreservedInsect":41,"Boot":[4],"MawBank":24,"Burning Blood":72,"WarpedTongs":[29],"Shuriken":[8],"Sundial":[2],"Ornamental Fan":[0],"Bronze Scales":[146],"Nloth\u0027s Gift":0,"obtain_stats":[{"Ice Cream":7,"Golden Idol":5,"PreservedInsect":20,"Boot":4,"Ancient Tea Set":13,"MawBank":17,"Burning Blood":0,"WarpedTongs":21,"Calling Bell":17,"Peace Pipe":17,"Shuriken":11,"Sundial":17,"Ornamental Fan":30,"Bronze Scales":9,"Nloth\u0027s Gift":28,"Toy Ornithopter":0},{"Ice Cream":4,"Golden Idol":3,"PreservedInsect":7,"Boot":3,"Ancient Tea Set":5,"MawBank":6,"Burning Blood":0,"WarpedTongs":7,"Calling Bell":6,"Peace Pipe":6,"Shuriken":5,"Sundial":6,"Ornamental Fan":12,"Bronze Scales":4,"Nloth\u0027s Gift":10,"Toy Ornithopter":0},{"Ice Cream":15,"Golden Idol":10,"PreservedInsect":31,"Boot":10,"Ancient Tea Set":18,"MawBank":27,"Burning Blood":0,"WarpedTongs":31,"Calling Bell":27,"Peace Pipe":27,"Shuriken":18,"Sundial":27,"Ornamental Fan":57,"Bronze Scales":15,"Nloth\u0027s Gift":46,"Toy Ornithopter":0}],"Toy Ornithopter":20},"card_choices":[{"not_picked":["True Grit","Bloodletting"],"picked":"Thunderclap","floor":1},{"not_picked":["Disarm","Seeing Red"],"picked":"Heavy Blade","floor":2},{"not_picked":["Sword Boomerang","Carnage"],"picked":"Shrug It Off","floor":3},{"not_picked":["Pommel Strike","Heavy Blade"],"picked":"Intimidate","floor":7},{"not_picked":["Havoc","Pummel"],"picked":"Clash","floor":10},{"not_picked":["Fiend Fire","Limit Break"],"picked":"Berserk","floor":16},{"not_picked":["Shockwave","Carnage"],"picked":"Cleave","floor":18},{"not_picked":["True Grit+1","Bloodletting"],"picked":"Blood for Blood+1","floor":22},{"not_picked":["Battle Trance+1","Rampage"],"picked":"Clothesline+1","floor":24},{"not_picked":["Armaments+1","Rampage"],"picked":"Shrug It Off+1","floor":25},{"not_picked":["Iron Wave","Second Wind"],"picked":"Carnage","floor":29},{"not_picked":["Rage","Sentinel"],"picked":"Combust","floor":30}],"player_experience":80327,"relics_obtained":[{"floor":7,"key":"Ice Cream"},{"floor":9,"key":"Bronze Scales"},{"floor":11,"key":"Shuriken"},{"floor":17,"key":"MawBank"},{"floor":17,"key":"Sundial"},{"floor":17,"key":"Peace Pipe"},{"floor":30,"key":"Ornamental Fan"}],"event_choices":[{"damage_healed":0,"gold_gain":0,"player_choice":"Box","damage_taken":0,"relics_obtained":["Boot"],"max_hp_gain":0,"max_hp_loss":0,"event_name":"Big Fish","floor":4,"gold_loss":0,"cards_obtained":["Regret"]},{"damage_healed":0,"gold_gain":0,"player_choice":"Take Wound","damage_taken":0,"relics_obtained":["Golden Idol"],"max_hp_gain":0,"max_hp_loss":0,"event_name":"Golden Idol","floor":5,"gold_loss":0,"cards_obtained":["Injury"]},{"damage_healed":0,"gold_gain":69,"player_choice":"Gained Gold","damage_taken":0,"max_hp_gain":0,"max_hp_loss":0,"event_name":"Golden Wing","floor":12,"gold_loss":0},{"damage_healed":0,"gold_gain":0,"cards_transformed":["Strike_R"],"player_choice":"Change","damage_taken":0,"max_hp_gain":0,"max_hp_loss":0,"event_name":"Living Wall","floor":14,"gold_loss":0,"cards_obtained":["Wild Strike"]},{"damage_healed":0,"gold_gain":0,"player_choice":"Opened","damage_taken":0,"relics_obtained":["PreservedInsect"],"max_hp_gain":0,"max_hp_loss":0,"event_name":"The Mausoleum","floor":20,"gold_loss":0},{"damage_healed":0,"gold_gain":0,"player_choice":"Rummage","damage_taken":0,"relics_obtained":["WarpedTongs"],"max_hp_gain":0,"max_hp_loss":0,"event_name":"Accursed Blacksmith","floor":21,"gold_loss":0,"cards_obtained":["Pain"]},{"damage_healed":0,"gold_gain":0,"player_choice":"Traded Relic","damage_taken":0,"relics_obtained":["Nloth\u0027s Gift"],"max_hp_gain":0,"max_hp_loss":0,"event_name":"N\u0027loth","floor":28,"relics_lost":["Peace Pipe"],"gold_loss":0}],"is_beta":false,"boss_relics":[{"not_picked":["Mark of Pain","Empty Cage"],"picked":"Calling Bell"}],"items_purged_floors":[8,19],"is_endless":false,"potions_floor_spawned":[2,3,18,22,24],"killed_by":"Snake Plant","ascension_level":1}}