{"host":"8b2tzytxrazqquwe","time":1612041035,"event":{"mods":["BaseMod","Card Forge","Colored Map","Highlight Path","Minty Spire (QoL Compilation)","StSLib","The Marked"],"gold_per_floor":[112,127,137,137,137,163,163,178,202,277,305,305,320,355,355,427,427,347,347,347,347,347,347,347,347,347,347,347,347,347,347,347,347,347,347,347,347,0,0,0,0,0,0,0,0,0,0,0,0,0,0,0,0,0,0,0,0,0,0,0,0,0,0,0,0,0,0,0,0,0,0,0,0,0,0,0,0,0,0,0,0,0,0,0,0,0,0,0,0,0,0,0,0,0,0],"floor_reached":94,"language":"ENG","playtime":2573,"items_purged":[],"score":3899,"play_id":"3fd38c8c-0f29-45d0-a9ac-2f3143fe42a5","local_time":"20210130211035","is_ascension_mode":true,"campfire_choices":[{"data":"Self Repair","floor":7,"key":"SMITH"},{"floor":15,"key":"REST"},{"floor":24,"key":"REST"},{"floor":32,"key":"REST"},{"floor":41,"key":"REST"},{"floor":49,"key":"REST"},{"floor":57,"key":"REST"},{"floor":59,"key":"REST"},{"floor":66,"key":"REST"},{"floor":76,"key":"REST"},{"floor":79,"key":"REST"},{"floor":83,"key":"REST"}],"circlet_count":0,"master_deck":["AscendersBane","Evolve+1","Fire Breathing+1","Power Through+1","Fire Breathing+1","Injury","Injury","Power Through+1"],"relics":["FrozenCore","Hammer of Thor","Seething Fire","Anvil of the Gods","Bag of Preparation","Strawberry","Akabeko","Shuriken","Ectoplasm","PreservedInsect","Turnip","DataDisk","Red Mask","Darkstone Periapt","MawBank","Blue Candle","Toy Ornithopter","Velvet Choker","Blood Vial","MealTicket","MutagenicStrength"],"acts_visited":["Exordium","TheCity","TheBeyond","Exordium","TheCity","TheBeyond"],"potions_floor_usage":[],"damage_taken":[{"damage":2,"enemies":"Cultist","floor":1,"turns":3},{"damage":0,"enemies":"Small Slimes","floor":2,"turns":3},{"damage":0,"enemies":"2 Louse","floor":3,"turns":2},{"damage":13,"enemies":"Gremlin Nob","floor":6,"turns":4},{"damage":0,"enemies":"Large Slime","floor":8,"turns":4},{"damage":0,"enemies":"Lagavulin","floor":11,"turns":5},{"damage":0,"enemies":"Looter","floor":13,"turns":3},{"damage":2,"enemies":"Gremlin Nob","floor":14,"turns":4},{"damage":2,"enemies":"Hexaghost","floor":16,"turns":6},{"damage":0,"enemies":"2 Thieves","floor":18,"turns":3},{"damage":0,"enemies":"Chosen","floor":19,"turns":4},{"damage":0,"enemies":"3 Cultists","floor":20,"turns":4},{"damage":4,"enemies":"Snake Plant","floor":21,"turns":2},{"damage":0,"enemies":"Snecko","floor":22,"turns":4},{"damage":9,"enemies":"Slavers","floor":23,"turns":2},{"damage":0,"enemies":"Book of Stabbing","floor":25,"turns":3},{"damage":0,"enemies":"Chosen and Byrds","floor":27,"turns":3},{"damage":0,"enemies":"Centurion and Healer","floor":29,"turns":3},{"damage":0,"enemies":"Snecko","floor":30,"turns":3},{"damage":0,"enemies":"3 Cultists","floor":31,"turns":2},{"damage":0,"enemies":"Automaton","floor":33,"turns":4},{"damage":0,"enemies":"3 Darklings","floor":35,"turns":3},{"damage":0,"enemies":"3 Shapes","floor":37,"turns":2},{"damage":0,"enemies":"Writhing Mass","floor":39,"turns":4},{"damage":0,"enemies":"Giant Head","floor":40,"turns":5},{"damage":0,"enemies":"Reptomancer","floor":42,"turns":3},{"damage":0,"enemies":"Nemesis","floor":44,"turns":3},{"damage":0,"enemies":"Spire Growth","floor":45,"turns":4},{"damage":0,"enemies":"Sphere and 2 Shapes","floor":46,"turns":3},{"damage":2,"enemies":"3 Darklings","floor":47,"turns":3},{"damage":0,"enemies":"4 Shapes","floor":48,"turns":2},{"damage":1,"enemies":"Time Eater","floor":50,"turns":5},{"damage":0,"enemies":"2 Louse","floor":52,"turns":2},{"damage":0,"enemies":"Jaw Worm","floor":53,"turns":2},{"damage":1,"enemies":"Small Slimes","floor":54,"turns":2},{"damage":0,"enemies":"Blue Slaver","floor":56,"turns":2},{"damage":0,"enemies":"3 Sentries","floor":58,"turns":2},{"damage":0,"enemies":"Lagavulin","floor":61,"turns":3},{"damage":0,"enemies":"Gremlin Gang","floor":63,"turns":2},{"damage":0,"enemies":"3 Louse","floor":64,"turns":2},{"damage":0,"enemies":"Blue Slaver","floor":65,"turns":2},{"damage":38,"enemies":"Hexaghost","floor":67,"turns":4},{"damage":0,"enemies":"3 Byrds","floor":69,"turns":2},{"damage":0,"enemies":"2 Thieves","floor":71,"turns":2},{"damage":0,"enemies":"Snecko","floor":73,"turns":3},{"damage":0,"enemies":"Slavers","floor":75,"turns":2},{"damage":6,"enemies":"Gremlin Leader","floor":77,"turns":3},{"damage":0,"enemies":"Book of Stabbing","floor":80,"turns":3},{"damage":0,"enemies":"Cultist and Chosen","floor":81,"turns":3},{"damage":7,"enemies":"Slavers","floor":82,"turns":2},{"damage":0,"enemies":"Collector","floor":84,"turns":5},{"damage":0,"enemies":"3 Shapes","floor":86,"turns":2},{"damage":0,"enemies":"3 Darklings","floor":87,"turns":2},{"damage":2,"enemies":"Spire Growth","floor":88,"turns":3},{"damage":0,"enemies":"4 Shapes","floor":90,"turns":2},{"damage":18,"enemies":"Reptomancer","floor":91,"turns":3},{"damage":69,"enemies":"Nemesis","floor":93,"turns":5},{"damage":42,"enemies":"Reptomancer","floor":94,"turns":2}],"seed_played":"-778226058585002140","potions_obtained":[{"floor":1,"key":"FocusPotion"},{"floor":8,"key":"AttackPotion"}],"is_trial":true,"path_per_floor":["M","M","M","$","?","E","R","M","T","?","E","$","M","E","R","B",null,"M","M","M","M","M","E","R","E","T","M","?","M","M","M","R","B",null,"M","?","M","?","M","E","R","E","T","E","M","M","M","M","R","B",null,"M","M","M","?","M","R","E","R","T","E","?","M","M","M","R","B",null,"M","$","M","$","M","?","E","R","E","?","R","E","M","E","R","B",null,"M","M","M","?","M","E","?","E","E"],"character_chosen":"DEFECT","items_purchased":[],"campfire_rested":11,"item_purchase_floors":[],"current_hp_per_floor":[62,62,62,62,67,54,54,64,71,60,70,70,80,83,83,83,83,83,83,83,83,83,83,83,83,83,83,83,83,83,83,83,83,83,83,83,83,83,83,83,83,83,83,83,83,83,81,81,83,82,83,83,83,82,82,82,83,83,83,83,83,65,67,69,71,83,45,74,76,83,83,83,83,83,83,83,77,77,83,83,83,76,83,95,95,95,95,93,93,95,77,77,10,0,0],"gold":0,"neow_bonus":"","is_daily":false,"chose_seed":false,"campfire_upgraded":1,"win_rate":0.0,"timestamp":1612041035,"path_taken":["M","M","M","$","?","E","R","M","T","?","E","$","M","E","R","BOSS","M","M","M","M","M","E","R","E","T","M","?","M","M","M","R","BOSS","M","?","M","?","M","E","R","E","T","E","M","M","M","M","R","BOSS","M","M","M","?","?","R","E","R","T","E","?","M","M","M","R","BOSS","M","$","M","$","M","?","E","R","E","?","R","E","M","E","R","BOSS","M","M","M","?","?","E","?","E","E"],"items_purchased_type":[],"build_version":"2020-12-22","purchased_purges":0,"victory":false,"max_hp_per_floor":[71,71,71,71,76,76,76,76,83,83,83,83,83,83,83,83,83,83,83,83,83,83,83,83,83,83,83,83,83,83,83,83,83,83,83,83,83,83,83,83,83,83,83,83,83,83,83,83,83,83,83,83,83,83,83,83,83,83,83,83,83,83,83,83,83,83,83,83,83,83,83,83,83,83,83,83,83,83,83,83,83,83,83,95,95,95,95,95,95,95,95,95,95,95,95],"card_choices":[{"not_picked":["Leap","Barrage","Streamline"],"picked":"SKIP","floor":1},{"not_picked":["Stack","Blizzard","Streamline"],"picked":"SKIP","floor":2},{"not_picked":["Loop","Redo","Leap"],"picked":"SKIP","floor":3},{"not_picked":["Streamline","Reinforced Body"],"picked":"Self Repair","floor":6},{"not_picked":["Cold Snap","Redo","Beam Cell"],"picked":"SKIP","floor":8},{"not_picked":["Storm","Rebound","Echo Form"],"picked":"SKIP","floor":11},{"not_picked":["Stack","BootSequence","Hologram"],"picked":"SKIP","floor":13},{"not_picked":["Streamline","Leap","Static Discharge"],"picked":"SKIP","floor":14},{"not_picked":["Multi-Cast","Fission"],"picked":"Machine Learning","floor":16},{"not_picked":["Gash","Hello World","Conserve Battery"],"picked":"SKIP","floor":18},{"not_picked":["Hello World","Streamline+1","Cold Snap"],"picked":"SKIP","floor":19},{"not_picked":["Compile Driver","Conserve Battery"],"picked":"Turbo+1","floor":20},{"not_picked":["Stack","Steam","Rebound"],"picked":"SKIP","floor":21},{"not_picked":["Conserve Battery","Gash","Sweeping Beam"],"picked":"SKIP","floor":22},{"not_picked":["Leap","Darkness","FTL"],"picked":"SKIP","floor":23},{"not_picked":["Cold Snap+1","Aggregate","Compile Driver"],"picked":"SKIP","floor":25},{"not_picked":["Capacitor","Consume","Streamline"],"picked":"SKIP","floor":27},{"not_picked":["Chill+1","Beam Cell","Scrape"],"picked":"SKIP","floor":29},{"not_picked":["Ball Lightning+1","FTL","White Noise"],"picked":"SKIP","floor":30},{"not_picked":["Go for the Eyes","Reprogram","FTL"],"picked":"SKIP","floor":31},{"not_picked":["Defragment","Gash","Reprogram+1"],"picked":"SKIP","floor":35},{"not_picked":["Streamline","Cold Snap+1","Steam"],"picked":"SKIP","floor":37},{"not_picked":["Steam Power+1","Turbo","Reinforced Body"],"picked":"SKIP","floor":39},{"not_picked":["FTL+1","Gash+1","Go for the Eyes+1"],"picked":"SKIP","floor":40},{"not_picked":["Blizzard","Rip and Tear","Steam"],"picked":"SKIP","floor":42},{"not_picked":["Go for the Eyes+1","Seek","Steam+1"],"picked":"SKIP","floor":44},{"not_picked":["Genetic Algorithm+1","Turbo","Sweeping Beam"],"picked":"SKIP","floor":45},{"not_picked":["Barrage","Steam","Beam Cell"],"picked":"SKIP","floor":46},{"not_picked":["Turbo","BootSequence","Glacier"],"picked":"SKIP","floor":47},{"not_picked":["Ball Lightning","Skim","Reinforced Body"],"picked":"SKIP","floor":48},{"not_picked":["Go for the Eyes","Turbo","Glacier"],"picked":"SKIP","floor":52},{"not_picked":["Leap","Turbo","Cold Snap"],"picked":"SKIP","floor":53},{"not_picked":["Compile Driver","Reprogram","Hologram"],"picked":"SKIP","floor":54},{"not_picked":["Streamline","Reinforced Body","Leap"],"picked":"SKIP","floor":56},{"not_picked":["Undo","Gash","Beam Cell"],"picked":"SKIP","floor":58},{"not_picked":["All For One","Turbo","Doom and Gloom"],"picked":"SKIP","floor":61},{"not_picked":["Go for the Eyes","Hologram","Heatsinks"],"picked":"SKIP","floor":63},{"not_picked":["Steam","Compile Driver","Amplify"],"picked":"SKIP","floor":64},{"not_picked":["Rebound","Hologram","Gash"],"picked":"SKIP","floor":65},{"not_picked":["Defragment","Undo","Glacier"],"picked":"SKIP","floor":69},{"not_picked":["Chaos","Coolheaded","Stack+1"],"picked":"SKIP","floor":71},{"not_picked":["Cold Snap","Turbo","Rebound"],"picked":"SKIP","floor":73},{"not_picked":["Double Energy","Reinforced Body+1","Rebound"],"picked":"SKIP","floor":75},{"not_picked":["Conserve Battery","Amplify","Meteor Strike"],"picked":"SKIP","floor":77},{"not_picked":["BootSequence","Skim","Gash"],"picked":"SKIP","floor":80},{"not_picked":["Rebound","Redo","Steam+1"],"picked":"SKIP","floor":81},{"not_picked":["Go for the Eyes","Coolheaded","Lockon"],"picked":"SKIP","floor":82},{"not_picked":["Loop","Skim","Steam Power"],"picked":"SKIP","floor":86},{"not_picked":["Go for the Eyes","Consume","Conserve Battery"],"picked":"SKIP","floor":87},{"not_picked":["Rebound","Cold Snap","Chill"],"picked":"SKIP","floor":88},{"not_picked":["Steam Power","Hologram+1","Conserve Battery"],"picked":"SKIP","floor":90},{"not_picked":["Stack","Go for the Eyes","Heatsinks"],"picked":"SKIP","floor":91},{"not_picked":["Streamline","FTL","Leap"],"picked":"SKIP","floor":93}],"player_experience":35595,"relics_obtained":[{"floor":6,"key":"Bag of Preparation"},{"floor":9,"key":"Strawberry"},{"floor":11,"key":"Akabeko"},{"floor":14,"key":"Shuriken"},{"floor":23,"key":"PreservedInsect"},{"floor":25,"key":"Turnip"},{"floor":26,"key":"DataDisk"},{"floor":40,"key":"Darkstone Periapt"},{"floor":42,"key":"MawBank"},{"floor":43,"key":"Blue Candle"},{"floor":44,"key":"Toy Ornithopter"},{"floor":60,"key":"Blood Vial"}],"event_choices":[{"damage_healed":0,"gold_gain":0,"player_choice":"Donut","damage_taken":0,"max_hp_gain":5,"max_hp_loss":0,"event_name":"Big Fish","floor":5,"gold_loss":0},{"damage_healed":0,"gold_gain":75,"player_choice":"Gather Gold","damage_taken":11,"max_hp_gain":0,"max_hp_loss":0,"event_name":"World of Goop","floor":10,"gold_loss":0},{"damage_healed":0,"gold_gain":0,"player_choice":"Ignored","damage_taken":0,"max_hp_gain":0,"max_hp_loss":0,"event_name":"Beggar","floor":28,"gold_loss":0},{"cards_removed":["Self Repair"],"damage_healed":0,"gold_gain":0,"player_choice":"Removed Power","damage_taken":0,"max_hp_gain":0,"max_hp_loss":0,"event_name":"Falling","floor":36,"gold_loss":0},{"damage_healed":0,"gold_gain":0,"player_choice":"Paid","damage_taken":0,"relics_obtained":["Red Mask"],"max_hp_gain":0,"max_hp_loss":0,"event_name":"Tomb of Lord Red Mask","floor":38,"gold_loss":347},{"damage_healed":0,"gold_gain":0,"player_choice":"0 cards matched","damage_taken":0,"max_hp_gain":0,"max_hp_loss":0,"event_name":"Match and Keep!","floor":55,"gold_loss":0,"cards_obtained":[]},{"damage_healed":0,"gold_gain":0,"player_choice":"Success","damage_taken":18,"relics_obtained":["MealTicket"],"max_hp_gain":0,"max_hp_loss":0,"event_name":"Scrap Ooze","floor":62,"gold_loss":0},{"damage_healed":0,"gold_gain":0,"player_choice":"Ignored","damage_taken":0,"max_hp_gain":0,"max_hp_loss":0,"event_name":"Vampires","floor":74,"gold_loss":0},{"damage_healed":0,"gold_gain":0,"player_choice":"Inject Mutagens","damage_taken":0,"relics_obtained":["MutagenicStrength"],"max_hp_gain":0,"max_hp_loss":0,"event_name":"Drug Dealer","floor":78,"gold_loss":0},{"damage_healed":0,"gold_gain":0,"player_choice":"Ignored","damage_taken":0,"max_hp_gain":0,"max_hp_loss":0,"event_name":"Golden Shrine","floor":89,"gold_loss":0},{"cards_removed":["Power Through"],"damage_healed":0,"gold_gain":0,"player_choice":"Removed Skill","damage_taken":0,"max_hp_gain":0,"max_hp_loss":0,"event_name":"Falling","floor":92,"gold_loss":0}],"is_beta":false,"boss_relics":[{"not_picked":["Snecko Eye","Tiny House"],"picked":"Ectoplasm"},{"not_picked":["Astrolabe","Runic Pyramid"],"picked":"FrozenCore"},{"not_picked":["Empty Cage","Nuclear Battery"],"picked":"Velvet Choker"},{"not_picked":["GraspOfShadows"],"picked":"Accursed"},{"not_picked":["VoidEssence"],"picked":"Accursed"}],"items_purged_floors":[],"is_endless":true,"potions_floor_spawned":[1,8,11,20,23,27,29,30,31,39,42,46,48,50,54,56,63,64,67,71,77,80,81,91,93],"killed_by":"Reptomancer","ascension_level":20}}