{"host":"d5i1qeb9dejicw1z","time":1612035258,"event":{"mods":["AchievementEnabler","BaseMod","Better Note","BetterRewards","Gold Saver","Minty Spire (QoL Compilation)","Permanent Neow","Relic Filter Mod","Reliquary","Replay The Spire","StSLib"],"gold_per_floor":[243,243,243,18,93,93,93,124,124,124,139,139,174,139,139,139,139],"floor_reached":16,"language":"ENG","playtime":658,"items_purged":["Defend_G"],"score":203,"play_id":"9f0876ac-cf15-498d-b192-7564d1561db2","local_time":"20210130113418","is_ascension_mode":true,"campfire_choices":[{"floor":6,"key":"REST"},{"floor":10,"key":"REST"},{"floor":12,"key":"REST"},{"floor":15,"key":"REST"}],"circlet_count":0,"master_deck":["AscendersBane","Strike_G","Strike_G","Strike_G","Strike_G","Defend_G","Defend_G","Defend_G","Defend_G","Survivor+1","Neutralize","Blade Dance","Backflip","Dagger Spray","Finesse","Cloak And Dagger","Hidden Blade","Slice"],"relics":["Ring of the Snake","Ginger","Golden Idol","BargainBundle","Calipers","reliquary:IridiumChain","Replay:Mystery Machine"],"acts_visited":["Exordium"],"potions_floor_usage":[8,8,13],"damage_taken":[{"damage":8,"enemies":"2 Louse","floor":1,"turns":3},{"damage":8,"enemies":"3 Sentries","floor":8,"turns":8},{"damage":0,"enemies":"Small Slimes","floor":11,"turns":4},{"damage":38,"enemies":"Replay:BlueRogue","floor":13,"turns":15},{"damage":45,"enemies":"Hexaghost","floor":16,"turns":9}],"seed_played":"2732926213671478160","potions_obtained":[{"floor":11,"key":"Swift Potion"}],"is_trial":false,"path_per_floor":["M","?","?","$","?","R","?","E","T","R","M","R","E","?","R","B"],"character_chosen":"THE_SILENT","items_purchased":["BargainBundle","CunningPotion","Energy Potion","Backflip","Dagger Spray","Finesse"],"campfire_rested":4,"item_purchase_floors":[4,4,4,4,4,4],"current_hp_per_floor":[36,36,13,13,2,21,14,6,6,25,25,44,6,22,41,0,0],"gold":139,"neow_bonus":"ONE_RARE_RELIC","is_daily":false,"chose_seed":false,"campfire_upgraded":0,"win_rate":0.0,"timestamp":1612035258,"path_taken":["M","?","?","$","?","R","?","E","T","R","M","R","E","?","R","BOSS"],"items_purchased_type":["Relic","Potion","Potion","Card","Card","Card"],"build_version":"2020-12-22","purchased_purges":1,"victory":false,"max_hp_per_floor":[66,66,66,66,66,66,66,66,66,66,66,66,66,66,66,66,66],"card_choices":[{"not_picked":["Dagger Throw","Sucker Punch"],"picked":"Blade Dance","floor":1},{"not_picked":["Bullet Time","Skewer"],"picked":"Cloak And Dagger","floor":8},{"not_picked":["Bane","Dodge and Roll"],"picked":"Hidden Blade","floor":11},{"not_picked":["Eviscerate","Sucker Punch"],"picked":"Slice","floor":13}],"player_experience":1182425,"relics_obtained":[{"floor":8,"key":"Calipers"},{"floor":9,"key":"reliquary:IridiumChain"},{"floor":13,"key":"Replay:Mystery Machine"}],"event_choices":[{"damage_healed":0,"gold_gain":0,"player_choice":"Take Damage","damage_taken":23,"relics_obtained":["Golden Idol"],"max_hp_gain":0,"max_hp_loss":0,"event_name":"Golden Idol","floor":3,"gold_loss":0},{"damage_healed":0,"gold_gain":75,"player_choice":"Gather Gold","damage_taken":11,"max_hp_gain":0,"max_hp_loss":0,"event_name":"World of Goop","floor":5,"gold_loss":0},{"cards_removed":["Strike_G"],"damage_healed":0,"gold_gain":0,"player_choice":"Card Removal","damage_taken":7,"max_hp_gain":0,"max_hp_loss":0,"event_name":"Golden Wing","floor":7,"gold_loss":0},{"damage_healed":16,"gold_gain":0,"player_choice":"Healed","damage_taken":0,"max_hp_gain":0,"max_hp_loss":0,"event_name":"The Cleric","floor":14,"gold_loss":35}],"is_beta":false,"boss_relics":[],"items_purged_floors":[4],"is_endless":false,"potions_floor_spawned":[11],"killed_by":"Hexaghost","ascension_level":19}}