{"host":"qxeepl7ydvsgmfdb","time":1612014156,"event":{"mods":["AchievementEnabler","BaseMod","Colored Powertips","Minty Spire (QoL Compilation)","Quick Restart","slay the spire mod where everything is the same but ironclad has a cowboy hat"],"gold_per_floor":[109,284,141,141,159,159,194,194,194,194,209,209,225,53,53,178,178,199,199,77,93,106,106,144,163,186,101,101,121,135,13,13,13,13],"floor_reached":33,"language":"ENG","playtime":1252,"items_purged":["Doubt","Strike_B"],"score":348,"play_id":"e0c6bc04-1471-41d0-9bf4-49fe6a5075ae","local_time":"20210130084236","is_ascension_mode":true,"campfire_choices":[{"data":"Zap","floor":6.0,"key":"SMITH"},{"data":"Storm","floor":8.0,"key":"SMITH"},{"data":"Defragment","floor":10.0,"key":"SMITH"},{"data":"White Noise","floor":12.0,"key":"SMITH"},{"data":"Defragment","floor":15.0,"key":"SMITH"},{"floor":23.0,"key":"REST"},{"floor":28,"key":"REST"},{"floor":32,"key":"REST"}],"circlet_count":0,"master_deck":["Strike_B","Strike_B","Strike_B","Defend_B","Defend_B","Defend_B","Defend_B","Zap+1","Dualcast","Cold Snap","Defragment+1","Ball Lightning","Storm+1","White Noise+1","Defragment+1","Sweeping Beam","Zap","Discovery","Ball Lightning","Melter","Coolheaded","Redo","Static Discharge"],"relics":["Cracked Core","NeowsBlessing","Golden Idol","Bottled Flame","The Courier","Lee\u0027s Waffle","SlaversCollar","Bag of Marbles","Gremlin Horn","Nunchaku","Pocketwatch"],"acts_visited":["Exordium","TheCity"],"potions_floor_usage":[25,33,33],"damage_taken":[{"damage":0.0,"enemies":"2 Louse","floor":1.0,"turns":1.0},{"damage":0.0,"enemies":"Small Slimes","floor":5.0,"turns":1.0},{"damage":0.0,"enemies":"Lagavulin","floor":7.0,"turns":1.0},{"damage":0.0,"enemies":"Cultist","floor":11.0,"turns":3.0},{"damage":3.0,"enemies":"Gremlin Gang","floor":13.0,"turns":4.0},{"damage":37.0,"enemies":"Hexaghost","floor":16.0,"turns":5.0},{"damage":35.0,"enemies":"2 Thieves","floor":18.0,"turns":3.0},{"damage":18.0,"enemies":"3 Byrds","floor":21.0,"turns":3.0},{"damage":9.0,"enemies":"Centurion and Healer","floor":22.0,"turns":4.0},{"damage":22.0,"enemies":"Book of Stabbing","floor":24.0,"turns":3.0},{"damage":11,"enemies":"Snake Plant","floor":25,"turns":3},{"damage":18,"enemies":"Cultist and Chosen","floor":29,"turns":4},{"damage":10,"enemies":"Centurion and Healer","floor":30,"turns":6},{"damage":63,"enemies":"Champ","floor":33,"turns":7}],"seed_played":"-2730152799925894055","potions_obtained":[{"floor":7.0,"key":"Energy Potion"},{"floor":13.0,"key":"PowerPotion"},{"floor":16.0,"key":"SkillPotion"},{"floor":18.0,"key":"Swift Potion"},{"floor":21.0,"key":"Swift Potion"},{"floor":24.0,"key":"SteroidPotion"},{"floor":25,"key":"SpeedPotion"}],"is_trial":false,"path_per_floor":["M","?","$","?","M","R","E","R","T","R","M","R","M","$","R","B",null,"M","?","$","M","M","R","E","M","T","?","R","M","M","$","R","B"],"character_chosen":"DEFECT","items_purchased":["Defragment","Lee\u0027s Waffle","Defragment","Bag of Marbles","PowerPotion"],"campfire_rested":3,"item_purchase_floors":[3,14,14,20,31],"current_hp_per_floor":[75,75,75,57,57,57,57,57,57,57,57,57,54,82,82,45,82,47,47,47,29,20,44,22,11,11,11,35,17,7,7,31,0,0],"gold":13,"neow_bonus":"THREE_ENEMY_KILL","is_daily":false,"chose_seed":false,"campfire_upgraded":5,"win_rate":0.0,"timestamp":1612014156,"path_taken":["M","?","$","?","M","R","E","R","T","R","M","R","M","$","R","BOSS","M","?","?","?","?","R","E","M","T","?","R","M","M","$","R","BOSS"],"items_purchased_type":["Card","Relic","Card","Relic","Potion"],"build_version":"2020-12-22","purchased_purges":2,"victory":false,"max_hp_per_floor":[75,75,75,75,75,75,75,75,75,75,75,75,75,82,82,82,82,82,82,82,82,82,82,82,82,82,82,82,82,82,82,82,82,82],"card_choices":[{"not_picked":["Hologram","Turbo"],"picked":"Cold Snap","floor":1.0},{"not_picked":["FTL","Auto Shields"],"picked":"Ball Lightning","floor":5.0},{"not_picked":["Hologram","Barrage"],"picked":"Storm","floor":7.0},{"not_picked":["Capacitor","Conserve Battery"],"picked":"White Noise","floor":11.0},{"not_picked":["Doom and Gloom","Barrage","Go for the Eyes"],"picked":"SKIP","floor":13.0},{"not_picked":["Skim+1","Rebound"],"picked":"Sweeping Beam","floor":18.0},{"not_picked":["Lockon","Barrage+1"],"picked":"Ball Lightning","floor":21.0},{"not_picked":["Rip and Tear+1","Sunder+1"],"picked":"Melter","floor":22.0},{"not_picked":["Rebound","Steam+1","Loop"],"picked":"SKIP","floor":24.0},{"not_picked":["Recycle","Hello World"],"picked":"Coolheaded","floor":25},{"not_picked":["Leap","Barrage"],"picked":"Redo","floor":29},{"not_picked":["Go for the Eyes+1","Steam+1"],"picked":"Static Discharge","floor":30}],"player_experience":157023,"relics_obtained":[{"floor":7.0,"key":"Bottled Flame"},{"floor":9.0,"key":"The Courier"},{"floor":24.0,"key":"Gremlin Horn"},{"floor":26,"key":"Nunchaku"}],"event_choices":[{"damage_healed":0.0,"max_hp_gain":0.0,"max_hp_loss":0.0,"gold_gain":175.0,"event_name":"Liars Game","player_choice":"AGREE","floor":2.0,"gold_loss":0.0,"damage_taken":0.0,"cards_obtained":["Doubt"]},{"damage_healed":0.0,"max_hp_gain":0.0,"max_hp_loss":0.0,"gold_gain":0.0,"event_name":"Golden Idol","player_choice":"Take Damage","floor":4.0,"gold_loss":0.0,"damage_taken":18.0,"relics_obtained":["Golden Idol"]},{"damage_healed":0.0,"max_hp_gain":0.0,"max_hp_loss":0.0,"gold_gain":0.0,"event_name":"Match and Keep!","player_choice":"2 cards matched","floor":19.0,"gold_loss":0.0,"damage_taken":0.0,"cards_obtained":["Zap","Discovery"]},{"damage_healed":0,"gold_gain":0,"player_choice":"Obtained Relic","damage_taken":0,"relics_obtained":["Pocketwatch"],"max_hp_gain":0,"max_hp_loss":0,"event_name":"Addict","floor":27,"gold_loss":85}],"is_beta":false,"boss_relics":[{"not_picked":["Sozu","Astrolabe"],"picked":"SlaversCollar"}],"items_purged_floors":[3,31],"is_endless":false,"potions_floor_spawned":[7,13,16,18,21,24,25],"killed_by":"Champ","ascension_level":4}}