{"host":"kh1j1cf337zr4nij","time":1612019037,"event":{"mods":["2.2 Compatiblity","AchievementEnabler","Act Like it!","Aspiration","BaseMod","Bestiary","CCEM2","Colored Map","Colored Powertips","Conspire","Downfall","Energized Spire","Fireblade Mod","Friendly Minions","GifTheSpireLib","Glutton Mod","Halation","Hermit","Highlight Path","Hubris","Jedi Mod","Mad Scientist","Marisa????????","Minty Spire (QoL Compilation)","Quick Restart","Random Character Button","Relic Stats","Reliquary","Shade Mod","Slumbering Mod","Spikes Relics","StSLib","Stuff the Spire","SuperFastMode","Synergy Search","The Construct","The Cursed","The Disciple","The Forsaken","The Hierophant","The Marked","The Mystic","The Runesmith","The Servant 0.9.4","The Spell Scribe","The Valiant","TheFirefly","Trackpad"],"gold_per_floor":[99,118,135,285,285,48,73,58,58,55,49,49,49,68,47,142,142,142,157,147,159,59,59,104,151,162,162],"floor_reached":26,"language":"ENG","playtime":1748,"items_purged":["downfall:Icky"],"score":233,"play_id":"5e8c0626-ce25-40c4-b699-4fe4ae8a7a3b","local_time":"20210130100357","is_ascension_mode":false,"campfire_choices":[{"data":"Glutton:Flail","floor":1,"key":"SMITH"},{"data":"Glutton:Rest","floor":9,"key":"SMITH"},{"data":"Glutton:SelfFlagellate","floor":18,"key":"SMITH"},{"data":"Glutton:Thrombosis","floor":23,"key":"SMITH"}],"circlet_count":0,"master_deck":["Glutton:Strike","Glutton:Strike","Glutton:Strike","Glutton:Strike","Glutton:Strike","Glutton:Strike","Glutton:Defend","Glutton:Defend","Glutton:Defend","Glutton:Flail+1","Glutton:BloodyKnuckle","Glutton:Thrombosis+1","Glutton:Rest+1","Glutton:Chrysosphagy","Glutton:Bite","Glutton:BellySlam","StuffTheSpire:Innocence","Glutton:GuardStance","Glutton:SelfFlagellate+1","Glutton:Reminisce","Glutton:Treat+1","Glutton:Mug","conspire:SpireCoStock","conspire:SpireCoStock","Glutton:Scab","Glutton:ObsessiveGreed+1"],"relics":["Glutton:EternalHunger","jedi:shrinkray","Orichalcum","CCEMRelics:SelfSharpeningBlade","hubris:Icosahedron","trackpad:Trackpad"],"acts_visited":["Exordium","TheCity"],"potions_floor_usage":[20],"damage_taken":[{"damage":5,"enemies":"theSlumbering:NewCultist","floor":2,"turns":2},{"damage":17,"enemies":"Small Slimes","floor":3,"turns":4},{"damage":21,"enemies":"downfall:FleeingMerchant","floor":6,"turns":4},{"damage":31,"enemies":"downfall:FleeingMerchant","floor":8,"turns":4},{"damage":22,"enemies":"2 Louse","floor":10,"turns":2},{"damage":66,"enemies":"theSlumbering:Adrasteia","floor":11,"turns":6},{"damage":14,"enemies":"Large Slime","floor":14,"turns":4},{"damage":15,"enemies":"conspire:2 RoseBushes","floor":15,"turns":7},{"damage":99,"enemies":"DF_ARCHETYPE_STREAMLINE","floor":16,"turns":10},{"damage":19,"enemies":"conspire:FuzzyDice","floor":19,"turns":4},{"damage":59,"enemies":"Shelled Parasite and Fungi","floor":20,"turns":5},{"damage":38,"enemies":"Sentry and Sphere","floor":21,"turns":5},{"damage":30,"enemies":"Snecko","floor":25,"turns":4},{"damage":32,"enemies":"downfall:FleeingMerchant","floor":26,"turns":4}],"seed_played":"-3121325843391123366","potions_obtained":[{"floor":3,"key":"Explosive Potion"},{"floor":11,"key":"AttackPotion"},{"floor":16,"key":"SkillPotion"}],"is_trial":false,"path_per_floor":["R","M","M","?","?","$","T","$","R","M","E","?","?","M","M","B",null,"R","M","M","M","?","R","T","M","$"],"character_chosen":"GLUTTON","items_purchased":["jedi:shrinkray"],"campfire_rested":0,"item_purchase_floors":[6],"current_hp_per_floor":[132,127,110,110,110,92,92,77,77,88,81,74,74,78,128,59,132,132,126,118,113,113,113,113,104,120,120],"gold":162,"neow_bonus":"TEN_PERCENT_HP_BONUS","is_daily":false,"chose_seed":false,"campfire_upgraded":4,"win_rate":0.0,"timestamp":1612019037,"path_taken":["R","M","M","?","?","$","T","?","R","?","E","?","?","M","M","BOSS","R","M","M","M","?","R","T","M","$"],"items_purchased_type":["Relic"],"build_version":"2020-12-22","purchased_purges":1,"victory":false,"max_hp_per_floor":[132,132,132,132,132,132,132,132,132,132,132,132,132,132,132,132,132,132,132,132,136,136,136,136,136,136,136],"relic_stats":{"counters":[14,65],"Orichalcum":[174],"obtain_stats":[{"Glutton:EternalHunger":0,"CCEMRelics:SelfSharpeningBlade":11,"hubris:Icosahedron":13,"trackpad:Trackpad":17,"Orichalcum":7,"jedi:shrinkray":6},{"Glutton:EternalHunger":0,"CCEMRelics:SelfSharpeningBlade":6,"hubris:Icosahedron":6,"trackpad:Trackpad":9,"Orichalcum":3,"jedi:shrinkray":3},{"Glutton:EternalHunger":0,"CCEMRelics:SelfSharpeningBlade":22,"hubris:Icosahedron":22,"trackpad:Trackpad":43,"Orichalcum":10,"jedi:shrinkray":10}]},"card_choices":[{"not_picked":["Glutton:Devour","Glutton:ToxicResidue"],"picked":"Glutton:BloodyKnuckle","floor":2},{"not_picked":["Glutton:GnawingHunger","Glutton:PainMeditation"],"picked":"Glutton:Thrombosis","floor":3},{"not_picked":["Glutton:FeverVisions","Glutton:Brace"],"picked":"Glutton:Rest","floor":6},{"not_picked":["Glutton:GuardStance","Glutton:GoldenArmor"],"picked":"Glutton:Chrysosphagy","floor":8},{"not_picked":["Glutton:Torment","Glutton:Migraine"],"picked":"Glutton:Bite","floor":10},{"not_picked":["Glutton:Torment","Glutton:Autotomy"],"picked":"Glutton:BellySlam","floor":11},{"not_picked":["Glutton:KneeJerk","Glutton:Rest"],"picked":"Glutton:GuardStance","floor":14},{"not_picked":["Glutton:KneeJerk","Glutton:Overreach"],"picked":"Glutton:SelfFlagellate","floor":15},{"not_picked":["Glutton:Excrescence","Glutton:Hemophilia"],"picked":"Glutton:Reminisce","floor":16},{"not_picked":["Glutton:Bite","Glutton:DecrepitStrike+1","Glutton:Toxicity+1"],"picked":"SKIP","floor":19},{"not_picked":["Glutton:ObsessiveGreed","Glutton:PainMeditation"],"picked":"Glutton:Treat+1","floor":20},{"not_picked":["Glutton:Migraine","Glutton:Misery+1"],"picked":"Glutton:Mug","floor":21},{"not_picked":["Glutton:Yearn","Glutton:Treat"],"picked":"Glutton:Scab","floor":25},{"not_picked":["Glutton:ShedFat","Glutton:Slam+1"],"picked":"Glutton:ObsessiveGreed+1","floor":26}],"player_experience":34156,"relics_obtained":[{"floor":7,"key":"Orichalcum"},{"floor":11,"key":"CCEMRelics:SelfSharpeningBlade"}],"event_choices":[{"damage_healed":0,"gold_gain":0,"player_choice":"Invest 2","damage_taken":0,"max_hp_gain":0,"max_hp_loss":0,"event_name":"conspire:Investor","floor":22,"gold_loss":0}],"is_beta":false,"boss_relics":[{"not_picked":["aspiration:ScribeSkillbook","Runesmith:UraniumAnvil"],"picked":"trackpad:Trackpad"}],"items_purged_floors":[6],"is_endless":false,"potions_floor_spawned":[3,10,11,16,19],"ascension_level":0}}