{"host":"9qk11wtevf51xvhl","time":1612038319,"event":{"mods":["BaseMod","Minty Spire (QoL Compilation)"],"gold_per_floor":[119,119,136,156,176,202,202,217,217,217,245,245,14,46,46,151,451,479,491,519,124,124,159,159,185,185,185,214,228,243,271,271,271,271],"floor_reached":33,"language":"ENG","playtime":2773,"items_purged":["Strike_B"],"score":383,"play_id":"75526c41-4c8f-4b1e-bdef-3e2e49ea861d","local_time":"20210130212519","is_ascension_mode":true,"campfire_choices":[{"data":"Static Discharge","floor":7,"key":"SMITH"},{"floor":10,"key":"REST"},{"data":"Storm","floor":15,"key":"SMITH"},{"data":"Defragment","floor":24,"key":"SMITH"},{"data":"Conserve Battery","floor":27,"key":"SMITH"},{"data":"Creative AI","floor":32,"key":"SMITH"}],"circlet_count":0,"master_deck":["Strike_B","Strike_B","Strike_B","Defend_B","Defend_B","Defend_B","Defend_B","Zap","Dualcast","Beam Cell+1","Static Discharge+1","Conserve Battery+1","Chaos","Cold Snap","Defragment+1","Storm+1","Creative AI+1","Electrodynamics","CurseOfTheBell","Conserve Battery+1","Double Energy+1","Zap+1","Discovery+1","Leap+1","Magnetism","RitualDagger","Leap+1","Machine Learning","Auto Shields+1","Lockon"],"relics":["Cracked Core","Bottled Tornado","HornCleat","Dead Branch","Ornamental Fan","Bag of Preparation","Lantern","Calling Bell","MawBank","Toxic Egg 2","Old Coin","DataDisk","Orichalcum","Cables","Vajra","Red Mask","White Beast Statue"],"acts_visited":["Exordium","TheCity"],"potions_floor_usage":[16,33],"damage_taken":[{"damage":7,"enemies":"Jaw Worm","floor":1,"turns":4},{"damage":11,"enemies":"Small Slimes","floor":3,"turns":4},{"damage":1,"enemies":"Cultist","floor":4,"turns":3},{"damage":7,"enemies":"Looter","floor":5,"turns":3},{"damage":30,"enemies":"3 Sentries","floor":6,"turns":6},{"damage":10,"enemies":"2 Fungi Beasts","floor":8,"turns":3},{"damage":2,"enemies":"Lagavulin","floor":11,"turns":6},{"damage":0,"enemies":"Gremlin Nob","floor":14,"turns":3},{"damage":16,"enemies":"Slime Boss","floor":16,"turns":8},{"damage":7,"enemies":"Chosen","floor":18,"turns":4},{"damage":0,"enemies":"3 Byrds","floor":20,"turns":2},{"damage":13,"enemies":"Book of Stabbing","floor":23,"turns":4},{"damage":15,"enemies":"Gremlin Leader","floor":25,"turns":4},{"damage":0,"enemies":"Masked Bandits","floor":28,"turns":3},{"damage":0,"enemies":"Cultist and Chosen","floor":29,"turns":2},{"damage":0,"enemies":"3 Cultists","floor":30,"turns":5},{"damage":11,"enemies":"Book of Stabbing","floor":31,"turns":3},{"damage":49,"enemies":"Collector","floor":33,"turns":5}],"seed_played":"-6239648898945321329","potions_obtained":[{"floor":1,"key":"LiquidBronze"},{"floor":11,"key":"Explosive Potion"},{"floor":14,"key":"CultistPotion"},{"floor":29,"key":"ColorlessPotion"}],"is_trial":false,"path_per_floor":["M","?","M","M","M","E","R","M","T","R","E","?","$","E","R","B",null,"M","?","M","$","?","E","R","E","T","R","?","M","M","E","R","B"],"character_chosen":"DEFECT","items_purchased":["Bag of Preparation","Storm","DataDisk","Magnetism"],"campfire_rested":1,"item_purchase_floors":[13,13,21,21],"current_hp_per_floor":[75,75,64,63,56,26,26,16,16,40,38,26,26,26,26,10,82,75,75,75,75,69,56,56,41,41,41,41,41,41,30,30,0,0],"gold":271,"neow_bonus":"TEN_PERCENT_HP_BONUS","is_daily":false,"chose_seed":false,"campfire_upgraded":5,"win_rate":0.0,"timestamp":1612038319,"path_taken":["M","?","M","M","M","E","R","M","T","R","E","?","$","E","R","BOSS","M","?","?","$","?","E","R","E","T","R","?","M","M","E","R","BOSS"],"items_purchased_type":["Relic","Card","Relic","Card"],"build_version":"2020-12-22","purchased_purges":1,"victory":false,"max_hp_per_floor":[82,82,82,82,82,82,82,82,82,82,82,82,82,82,82,82,82,82,82,82,82,82,82,82,82,82,82,82,82,82,82,82,82,82],"card_choices":[{"not_picked":["Double Energy","Compile Driver"],"picked":"Beam Cell","floor":1},{"not_picked":["Ball Lightning","Loop"],"picked":"Static Discharge","floor":3},{"not_picked":["Compile Driver","Gash","FTL"],"picked":"SKIP","floor":4},{"not_picked":["Go for the Eyes","Sweeping Beam"],"picked":"Conserve Battery","floor":5},{"not_picked":["Fusion","Redo"],"picked":"Chaos","floor":6},{"not_picked":["Hologram","Beam Cell"],"picked":"Cold Snap","floor":8},{"not_picked":["Streamline","Gash"],"picked":"Defragment","floor":11},{"not_picked":["Barrage","Doom and Gloom"],"picked":"Creative AI","floor":14},{"not_picked":["Thunder Strike","Core Surge"],"picked":"Electrodynamics","floor":16},{"not_picked":["Doom and Gloom","Gash"],"picked":"Conserve Battery+1","floor":18},{"not_picked":["Streamline","Barrage"],"picked":"Leap+1","floor":20},{"not_picked":["Sweeping Beam","Gash"],"picked":"Leap+1","floor":23},{"not_picked":["Streamline","Fusion+1"],"picked":"Machine Learning","floor":25},{"not_picked":["Steam+1","Turbo+1"],"picked":"Auto Shields+1","floor":28},{"not_picked":["Consume+1","Fusion+1"],"picked":"Lockon","floor":29},{"not_picked":["Beam Cell","Steam+1","Barrage"],"picked":"SKIP","floor":30},{"not_picked":["Rebound","Go for the Eyes","Hello World+1"],"picked":"SKIP","floor":31}],"player_experience":562193,"relics_obtained":[{"floor":6,"key":"Bottled Tornado"},{"floor":9,"key":"HornCleat"},{"floor":11,"key":"Dead Branch"},{"floor":14,"key":"Lantern"},{"floor":17,"key":"MawBank"},{"floor":17,"key":"Toxic Egg 2"},{"floor":17,"key":"Old Coin"},{"floor":23,"key":"Orichalcum"},{"floor":25,"key":"Cables"},{"floor":26,"key":"Vajra"},{"floor":28,"key":"Red Mask"},{"floor":31,"key":"White Beast Statue"}],"event_choices":[{"damage_healed":0,"gold_gain":0,"player_choice":"Grow","damage_taken":0,"max_hp_gain":0,"max_hp_loss":0,"event_name":"Living Wall","floor":2,"gold_loss":0,"cards_upgraded":["Beam Cell"]},{"damage_healed":0,"gold_gain":0,"player_choice":"Success","damage_taken":12,"relics_obtained":["Ornamental Fan"],"max_hp_gain":0,"max_hp_loss":0,"event_name":"Scrap Ooze","floor":12,"gold_loss":0},{"damage_healed":0,"gold_gain":0,"player_choice":"3 cards matched","damage_taken":0,"max_hp_gain":0,"max_hp_loss":0,"event_name":"Match and Keep!","floor":19,"gold_loss":0,"cards_obtained":["Double Energy","Zap","Discovery"]},{"damage_healed":0,"gold_gain":0,"player_choice":"Joined the Cult","damage_taken":6,"max_hp_gain":0,"max_hp_loss":0,"event_name":"Nest","floor":22,"gold_loss":0,"cards_obtained":["RitualDagger"]},{"damage_healed":0,"gold_gain":0,"player_choice":"Fought Bandits","damage_taken":0,"max_hp_gain":0,"max_hp_loss":0,"event_name":"Masked Bandits","floor":28,"gold_loss":0}],"is_beta":false,"boss_relics":[{"not_picked":["Astrolabe","Cursed Key"],"picked":"Calling Bell"}],"items_purged_floors":[21],"is_endless":false,"potions_floor_spawned":[1,11,14,29,30],"killed_by":"Collector","ascension_level":2}}