{"host":"xz7n3qy1zq36rzpg","time":1612047266,"event":{"mods":["BaseMod","Colored Map","Colored Powertips","Highlight Path","Minty Spire (QoL Compilation)","Quick Restart","Shop Mod"],"gold_per_floor":[116,116,127,127,58,58,71,71,123,10,24,44,44,61,61,161,161,142,158,169,94,94,94,125,125,125],"floor_reached":25,"language":"ENG","playtime":2186,"items_purged":["Parasite"],"score":256,"play_id":"712753f3-56e0-432f-9032-1c245587a388","local_time":"20210130235426","is_ascension_mode":true,"campfire_choices":[{"data":"Neutralize","floor":6,"key":"SMITH"},{"floor":8,"key":"REST"},{"data":"Caltrops","floor":15,"key":"SMITH"},{"floor":23,"key":"REST"}],"circlet_count":0,"master_deck":["Strike_G","Strike_G","Strike_G","Strike_G","Strike_G","Defend_G","Defend_G","Defend_G","Defend_G","Survivor","Neutralize+1","Storm of Steel","Sucker Punch","Bouncing Flask","Caltrops+1","Noxious Fumes","Well Laid Plans","Crippling Poison","Backstab","Leg Sweep","After Image","Poisoned Stab"],"relics":["Ring of the Snake","Regal Pillow","Fusion Hammer","Letter Opener"],"acts_visited":["Exordium","TheCity"],"potions_floor_usage":[19,24],"damage_taken":[{"damage":0,"enemies":"Jaw Worm","floor":1,"turns":5},{"damage":8,"enemies":"2 Louse","floor":3,"turns":3},{"damage":4,"enemies":"Small Slimes","floor":7,"turns":4},{"damage":6,"enemies":"Blue Slaver","floor":11,"turns":4},{"damage":10,"enemies":"Red Slaver","floor":12,"turns":4},{"damage":8,"enemies":"Large Slime","floor":14,"turns":5},{"damage":28,"enemies":"The Guardian","floor":16,"turns":10},{"damage":21,"enemies":"2 Thieves","floor":18,"turns":4},{"damage":7,"enemies":"3 Byrds","floor":19,"turns":6},{"damage":16,"enemies":"Snecko","floor":20,"turns":6},{"damage":35,"enemies":"Slavers","floor":24,"turns":5},{"damage":33,"enemies":"Snake Plant","floor":25,"turns":2}],"seed_played":"4815692361296963750","potions_obtained":[{"floor":3,"key":"EssenceOfSteel"},{"floor":12,"key":"Ancient Potion"},{"floor":18,"key":"FearPotion"},{"floor":20,"key":"DuplicationPotion"}],"is_trial":false,"path_per_floor":["M","?","M","?","$","R","M","R","T","$","M","M","?","M","R","B",null,"M","M","M","$","?","R","E","M"],"character_chosen":"THE_SILENT","items_purchased":["Noxious Fumes","Well Laid Plans","Crippling Poison"],"campfire_rested":2,"item_purchase_floors":[5,10,10],"current_hp_per_floor":[49,49,41,41,41,41,37,58,58,58,52,42,59,51,51,23,70,49,42,26,26,26,61,26,0,0],"gold":125,"neow_bonus":"THREE_RARE_CARDS","is_daily":false,"chose_seed":false,"campfire_upgraded":2,"win_rate":0.0,"timestamp":1612047266,"path_taken":["M","?","M","?","$","R","M","R","T","$","M","M","?","M","R","BOSS","M","M","M","$","?","R","E","M"],"items_purchased_type":["Card","Card","Card"],"build_version":"2020-12-22","purchased_purges":1,"victory":false,"max_hp_per_floor":[70,70,70,70,70,70,70,70,70,70,70,70,70,70,70,70,70,70,70,70,67,67,67,67,67,67],"card_choices":[{"not_picked":["Phantasmal Killer","Doppelganger"],"picked":"Storm of Steel","floor":0},{"not_picked":["Flying Knee","Catalyst"],"picked":"Sucker Punch","floor":1},{"not_picked":["Distraction","Expertise"],"picked":"Caltrops","floor":3},{"not_picked":["Sucker Punch","Flying Knee","Skewer"],"picked":"SKIP","floor":7},{"not_picked":["Dagger Throw","Bouncing Flask"],"picked":"Backstab","floor":11},{"not_picked":["Masterful Stab","Tactician","Caltrops"],"picked":"SKIP","floor":12},{"not_picked":["Predator","Dagger Throw"],"picked":"Leg Sweep","floor":14},{"not_picked":["Doppelganger","Adrenaline"],"picked":"After Image","floor":16},{"not_picked":["Outmaneuver","Setup","Dagger Spray"],"picked":"SKIP","floor":18},{"not_picked":["Dagger Throw+1","Quick Slash"],"picked":"Poisoned Stab","floor":19},{"not_picked":["Calculated Gamble","Prepared","Deadly Poison"],"picked":"SKIP","floor":20},{"not_picked":["Bane","Riddle With Holes","Setup+1"],"picked":"SKIP","floor":24}],"player_experience":398289,"relics_obtained":[{"floor":9,"key":"Regal Pillow"},{"floor":24,"key":"Letter Opener"}],"event_choices":[{"damage_healed":0,"gold_gain":0,"cards_transformed":["Defend_G"],"player_choice":"Change","damage_taken":0,"max_hp_gain":0,"max_hp_loss":0,"event_name":"Living Wall","floor":2,"gold_loss":0,"cards_obtained":["Bouncing Flask"]},{"damage_healed":0,"gold_gain":0,"player_choice":"Ignored","damage_taken":0,"max_hp_gain":0,"max_hp_loss":0,"event_name":"Liars Game","floor":4,"gold_loss":0},{"damage_healed":17,"gold_gain":0,"player_choice":"Healed and dodged fight","damage_taken":0,"max_hp_gain":0,"max_hp_loss":0,"event_name":"Mushrooms","floor":13,"gold_loss":0,"cards_obtained":["Parasite"]},{"damage_healed":0,"gold_gain":0,"player_choice":"Ignored","damage_taken":0,"max_hp_gain":0,"max_hp_loss":0,"event_name":"Duplicator","floor":22,"gold_loss":0}],"is_beta":false,"boss_relics":[{"not_picked":["Runic Pyramid","Busted Crown"],"picked":"Fusion Hammer"}],"items_purged_floors":[21],"is_endless":false,"potions_floor_spawned":[3,12,18,20],"killed_by":"Snake Plant","ascension_level":4}}