{"host":"zqowyf7xxb4s9ib0","time":1612041057,"event":{"mods":["BaseMod","Better Note","Colored Map","Colored Powertips","Downfall","Highlight Path","Minty Spire (QoL Compilation)","Permanent Neow","Quick Restart","StSLib"],"gold_per_floor":[0,13,23,23,23,23,47,47,60,60,85,96,96,96,107,206,206,206,222,242,81,81,100,123,23,33,50,50,65,95,114,130,234,234,134,149,161,177,177,209,209,227,245,263,168,68,83,118,130,130,130,130],"floor_reached":50,"language":"ENG","playtime":3593,"items_purged":["bronze:Goto"],"score":660,"play_id":"2968a585-34f3-463b-b2eb-81b431d1a12c","local_time":"20210130131057","is_ascension_mode":true,"campfire_choices":[{"data":"bronze:Replicate","floor":1,"key":"SMITH"},{"data":"bronze:WildBeam","floor":6,"key":"SMITH"},{"data":"bronze:WildBeam","floor":8,"key":"SMITH"},{"data":"bronze:Repulsor","floor":13,"key":"SMITH"},{"floor":18,"key":"RECALL"},{"data":"bronze:Refactor","floor":25,"key":"SMITH"},{"data":"bronze:TinkerersToolbox","floor":35,"key":"SMITH"},{"data":"expansioncontent:StudyTheSpire","floor":46,"key":"SMITH"}],"circlet_count":0,"master_deck":["bronze:Defend+1","bronze:Defend+1","bronze:Defend+1","bronze:Replicate+1","bronze:WildBeam+1","bronze:WildBeam+1","bronze:Overheat+1","bronze:Repulsor+1","bronze:Constructor","bronze:BugBarrage","bronze:BurnOut","bronze:DigitalCarnage+1","bronze:NullPointer+1","bronze:Safeguard+1","bronze:BugBarrage+1","bronze:Refactor+1","bronze:OilSpill+1","bronze:Assembly","bronze:TinkerersToolbox+1","bronze:Overload+1","bronze:Repair+1","expansioncontent:StudyTheSpire+1"],"relics":["bronze:BronzeCore","downfall:ShatteredFragment","PreservedInsect","HornCleat","Astrolabe","Oddly Smooth Stone","Centennial Puzzle","downfall:HeartBlessingRed","Slimebound:PreparedRelic","Snecko Eye","downfall:HeartBlessingBlue","MealTicket","Bottled Tornado","Bronze Scales","downfall:HeartBlessingGreen","Mango"],"acts_visited":["Exordium","TheCity","TheBeyond"],"potions_floor_usage":[11,11,16,33,38,40,40,40,42,42],"damage_taken":[{"damage":4,"enemies":"Small Slimes","floor":2,"turns":4},{"damage":7,"enemies":"Jaw Worm","floor":3,"turns":2},{"damage":0,"enemies":"2 Louse","floor":9,"turns":1},{"damage":18,"enemies":"Lagavulin","floor":11,"turns":3},{"damage":5,"enemies":"Exordium Wildlife","floor":12,"turns":3},{"damage":2,"enemies":"2 Fungi Beasts","floor":15,"turns":3},{"damage":14,"enemies":"IC_STATUS_ARCHETYPE","floor":16,"turns":6},{"damage":2,"enemies":"Chosen","floor":19,"turns":2},{"damage":0,"enemies":"Snecko","floor":20,"turns":4},{"damage":0,"enemies":"downfall:FleeingMerchant","floor":21,"turns":4},{"damage":8,"enemies":"Centurion and Healer","floor":23,"turns":4},{"damage":2,"enemies":"Shelled Parasite and Fungi","floor":26,"turns":4},{"damage":0,"enemies":"Snecko","floor":27,"turns":3},{"damage":4,"enemies":"Cultist and Chosen","floor":29,"turns":7},{"damage":10,"enemies":"Book of Stabbing","floor":30,"turns":4},{"damage":9,"enemies":"Shelled Parasite and Fungi","floor":31,"turns":5},{"damage":6,"enemies":"Centurion and Healer","floor":32,"turns":5},{"damage":34,"enemies":"WA_ARCHETYPE_CALM","floor":33,"turns":9},{"damage":44,"enemies":"3 Darklings","floor":36,"turns":8},{"damage":0,"enemies":"Orb Walker","floor":37,"turns":3},{"damage":5,"enemies":"3 Darklings","floor":38,"turns":3},{"damage":14,"enemies":"Reptomancer","floor":40,"turns":7},{"damage":6,"enemies":"Writhing Mass","floor":42,"turns":5},{"damage":0,"enemies":"Spire Growth","floor":43,"turns":3},{"damage":26,"enemies":"3 Darklings","floor":44,"turns":6},{"damage":0,"enemies":"downfall:FleeingMerchant","floor":45,"turns":3},{"damage":0,"enemies":"Maw","floor":47,"turns":6},{"damage":4,"enemies":"Nemesis","floor":48,"turns":9},{"damage":10,"enemies":"Sphere and 2 Shapes","floor":49,"turns":5},{"damage":66,"enemies":"SI_POISON_ARCHETYPE","floor":50,"turns":6}],"seed_played":"-8762461910970822144","potions_obtained":[{"floor":2,"key":"hexamod:SoulburnPotion"},{"floor":3,"key":"hexamod:SoulburnPotion"},{"floor":9,"key":"CultistPotion"},{"floor":20,"key":"PowerPotion"},{"floor":23,"key":"ColorlessPotion"},{"floor":26,"key":"Ancient Potion"},{"floor":30,"key":"FairyPotion"},{"floor":33,"key":"sneckomod:MuddlingPotion"},{"floor":37,"key":"bronze:CleanCodePotion"},{"floor":39,"key":"EntropicBrew"},{"floor":40,"key":"Strength Potion"},{"floor":44,"key":"champ:CounterPotion"},{"floor":47,"key":"BlessingOfTheForge"},{"floor":49,"key":"sneckomod:MuddlingPotion"}],"is_trial":false,"path_per_floor":["R","M","M","?","?","R","T","R","M","?","E","M","R","T","M","B",null,"R","M","M","$","?","M","T","R","M","M","?","M","E","M","M","B",null,"R","M","M","M","?","E","T","M","M","M","$","R","M","E","M","B"],"character_chosen":"THE_AUTOMATON","items_purchased":["Oddly Smooth Stone","Bronze Scales","expansioncontent:StudyTheSpire"],"campfire_rested":0,"item_purchase_floors":[21,45,45],"current_hp_per_floor":[70,66,59,38,38,38,38,38,38,38,27,22,22,22,20,6,77,77,75,75,75,75,67,67,67,65,65,65,61,51,42,36,2,77,87,43,43,38,38,24,24,18,18,26,41,41,51,71,61,0,0,0],"gold":130,"neow_bonus":"REMOVE_TWO","is_daily":false,"chose_seed":false,"campfire_upgraded":7,"win_rate":0.0,"timestamp":1612041057,"path_taken":["R","M","M","?","?","R","T","R","M","?","E","?","R","?","M","BOSS","R","M","M","$","?","M","T","R","M","M","?","M","E","M","M","BOSS","R","M","M","M","?","E","T","?","M","M","$","R","M","E","M","BOSS"],"items_purchased_type":["Relic","Relic","Card"],"build_version":"2020-12-22","purchased_purges":1,"victory":false,"max_hp_per_floor":[70,70,70,70,70,70,70,70,70,70,77,77,77,77,77,77,77,77,77,77,77,77,77,77,77,77,77,77,77,77,77,77,77,77,87,87,87,87,87,87,87,87,87,87,87,87,87,101,101,101,101,101],"card_choices":[{"not_picked":["bronze:Overheat","bronze:DigitalCarnage"],"picked":"bronze:WildBeam","floor":2},{"not_picked":["bronze:Frontload","bronze:Overload"],"picked":"bronze:WildBeam","floor":3},{"not_picked":["bronze:BuggyMess","bronze:ChildClass"],"picked":"bronze:Overheat","floor":9},{"not_picked":["bronze:DelayedSlice","bronze:ThunderWave"],"picked":"bronze:Repulsor","floor":11},{"not_picked":["bronze:DelayedSlice","bronze:WildBeam"],"picked":"bronze:Constructor","floor":12},{"not_picked":["bronze:Deprecate","bronze:Frontload"],"picked":"bronze:BugBarrage","floor":15},{"not_picked":["bronze:InfiniteLoop","bronze:ThunderWave"],"picked":"bronze:BurnOut","floor":16},{"not_picked":["bronze:ItsAFeature","bronze:DelayedGuard","bronze:Deprecate+1"],"picked":"SKIP","floor":19},{"not_picked":["bronze:Deprecate","bronze:Philosophize"],"picked":"bronze:BugBarrage+1","floor":20},{"not_picked":["bronze:DarkDash","bronze:Separator","bronze:Iterate+1"],"picked":"SKIP","floor":21},{"not_picked":["bronze:OilSpill+1","bronze:Separator"],"picked":"bronze:Refactor","floor":23},{"not_picked":["bronze:Return","bronze:DelayedGuard","bronze:Shield"],"picked":"SKIP","floor":26},{"not_picked":["bronze:BugBarrage","bronze:Repulsor","bronze:Shield"],"picked":"SKIP","floor":27},{"not_picked":["bronze:ShipIt","bronze:Overheat+1","bronze:FineTuning"],"picked":"SKIP","floor":29},{"not_picked":["bronze:BitShift","bronze:ChosenStrike+1"],"picked":"bronze:OilSpill+1","floor":30},{"not_picked":["bronze:ForceShield","bronze:FineTuning","bronze:Deprecate"],"picked":"SKIP","floor":31},{"not_picked":["bronze:Allocate","bronze:BugBarrage"],"picked":"bronze:Assembly","floor":32},{"not_picked":["bronze:HardenedForm","bronze:InfiniteLoop"],"picked":"bronze:TinkerersToolbox","floor":33},{"not_picked":["bronze:BuggyMess+1","bronze:FineTuning","bronze:BugBarrage+1"],"picked":"SKIP","floor":36},{"not_picked":["bronze:BugBarrage","bronze:Invalidate","bronze:CutThrough+1"],"picked":"SKIP","floor":37},{"not_picked":["bronze:Invalidate","bronze:Shield","bronze:Boost"],"picked":"SKIP","floor":38},{"not_picked":["bronze:InfiniteBeams+1","bronze:BuggyMess+1"],"picked":"bronze:Overload+1","floor":40},{"not_picked":["bronze:ClassDefault","bronze:Frontload","bronze:Fortify"],"picked":"SKIP","floor":42},{"not_picked":["bronze:FineTuning","bronze:OilSpill"],"picked":"bronze:Repair+1","floor":43},{"not_picked":["bronze:Philosophize","bronze:DarkDash+1","bronze:BronzeOrb+1"],"picked":"SKIP","floor":44},{"not_picked":["bronze:Turbo+1","bronze:Boost","bronze:Break"],"picked":"SKIP","floor":45},{"not_picked":["bronze:DelayedGuard","bronze:Invalidate","bronze:CutThrough+1"],"picked":"SKIP","floor":47},{"not_picked":["bronze:DelayedSlice+1","bronze:FollowUp+1","bronze:WhirlingStrike"],"picked":"SKIP","floor":48},{"not_picked":["bronze:Turbo","bronze:Constructor+1","bronze:Iterate"],"picked":"SKIP","floor":49}],"player_experience":523409,"relics_obtained":[{"floor":7,"key":"PreservedInsect"},{"floor":11,"key":"Strawberry"},{"floor":14,"key":"HornCleat"},{"floor":30,"key":"Slimebound:PreparedRelic"},{"floor":40,"key":"MealTicket"},{"floor":41,"key":"Bottled Tornado"},{"floor":48,"key":"Mango"}],"event_choices":[{"damage_healed":0,"gold_gain":0,"player_choice":"Grow","damage_taken":0,"max_hp_gain":0,"max_hp_loss":0,"event_name":"Living Wall","floor":10,"gold_loss":0,"cards_upgraded":["bronze:Overheat"]}],"is_beta":false,"boss_relics":[{"not_picked":["Calling Bell","Pandora\u0027s Box"],"picked":"Astrolabe"},{"not_picked":["Runic Pyramid","SacredBark"],"picked":"Snecko Eye"}],"items_purged_floors":[45],"is_endless":false,"potions_floor_spawned":[2,3,9,20,23,26,27,30,33,37,40,44,47,49],"killed_by":"SI_POISON_ARCHETYPE","ascension_level":2}}