{"host":"q6r63elxu27obe7v","time":1612017227,"event":{"mods":["BaseMod","DeckTracker","Keyboard Shortcuts","Minty Spire (QoL Compilation)","Permanent Neow","Quick Restart","StSLib","SuperFastMode","Swap Starting Deck Mod"],"gold_per_floor":[112,37,37,51,69,69,96,81,106,170,232,232,232],"floor_reached":12,"language":"KOR","playtime":484,"items_purged":["Defend_G"],"score":86,"play_id":"cc45b115-7f91-4e31-9677-9e0fde8fc753","local_time":"20210130233347","is_ascension_mode":true,"campfire_choices":[{"floor":6,"key":"RECALL"}],"circlet_count":0,"master_deck":["Strike_G","Strike_G","Strike_G","Strike_G","Strike_G","Defend_G","Defend_G","Defend_G","Defend_G","Survivor","Neutralize","Calculated Gamble","Finisher","Expertise","Masterful Stab"],"relics":["SacredBark","SsserpentHead","Tiny Chest"],"acts_visited":["Exordium"],"potions_floor_usage":[7,8],"damage_taken":[{"damage":2,"enemies":"Small Slimes","floor":1,"turns":5},{"damage":1,"enemies":"Cultist","floor":4,"turns":4},{"damage":0,"enemies":"2 Louse","floor":5,"turns":4},{"damage":48,"enemies":"Lagavulin","floor":7,"turns":13},{"damage":12,"enemies":"Exordium Thugs","floor":8,"turns":7},{"damage":0,"enemies":"Looter","floor":10,"turns":4},{"damage":3,"enemies":"Red Slaver","floor":11,"turns":6},{"damage":7,"enemies":"Gremlin Nob","floor":12,"turns":2}],"seed_played":"7280895399082790490","potions_obtained":[{"floor":1,"key":"SkillPotion"},{"floor":5,"key":"FearPotion"},{"floor":7,"key":"GamblersBrew"}],"is_trial":false,"path_per_floor":["M","$","?","M","M","R","E","M","T","M","M","E"],"character_chosen":"THE_SILENT","items_purchased":[],"campfire_rested":0,"item_purchase_floors":[],"current_hp_per_floor":[68,68,68,67,67,67,19,7,7,7,4,0,0],"gold":232,"neow_bonus":"BOSS_RELIC","is_daily":false,"chose_seed":false,"campfire_upgraded":0,"win_rate":0.0,"timestamp":1612017227,"path_taken":["M","$","?","M","M","R","E","M","T","?","?","E"],"items_purchased_type":[],"build_version":"2020-12-22","purchased_purges":1,"victory":false,"max_hp_per_floor":[70,70,70,70,70,70,70,70,70,70,70,70,70],"card_choices":[{"not_picked":["Dagger Spray","Acrobatics"],"picked":"Calculated Gamble","floor":1},{"not_picked":["PiercingWail","Deadly Poison","Cloak And Dagger"],"picked":"SKIP","floor":4},{"not_picked":["Deadly Poison","Distraction","Riddle With Holes"],"picked":"SKIP","floor":5},{"not_picked":["Escape Plan","Noxious Fumes"],"picked":"Finisher","floor":7},{"not_picked":["Tools of the Trade","Dodge and Roll","Sucker Punch"],"picked":"SKIP","floor":8},{"not_picked":["Acrobatics","Footwork"],"picked":"Expertise","floor":10},{"not_picked":["Cloak And Dagger","Slice"],"picked":"Masterful Stab","floor":11}],"player_experience":50822,"relics_obtained":[{"floor":7,"key":"Tiny Chest"}],"event_choices":[{"damage_healed":0,"gold_gain":0,"player_choice":"Trade","damage_taken":0,"relics_obtained":["SsserpentHead"],"max_hp_gain":0,"max_hp_loss":0,"event_name":"FaceTrader","floor":3,"gold_loss":0}],"is_beta":false,"boss_relics":[],"items_purged_floors":[2],"is_endless":false,"potions_floor_spawned":[1,5,7],"killed_by":"Gremlin Nob","ascension_level":1}}