{"host":"sckme7d1fomdxamv","time":1612020085,"event":{"mods":["Act Like it!","BaseMod","Downfall","Friendly Minions","Gensokyo","Kiyohime（清姬）","Marisa（F雨　魔理沙）","Minty Spire (QoL Compilation)","READ ME - Guardian Mod","Rare Cards Sparkle","Remilia（蕾米莉亚）","Replay The Spire","Shop Mod","StSLib","The Bug Knight","The Hierophant","The Servant 0.9.4"],"gold_per_floor":[109,120,208,208,283,319,343,343,393,406,406,581,581,602,602,732,732,746,252,252,252,252,252,275,288,288,288,288],"floor_reached":27,"language":"ZHS","playtime":1199,"items_purged":["Doubt"],"score":236,"play_id":"427fa6c1-e39c-491a-81f5-ebf03213638a","local_time":"20210130232125","is_ascension_mode":false,"campfire_choices":[{"floor":11,"key":"REST"},{"data":"HollowMod:MawleksShell","floor":13,"key":"SMITH"},{"data":"HollowMod:AbyssShriek","floor":15,"key":"SMITH"},{"data":"HollowMod:LordofShades","floor":23,"key":"SMITH"}],"circlet_count":0,"master_deck":["HollowMod:NailStrikeStart","HollowMod:NailStrikeStart+1","HollowMod:NailStrikeStart+1","HollowMod:QuickDashStart","HollowMod:QuickDashStart","HollowMod:QuickDashStart","HollowMod:QuickDashStart","HollowMod:PogoStrike","HollowMod:HeavyBlow","HollowMod:DashSlash","HollowMod:WraithStrike","HollowMod:AbyssShriek+1","HollowMod:WraithStrike","HollowMod:MawleksShell+1","HollowMod:SharpenedNail","HollowMod:DescendingDark","HollowMod:DescendingDark","HollowMod:LordofShades+1","HollowMod:SiblingsSouls","HollowMod:MantisMark","HollowMod:DescendingDark","J.A.X.","HollowMod:MonarchWings","HollowMod:NewLittleFool"],"relics":["HollowMod:VoidIdolRelic","NeowsBlessing","Golden Idol","Whetstone","StoneCalendar","Kunai"],"acts_visited":["Exordium","TheCity"],"potions_floor_usage":[10,24,27],"damage_taken":[{"damage":0,"enemies":"Jaw Worm","floor":1,"turns":1},{"damage":0,"enemies":"2 Louse","floor":2,"turns":1},{"damage":0,"enemies":"Gremlin Nob","floor":6,"turns":1},{"damage":11,"enemies":"Small Slimes","floor":7,"turns":3},{"damage":7,"enemies":"3 Louse","floor":10,"turns":3},{"damage":4,"enemies":"Red Slaver","floor":14,"turns":4},{"damage":42,"enemies":"Fading Forest","floor":16,"turns":11},{"damage":20,"enemies":"Chosen","floor":18,"turns":5},{"damage":24,"enemies":"3 Byrds","floor":24,"turns":5},{"damage":17,"enemies":"Snake Plant","floor":25,"turns":4},{"damage":17,"enemies":"Cultist and Chosen","floor":27,"turns":4}],"seed_played":"3101805517786368032","potions_obtained":[{"floor":6,"key":"SpeedPotion"},{"floor":7,"key":"Ancient Potion"},{"floor":10,"key":"SteroidPotion"},{"floor":24,"key":"Fire Potion"}],"is_trial":false,"path_per_floor":["M","M","?","?","?","E","M","?","T","M","R","?","R","M","R","B",null,"M","$","?","?","?","R","M","M","T","M"],"character_chosen":"THE_BUGKNIGHT","items_purchased":["HollowMod:MantisMark","HollowMod:DescendingDark","StoneCalendar"],"campfire_rested":1,"item_purchase_floors":[19,19,19],"current_hp_per_floor":[75,75,75,57,46,46,35,35,35,28,50,50,50,46,46,26,75,55,55,55,55,55,55,31,14,14,0,0],"gold":288,"neow_bonus":"THREE_ENEMY_KILL","is_daily":false,"chose_seed":false,"campfire_upgraded":3,"win_rate":0.0,"timestamp":1612020085,"path_taken":["M","M","?","?","?","E","M","?","T","?","R","?","R","M","R","BOSS","M","$","?","?","?","R","?","M","T","M"],"items_purchased_type":["Card","Card","Relic"],"build_version":"2020-12-22","purchased_purges":1,"victory":false,"max_hp_per_floor":[75,75,75,75,75,75,75,75,75,75,75,75,75,75,75,75,75,75,75,75,75,75,75,75,75,75,75,75],"card_choices":[{"not_picked":["HollowMod:CloakDash","HollowMod:MonomonsArchive"],"picked":"HollowMod:HeavyBlow","floor":1},{"not_picked":["HollowMod:SoulSplash","HollowMod:HeavyBlow"],"picked":"HollowMod:DashSlash","floor":2},{"not_picked":["HollowMod:ShapeofUnn","HollowMod:TaintedHusks"],"picked":"HollowMod:WraithStrike","floor":3},{"not_picked":["HollowMod:DesolateDive","HollowMod:ShadowDash"],"picked":"HollowMod:AbyssShriek","floor":3},{"not_picked":["HollowMod:TaintedHusks","HollowMod:HowlingWraiths"],"picked":"HollowMod:WraithStrike","floor":3},{"not_picked":["HollowMod:CornifersMapStart","HollowMod:DreamGate"],"picked":"HollowMod:MawleksShell","floor":6},{"not_picked":["HollowMod:LifebloodCocoon","HollowMod:CycloneSlash"],"picked":"HollowMod:SharpenedNail","floor":7},{"not_picked":["HollowMod:theNailsmith","HollowMod:SoulStrike"],"picked":"HollowMod:DescendingDark","floor":10},{"not_picked":["HollowMod:SoulStrike","HollowMod:WraithStrike"],"picked":"HollowMod:DescendingDark","floor":14},{"not_picked":["HollowMod:NewInfectedGuardian","HollowMod:HerrahsAnger"],"picked":"HollowMod:LordofShades","floor":16},{"not_picked":["HollowMod:DreamGate","HollowMod:InfectedAttack"],"picked":"HollowMod:SiblingsSouls","floor":18},{"not_picked":["HollowMod:SoulVessel","HollowMod:SoulStrike","HollowMod:PureNailStrike"],"picked":"SKIP","floor":24},{"not_picked":["HollowMod:TaintedHusks","HollowMod:VengefulSpirit"],"picked":"HollowMod:NewLittleFool","floor":25}],"player_experience":245012,"relics_obtained":[{"floor":6,"key":"Whetstone"},{"floor":26,"key":"Kunai"}],"event_choices":[{"damage_healed":0,"gold_gain":0,"player_choice":"Take Damage","damage_taken":18,"relics_obtained":["Golden Idol"],"max_hp_gain":0,"max_hp_loss":0,"event_name":"Golden Idol","floor":4,"gold_loss":0},{"damage_healed":0,"gold_gain":75,"player_choice":"Gather Gold","damage_taken":11,"max_hp_gain":0,"max_hp_loss":0,"event_name":"World of Goop","floor":5,"gold_loss":0},{"cards_removed":["HollowMod:FocusHealStart"],"damage_healed":0,"gold_gain":0,"player_choice":"Purged","damage_taken":0,"max_hp_gain":0,"max_hp_loss":0,"event_name":"Purifier","floor":8,"gold_loss":0},{"damage_healed":0,"gold_gain":175,"player_choice":"AGREE","damage_taken":0,"max_hp_gain":0,"max_hp_loss":0,"event_name":"Liars Game","floor":12,"gold_loss":0,"cards_obtained":["Doubt"]},{"damage_healed":0,"gold_gain":0,"player_choice":"Obtain J.A.X.","damage_taken":0,"max_hp_gain":0,"max_hp_loss":0,"event_name":"Drug Dealer","floor":20,"gold_loss":0,"cards_obtained":["J.A.X."]},{"damage_healed":0,"gold_gain":0,"player_choice":"Read","damage_taken":0,"max_hp_gain":0,"max_hp_loss":0,"event_name":"The Library","floor":21,"gold_loss":0,"cards_obtained":["HollowMod:MonarchWings"]},{"cards_removed":["HollowMod:NailStrikeStart"],"damage_healed":0,"gold_gain":0,"player_choice":"Offered Basic","damage_taken":0,"max_hp_gain":0,"max_hp_loss":0,"event_name":"Bonfire Elementals","floor":22,"gold_loss":0}],"is_beta":false,"boss_relics":[{"not_picked":["ReplayTheSpireMod:DimensionalGlitch","Philosopher\u0027s Stone"],"picked":"HollowMod:VoidIdolRelic"}],"items_purged_floors":[19],"is_endless":false,"potions_floor_spawned":[6,7,10,24],"killed_by":"Cultist and Chosen","ascension_level":0}}