{"host":"auruk4ryct6j660o","time":1612038570,"event":{"mods":["BaseMod","Downfall","Minty Spire (QoL Compilation)","StSLib"],"gold_per_floor":[99,84,103,117,102,116,116,146,166,166,66,78,95,121,134,238,238,138,155,170,170,170,205,505,537,537,537,553,501,501,512,532,632,632,632,648,663,148,167,183,183,194,194,194,205,220,220,233,245,245],"floor_reached":51,"language":"ENG","playtime":6680,"items_purged":[],"score":757,"play_id":"0f805333-3862-4b13-b4c6-1e6058127bd4","local_time":"20210130202930","is_ascension_mode":false,"campfire_choices":[{"floor":1.0,"key":"RECALL"},{"floor":11.0,"key":"REST"},{"data":"hexamod:GhostflameInferno","floor":18.0,"key":"SMITH"},{"floor":26.0,"key":"REST"},{"floor":30.0,"key":"REST"},{"data":"hexamod:Float","floor":35.0,"key":"SMITH"},{"floor":43.0,"key":"REST"},{"floor":47,"key":"REST"}],"circlet_count":0,"master_deck":["hexamod:Strike+1","hexamod:Strike+1","hexamod:Strike+1","hexamod:Strike+1","hexamod:Defend+1","hexamod:Defend+1","hexamod:Defend+1","hexamod:Defend+1","hexamod:Sear","hexamod:Float+1","hexamod:HeatShield","hexamod:HeatMetal","hexamod:SkipABeat","hexamod:GhostOfSpirePast","hexamod:SoulSteal","hexamod:BacktrackSmack","hexamod:BurningTouch","hexamod:ShieldOfDarkness","hexamod:Firestarter","hexamod:FastForward","hexamod:AdvancingGuard","hexamod:GhostflameInferno+1","hexamod:GhostShield+1","hexamod:Rewind+1","hexamod:BurningTouch","hexamod:HeatShield+1","hexamod:FirstSeal","hexamod:SwordOfDarkness","hexamod:SpectralAdrenaline+1","hexamod:RadiantFlame","hexamod:SpectralAdrenaline+1","hexamod:TimeWarp","hexamod:Hexaguard+1","hexamod:ChargedBarrage+1","hexamod:BurningTouch+1","hexamod:HauntingEcho+1","hexamod:SwordOfDarkness+1","hexamod:NightmareGuise+1","hexamod:TurnItUp+1","Parasite","hexamod:Incineration","hexamod:SoulSteal+1","hexamod:Hexaguard+1","hexamod:GhostOfSpirePast+1"],"relics":["hexamod:UnbrokenSoul","Incense Burner","Singing Bowl","downfall:HeartBlessingRed","Bag of Preparation","downfall:HeartBlessingGreen","Strawberry","Old Coin","Toxic Egg 2","Runic Pyramid","Bottled Lightning","Letter Opener","Ginger"],"acts_visited":[],"potions_floor_usage":[50,50,50],"damage_taken":[{"damage":0.0,"enemies":"downfall:FleeingMerchant","floor":2.0,"turns":4.0},{"damage":0.0,"enemies":"Cultist","floor":3.0,"turns":3.0},{"damage":0.0,"enemies":"Small Slimes","floor":4.0,"turns":3.0},{"damage":0.0,"enemies":"downfall:FleeingMerchant","floor":5.0,"turns":4.0},{"damage":8.0,"enemies":"Jaw Worm","floor":6.0,"turns":3.0},{"damage":21.0,"enemies":"Lagavulin","floor":8.0,"turns":6.0},{"damage":2.0,"enemies":"Blue Slaver","floor":9.0,"turns":2.0},{"damage":3.0,"enemies":"Gremlin Gang","floor":12.0,"turns":3.0},{"damage":0.0,"enemies":"Red Slaver","floor":13.0,"turns":3.0},{"damage":0.0,"enemies":"Gremlin Nob","floor":14.0,"turns":5.0},{"damage":7.0,"enemies":"Blue Slaver","floor":15.0,"turns":3.0},{"damage":13.0,"enemies":"IC_STATUS_ARCHETYPE","floor":16.0,"turns":11.0},{"damage":0.0,"enemies":"Spheric Guardian","floor":19.0,"turns":3.0},{"damage":6.0,"enemies":"Shell Parasite","floor":20.0,"turns":4.0},{"damage":29.0,"enemies":"Book of Stabbing","floor":23.0,"turns":6.0},{"damage":0.0,"enemies":"Gremlin Leader","floor":25.0,"turns":6.0},{"damage":13.0,"enemies":"Chosen and Byrds","floor":28.0,"turns":7.0},{"damage":11.0,"enemies":"downfall:FleeingMerchant","floor":29.0,"turns":4.0},{"damage":1.0,"enemies":"Snecko","floor":31.0,"turns":5.0},{"damage":12.0,"enemies":"Snake Plant","floor":32.0,"turns":3.0},{"damage":33.0,"enemies":"WA_ARCHETYPE_CALM","floor":33.0,"turns":9.0},{"damage":0.0,"enemies":"3 Shapes","floor":36.0,"turns":4.0},{"damage":18.0,"enemies":"3 Darklings","floor":37.0,"turns":6.0},{"damage":14.0,"enemies":"downfall:FleeingMerchant","floor":38.0,"turns":4.0},{"damage":0.0,"enemies":"Jaw Worm Horde","floor":39.0,"turns":3.0},{"damage":0.0,"enemies":"Maw","floor":40.0,"turns":6.0},{"damage":26.0,"enemies":"Sphere and 2 Shapes","floor":42.0,"turns":6.0},{"damage":23,"enemies":"Writhing Mass","floor":45,"turns":5},{"damage":14,"enemies":"4 Shapes","floor":46,"turns":3},{"damage":0,"enemies":"Spire Growth","floor":48,"turns":3},{"damage":38,"enemies":"Writhing Mass","floor":49,"turns":5},{"damage":53,"enemies":"SI_POISON_ARCHETYPE","floor":50,"turns":12}],"seed_played":"-1357113241825299472","potions_obtained":[{"floor":3.0,"key":"sneckomod:MuddlingPotion"},{"floor":6.0,"key":"ColorlessPotion"},{"floor":8.0,"key":"Ancient Potion"},{"floor":9.0,"key":"PowerPotion"},{"floor":12.0,"key":"LiquidBronze"},{"floor":14.0,"key":"hexamod:SoulburnPotion"},{"floor":15.0,"key":"ColorlessPotion"},{"floor":16.0,"key":"Energy Potion"},{"floor":28.0,"key":"bronze:BurnAndBuffPotion"},{"floor":29.0,"key":"EntropicBrew"},{"floor":32.0,"key":"Ancient Potion"},{"floor":36.0,"key":"FairyPotion"}],"is_trial":false,"path_per_floor":["R","$","M","M","$","M","T","E","M","T","R","M","M","E","M","B",null,"R","M","M","?","?","E","T","E","R","?","M","$","R","M","M","B",null,"R","M","M","$","M","M","T","M","R","?","M","M","R","M","M","B",null],"character_chosen":"THE_SPIRIT","items_purchased":["hexamod:SpectralAdrenaline+1","Bottled Lightning","Letter Opener"],"campfire_rested":5,"item_purchase_floors":[29,38,38],"current_hp_per_floor":[77,77,77,77,77,69,69,48,46,46,69,66,66,66,59,46,77,77,77,71,71,71,49,49,49,74,74,61,57,82,84,72,39,84,84,84,73,66,66,73,73,54,79,79,63,49,74,74,36,16],"gold":245,"neow_bonus":"TEN_PERCENT_HP_BONUS","is_daily":false,"chose_seed":false,"campfire_upgraded":2,"win_rate":0.0,"timestamp":1612038570,"path_taken":["R","$","M","M","$","M","T","E","M","?","R","M","?","E","M","BOSS","R","M","M","?","?","E","T","E","R","?","M","?","R","?","M","BOSS","R","M","M","$","M","M","T","?","R","?","M","M","R","M","M","BOSS"],"items_purchased_type":["Card","Relic","Relic"],"build_version":"2020-12-22","purchased_purges":0,"victory":true,"max_hp_per_floor":[77,77,77,77,77,77,77,77,77,77,77,77,77,77,77,77,77,77,77,77,77,77,84,84,84,84,84,84,84,84,84,84,84,84,84,84,84,84,84,84,84,84,84,84,84,84,84,84,84,84],"card_choices":[{"not_picked":["hexamod:NecessarySacrifice","hexamod:GhostLash"],"picked":"hexamod:HeatShield","floor":2.0},{"not_picked":["hexamod:GhostLash","hexamod:BurningTouch"],"picked":"hexamod:HeatMetal","floor":3.0},{"not_picked":["hexamod:HeatMetal","hexamod:StepThrough"],"picked":"hexamod:SkipABeat","floor":4.0},{"not_picked":["hexamod:ShieldOfDarkness","hexamod:NightmareStrike"],"picked":"hexamod:GhostOfSpirePast","floor":5.0},{"not_picked":["hexamod:EtherealExpedition","hexamod:HauntingEcho"],"picked":"hexamod:SoulSteal","floor":6.0},{"not_picked":["hexamod:RadiantFlame","hexamod:FirstSeal"],"picked":"hexamod:BacktrackSmack","floor":8.0},{"not_picked":["hexamod:GhostLash","hexamod:HeatMetal"],"picked":"hexamod:BurningTouch","floor":9.0},{"not_picked":["hexamod:AdvancingGuard","hexamod:FirstSeal"],"picked":"hexamod:ShieldOfDarkness","floor":12.0},{"not_picked":["hexamod:ThirdSeal","hexamod:GhostShield"],"picked":"hexamod:Firestarter","floor":13.0},{"not_picked":["hexamod:GhostOfSpireFuture","hexamod:SearingWound"],"picked":"hexamod:FastForward","floor":14.0},{"not_picked":["hexamod:Hexaguard","hexamod:GhostLash"],"picked":"hexamod:AdvancingGuard","floor":15.0},{"not_picked":["hexamod:TimeWarp","hexamod:VolcanoVisage"],"picked":"hexamod:GhostflameInferno","floor":16.0},{"not_picked":["hexamod:HauntingEcho","hexamod:FastForward"],"picked":"hexamod:GhostShield+1","floor":19.0},{"not_picked":["hexamod:NightmareStrike","hexamod:Hexaguard"],"picked":"hexamod:Rewind+1","floor":20.0},{"not_picked":["hexamod:ParanormalForm","hexamod:SkipABeat"],"picked":"hexamod:BurningTouch","floor":23.0},{"not_picked":["hexamod:GhostLash","hexamod:GhostShield+1"],"picked":"hexamod:HeatShield+1","floor":25.0},{"not_picked":["hexamod:Haunt+1","hexamod:ThermalTransfer"],"picked":"hexamod:FirstSeal","floor":28.0},{"not_picked":["hexamod:SecondSeal","hexamod:ShieldOfDarkness+1"],"picked":"hexamod:SwordOfDarkness","floor":29.0},{"not_picked":["hexamod:ShieldOfDarkness+1","hexamod:RetreatToShadows+1"],"picked":"hexamod:RadiantFlame","floor":31.0},{"not_picked":["hexamod:BacktrackSmack","hexamod:Again+1"],"picked":"hexamod:SpectralAdrenaline+1","floor":32.0},{"not_picked":["hexamod:ForkedFlame","hexamod:SixthSeal"],"picked":"hexamod:TimeWarp","floor":33.0},{"not_picked":["hexamod:SpectersWail+1","hexamod:HauntingEcho"],"picked":"hexamod:Hexaguard+1","floor":36.0},{"not_picked":["hexamod:HauntingEcho","hexamod:HeatCrush+1"],"picked":"hexamod:ChargedBarrage+1","floor":37.0},{"not_picked":["hexamod:HauntingEcho","hexamod:InspiringFlames+1"],"picked":"hexamod:BurningTouch+1","floor":38.0},{"not_picked":["hexamod:GhostShield+1","hexamod:FourthSeal"],"picked":"hexamod:HauntingEcho+1","floor":39.0},{"not_picked":["hexamod:AdvancingGuard+1","hexamod:ShieldOfDarkness+1"],"picked":"hexamod:SwordOfDarkness+1","floor":40.0},{"not_picked":["hexamod:BacktrackSmack+1","hexamod:NightmareStrike"],"picked":"hexamod:NightmareGuise+1","floor":42.0},{"not_picked":["hexamod:HauntingEcho","hexamod:InspiringFlames+1"],"picked":"hexamod:Incineration","floor":45},{"not_picked":["hexamod:BacktrackSmack","hexamod:SpectralAdrenaline+1"],"picked":"hexamod:SoulSteal+1","floor":46},{"not_picked":["hexamod:NecessarySacrifice+1","hexamod:PhantomCloak"],"picked":"hexamod:Hexaguard+1","floor":48},{"not_picked":["hexamod:RainOfEmbers+1","hexamod:ThermalTransfer"],"picked":"hexamod:GhostOfSpirePast+1","floor":49}],"player_experience":317590,"relics_obtained":[{"floor":7.0,"key":"White Beast Statue"},{"floor":8.0,"key":"Incense Burner"},{"floor":10.0,"key":"Singing Bowl"},{"floor":14.0,"key":"Bag of Preparation"},{"floor":23.0,"key":"Strawberry"},{"floor":24.0,"key":"Old Coin"},{"floor":25.0,"key":"Toxic Egg 2"},{"floor":41.0,"key":"Ginger"}],"event_choices":[],"is_beta":false,"boss_relics":[{"not_picked":["Snecko Eye","SacredBark"],"picked":"hexamod:UnbrokenSoul"},{"not_picked":["Pandora\u0027s Box","Fusion Hammer"],"picked":"Runic Pyramid"}],"items_purged_floors":[],"is_endless":false,"potions_floor_spawned":[3,6,8,9,12,13,14,15,16,19,20,23,25,28,29,31,32,33,36,37,38,39,40,42],"ascension_level":0}}