{"host":"JIN","time":1612007111,"event":{"mods":["BaseMod","Custom Start","DeckTracker","Minty Spire (QoL Compilation)","Shop Mod","StSLib","SuperFastMode"],"gold_per_floor":[114,164,33,83,145,157,505,517,552,605,635,27,57,107,107,200,200,218,113,187,200,225,261,39,39,85,124,174,206,250,49,49,139,139,162,545,586,636,666,700,700,790,815,874,907,927,222,341,341,341,341,341,341,6,40,40],"floor_reached":57,"language":"KOR","playtime":2423,"items_purged":["Strike_P","Strike_P","Strike_P"],"score":3515,"play_id":"fa8acca7-f88b-4ba9-ada4-766ffb94e0c2","local_time":"20210130204511","is_ascension_mode":true,"campfire_choices":[{"data":"Eruption","floor":6.0,"key":"SMITH"},{"data":"Vigilance","floor":8.0,"key":"SMITH"},{"floor":15.0,"key":"REST"},{"floor":25.0,"key":"RECALL"},{"data":"Adaptation","floor":32.0,"key":"SMITH"},{"data":"Omniscience","floor":49.0,"key":"SMITH"},{"data":"MentalFortress","floor":53.0,"key":"SMITH"}],"circlet_count":0,"master_deck":["Strike_P","Defend_P","Defend_P","Defend_P","Eruption+1","Vigilance+1","Evaluate","Wallop+1","FearNoEvil","Apotheosis+1","FlurryOfBlows","FlurryOfBlows","SignatureMove+1","Omniscience+1","WheelKick","Tantrum+1","EmptyBody","Protect","MentalFortress+1","Panache+1","Halt","Adaptation+1","InnerPeace+1","TalkToTheHand+1","EmptyMind+1","Alpha+1","Jack Of All Trades+1"],"relics":["HolyWater","Black Star","Question Card","Prayer Wheel","Membership Card","The Courier","Smiling Mask","SsserpentHead","Omamori","Unceasing Top","MawBank","Old Coin","Regal Pillow","Akabeko","WingedGreaves","Medical Kit","Matryoshka","Juzu Bracelet","StrikeDummy","Bag of Preparation","Tiny Chest","TeardropLocket","Calling Bell","Bag of Marbles","HornCleat","Gambling Chip","Singing Bowl","InkBottle","Potion Belt","Nunchaku","Lantern","Sling","Ginger","Vajra","Toy Ornithopter","Ancient Tea Set","CeramicFish","Pear","Boot","Anchor","StoneCalendar","Golden Idol","Toxic Egg 2","Damaru","TungstenRod","Mango","PreservedInsect","Centennial Puzzle","Bronze Scales","Eternal Feather","Kunai","White Beast Statue","Sundial","Toolbox","Whetstone","Meat on the Bone","Oddly Smooth Stone","Letter Opener","Thread and Needle","Ornamental Fan","Bottled Lightning","Blue Candle"],"acts_visited":["Exordium","TheCity","TheBeyond","TheEnding"],"potions_floor_usage":[56,56],"damage_taken":[{"damage":4.0,"enemies":"2 Louse","floor":1.0,"turns":3.0},{"damage":0.0,"enemies":"Lagavulin","floor":7.0,"turns":7.0},{"damage":12.0,"enemies":"3 Sentries","floor":10.0,"turns":7.0},{"damage":4.0,"enemies":"Small Slimes","floor":11.0,"turns":3.0},{"damage":8.0,"enemies":"The Guardian","floor":16.0,"turns":8.0},{"damage":0.0,"enemies":"Spheric Guardian","floor":18.0,"turns":2.0},{"damage":0.0,"enemies":"2 Thieves","floor":21.0,"turns":1.0},{"damage":0.0,"enemies":"3 Cultists","floor":22.0,"turns":2.0},{"damage":0.0,"enemies":"Gremlin Leader","floor":23.0,"turns":3.0},{"damage":0.0,"enemies":"Slavers","floor":27.0,"turns":3.0},{"damage":0.0,"enemies":"Snecko","floor":29.0,"turns":1.0},{"damage":0.0,"enemies":"Book of Stabbing","floor":30.0,"turns":1.0},{"damage":0.0,"enemies":"Automaton","floor":33.0,"turns":5.0},{"damage":0.0,"enemies":"3 Shapes","floor":35.0,"turns":1.0},{"damage":0.0,"enemies":"Orb Walker","floor":37.0,"turns":2.0},{"damage":0.0,"enemies":"Writhing Mass","floor":39.0,"turns":3.0},{"damage":0.0,"enemies":"Nemesis","floor":40.0,"turns":1.0},{"damage":0.0,"enemies":"Mind Bloom Boss Battle","floor":42.0,"turns":2.0},{"damage":0.0,"enemies":"Giant Head","floor":45.0,"turns":1.0},{"damage":0.0,"enemies":"Spire Growth","floor":46.0,"turns":3.0},{"damage":42.0,"enemies":"Awakened One","floor":50.0,"turns":9.0},{"damage":0.0,"enemies":"Donu and Deca","floor":51.0,"turns":5.0},{"damage":0.0,"enemies":"Shield and Spear","floor":55.0,"turns":1.0},{"damage":1,"enemies":"The Heart","floor":56,"turns":6}],"seed_played":"4187303708476823508","potions_obtained":[{"floor":1.0,"key":"Swift Potion"},{"floor":7.0,"key":"Strength Potion"},{"floor":27.0,"key":"DuplicationPotion"},{"floor":33.0,"key":"LiquidMemories"}],"is_trial":false,"path_per_floor":["M","?","$","?","?","R","E","R","T","E","M","$","?","?","R","B",null,"M","$","T","M","M","E","$","R","T","E","?","M","E","$","R","B",null,"M","?","M","T","M","E","?","?","T","?","E","M","$","T","R","B","B",null,"R","$","E","B",null],"character_chosen":"WATCHER","items_purchased":["Apotheosis","Medical Kit","Matryoshka","Juzu Bracelet","StrikeDummy","Bag of Preparation","Tiny Chest","TeardropLocket","Singing Bowl","Panache","Sling","Ginger","Anchor","StoneCalendar","Eternal Feather","Kunai","White Beast Statue","Sundial","Toolbox","Whetstone","Meat on the Bone","Oddly Smooth Stone","Thread and Needle","Ornamental Fan","Bottled Lightning"],"campfire_rested":1,"item_purchase_floors":[3,12,12,12,12,12,12,12,19,24,24,24,31,31,47,47,47,47,47,47,47,47,54,54,54],"current_hp_per_floor":[57,57,57,39,39,39,39,39,39,27,23,23,23,23,58,50,64,64,64,64,64,64,66,66,66,66,68,68,68,78,78,78,80,83,87,87,87,87,89,91,91,105,105,105,107,111,111,111,112,70,70,102,112,112,114,114],"gold":40,"neow_bonus":"THREE_CARDS","is_daily":false,"chose_seed":false,"campfire_upgraded":5,"win_rate":0.0,"timestamp":1612007111,"path_taken":["M","?","$","?","?","R","E","R","T","E","M","$","?","?","R","BOSS","M","?","?","M","M","E","?","R","T","E","?","M","E","$","R","BOSS","M","?","M","?","M","E","?","?","T","?","E","M","$","?","R","BOSS","BOSS","R","$","E","BOSS"],"items_purchased_type":["Card","Relic","Relic","Relic","Relic","Relic","Relic","Relic","Relic","Card","Relic","Relic","Relic","Relic","Relic","Relic","Relic","Relic","Relic","Relic","Relic","Relic","Relic","Relic","Relic"],"build_version":"2020-12-18","purchased_purges":3,"victory":true,"max_hp_per_floor":[68,68,68,68,68,68,68,68,68,68,68,68,68,68,68,68,68,68,68,68,68,68,70,70,70,70,72,72,72,82,82,82,84,84,88,88,88,88,90,92,92,106,106,106,108,112,112,112,112,112,112,112,112,112,114,114],"card_choices":[{"not_picked":["InnerPeace","Nirvana"],"picked":"Evaluate","floor":0.0},{"not_picked":["Evaluate","CrushJoints","Swivel"],"picked":"Wallop","floor":1.0},{"not_picked":["WreathOfFlame","Wireheading","ThirdEye"],"picked":"FearNoEvil","floor":1.0},{"not_picked":["SashWhip","Ragnarok","Prostrate"],"picked":"FlurryOfBlows","floor":7.0},{"not_picked":["EmptyBody","WheelKick","Judgement"],"picked":"FlurryOfBlows","floor":10.0},{"not_picked":["JustLucky","Nirvana","BattleHymn"],"picked":"SignatureMove","floor":11.0},{"not_picked":["EmptyFist","Judgement","Collect","Wallop"],"picked":"SKIP","floor":11.0},{"not_picked":["Brilliance","Vault","Judgement"],"picked":"Omniscience","floor":16.0},{"not_picked":["Consecrate","FlyingSleeves","Fasting2"],"picked":"WheelKick","floor":18.0},{"not_picked":["EmptyBody","Indignation+1","Wallop","CutThroughFate+1"],"picked":"SKIP","floor":18.0},{"not_picked":["Fasting2","ClearTheMind","Study"],"picked":"Tantrum+1","floor":21.0},{"not_picked":["EmptyFist","FlyingSleeves","SashWhip+1"],"picked":"EmptyBody","floor":21.0},{"not_picked":["WindmillStrike","MasterReality","Sanctity"],"picked":"Protect","floor":22.0},{"not_picked":["Swivel","ForeignInfluence+1","Evaluate"],"picked":"MentalFortress","floor":22.0},{"not_picked":["FlurryOfBlows","Vengeance","FlyingSleeves","SandsOfTime"],"picked":"Singing Bowl","floor":23.0},{"not_picked":["Nirvana","EmptyFist","Indignation","Conclude"],"picked":"Singing Bowl","floor":27.0},{"not_picked":["FollowUp","Wallop","Consecrate"],"picked":"Halt","floor":29.0},{"not_picked":["CrushJoints","FearNoEvil+1","Crescendo","Pray"],"picked":"SKIP","floor":29.0},{"not_picked":["EmptyFist","Judgement","ThirdEye"],"picked":"Adaptation","floor":30.0},{"not_picked":["Judgement","Ragnarok","Omniscience","LessonLearned"],"picked":"Singing Bowl","floor":33.0},{"not_picked":["Halt","FearNoEvil+1","Tantrum","Adaptation"],"picked":"Singing Bowl","floor":35.0},{"not_picked":["DeceiveReality","FollowUp","EmptyBody","Prostrate+1"],"picked":"Singing Bowl","floor":35.0},{"not_picked":["MasterReality","Protect+1","Meditate"],"picked":"InnerPeace+1","floor":37.0},{"not_picked":["FollowUp+1","FlurryOfBlows","PathToVictory"],"picked":"TalkToTheHand","floor":37.0},{"not_picked":["SashWhip+1","BowlingBash","Halt+1"],"picked":"EmptyMind+1","floor":39.0},{"not_picked":["Evaluate+1","EmptyFist","Prostrate+1","Consecrate"],"picked":"Singing Bowl","floor":39.0},{"not_picked":["ReachHeaven","ClearTheMind+1","CutThroughFate","Halt+1"],"picked":"Singing Bowl","floor":40.0},{"not_picked":["EmptyBody+1","Evaluate+1","SandsOfTime+1"],"picked":"Alpha+1","floor":42.0},{"not_picked":["Purity+1","Trip+1","HandOfGreed"],"picked":"Jack Of All Trades+1","floor":44.0},{"not_picked":["PathToVictory+1","ThirdEye+1","Indignation+1","Consecrate"],"picked":"Singing Bowl","floor":45.0},{"not_picked":["JustLucky","Weave","Evaluate+1","Worship+1"],"picked":"Singing Bowl","floor":46.0},{"not_picked":["JustLucky","WheelKick","PathToVictory+1","BattleHymn"],"picked":"Singing Bowl","floor":46.0},{"not_picked":["Collect+1","Consecrate","FlyingSleeves","Halt+1"],"picked":"Singing Bowl","floor":55.0}],"player_experience":1217667,"relics_obtained":[{"floor":7.0,"key":"Old Coin"},{"floor":7.0,"key":"Regal Pillow"},{"floor":10.0,"key":"Akabeko"},{"floor":10.0,"key":"WingedGreaves"},{"floor":17.0,"key":"Bag of Marbles"},{"floor":17.0,"key":"HornCleat"},{"floor":17.0,"key":"Gambling Chip"},{"floor":20.0,"key":"InkBottle"},{"floor":20.0,"key":"Potion Belt"},{"floor":23.0,"key":"Nunchaku"},{"floor":23.0,"key":"Lantern"},{"floor":26.0,"key":"Vajra"},{"floor":26.0,"key":"Toy Ornithopter"},{"floor":27.0,"key":"Ancient Tea Set"},{"floor":27.0,"key":"CeramicFish"},{"floor":30.0,"key":"Pear"},{"floor":30.0,"key":"Boot"},{"floor":38.0,"key":"Toxic Egg 2"},{"floor":40.0,"key":"Damaru"},{"floor":40.0,"key":"TungstenRod"},{"floor":42.0,"key":"Mango"},{"floor":43.0,"key":"PreservedInsect"},{"floor":45.0,"key":"Centennial Puzzle"},{"floor":45.0,"key":"Bronze Scales"},{"floor":48.0,"key":"Letter Opener"},{"floor":55.0,"key":"Blue Candle"}],"event_choices":[{"damage_healed":0.0,"max_hp_gain":0.0,"max_hp_loss":0.0,"gold_gain":0.0,"event_name":"Big Fish","player_choice":"Box","floor":2.0,"gold_loss":0.0,"damage_taken":0.0,"relics_obtained":["Unceasing Top"],"cards_obtained":["Regret"]},{"damage_healed":0.0,"max_hp_gain":0.0,"max_hp_loss":0.0,"gold_gain":0.0,"event_name":"Scrap Ooze","player_choice":"Success","floor":4.0,"gold_loss":0.0,"damage_taken":18.0,"relics_obtained":["MawBank"]},{"damage_healed":0.0,"max_hp_gain":0.0,"max_hp_loss":0.0,"gold_gain":0.0,"event_name":"Living Wall","player_choice":"Grow","floor":5.0,"gold_loss":0.0,"damage_taken":0.0,"cards_upgraded":["Apotheosis"]},{"damage_healed":0.0,"max_hp_gain":0.0,"max_hp_loss":0.0,"gold_gain":0.0,"event_name":"The Woman in Blue","player_choice":"Bought 1 Potion","floor":13.0,"gold_loss":0.0,"damage_taken":0.0},{"damage_healed":0.0,"max_hp_gain":0.0,"max_hp_loss":0.0,"gold_gain":0.0,"event_name":"Upgrade Shrine","player_choice":"Upgraded","floor":14.0,"gold_loss":0.0,"damage_taken":0.0,"cards_upgraded":["Wallop"]},{"cards_removed":["Defend_P"],"damage_healed":0.0,"max_hp_gain":0.0,"max_hp_loss":0.0,"gold_gain":0.0,"event_name":"Wheel of Change","player_choice":"Card Removal","floor":28.0,"gold_loss":0.0,"damage_taken":0.0},{"damage_healed":0.0,"max_hp_gain":0.0,"max_hp_loss":0.0,"gold_gain":333.0,"event_name":"The Moai Head","player_choice":"Gave Idol","floor":36.0,"relics_lost":["Golden Idol"],"gold_loss":0.0,"damage_taken":0.0},{"damage_healed":0.0,"max_hp_gain":0.0,"max_hp_loss":0.0,"gold_gain":0.0,"event_name":"Designer","player_choice":"Upgrade","floor":41.0,"gold_loss":50.0,"damage_taken":0.0,"cards_upgraded":["Panache"]},{"damage_healed":0.0,"max_hp_gain":0.0,"max_hp_loss":0.0,"gold_gain":0.0,"event_name":"MindBloom","player_choice":"Fight","floor":42.0,"gold_loss":0.0,"damage_taken":0.0},{"damage_healed":0.0,"max_hp_gain":0.0,"max_hp_loss":0.0,"gold_gain":0.0,"event_name":"SensoryStone","player_choice":"Memory 1","floor":44.0,"gold_loss":0.0,"damage_taken":0.0}],"is_beta":true,"boss_relics":[{"not_picked":["SacredBark","Runic Dome"],"picked":"Calling Bell"},{"not_picked":["Cursed Key","Velvet Choker"],"picked":"HolyWater"}],"items_purged_floors":[3,12,19],"is_endless":false,"potions_floor_spawned":[1,7,18,27,33,39,40,46,55],"ascension_level":20}}