{"host":"zrtolk9726p85qr7","time":1612025041,"event":{"mods":["BaseMod","BetterRewards","Colored Powertips","Minty Spire (QoL Compilation)","Permanent Neow","Quick Restart","Spire Arcade","StSLib","The Animator","The Necromancer","The Wild Card"],"gold_per_floor":[117,133,193,206,74,103,103,103,103,138,157,157,157,157,157,257,257,273,118,137,147,161,161,181,191,270,270,287,68,84,84,84],"floor_reached":31,"language":"ENG","playtime":1403,"items_purged":[],"score":249,"play_id":"adea0577-e85c-4867-bde4-e53c3ff827e9","local_time":"20210130174401","is_ascension_mode":false,"campfire_choices":[{"floor":8.0,"key":"REST"},{"floor":13.0,"key":"REST"},{"floor":15.0,"key":"RECALL"},{"floor":23,"key":"REST"}],"circlet_count":0,"master_deck":["Strike_W","Strike_W","Strike_W","Strike_W","Defend_W","Defend_W","Defend_W","Defend_W","Negative_Energy_Arrows","Bone_Wall","Bone_Spikes","Negative_Energy_Burst","Bone_Bullets","Bone_Armory","Summon_Death_Knight","Bone_Armor","theWildCard:Scathach","Detonate_Bones","Shackles_Of_Pain+1","Thousand_Bone_Knives","Siphon_Strength","Stop_Heart+1","Summon_Lich"],"relics":["Vampire_Amulet","Bag of Marbles","Bottled Tornado","Anchor","Black Star","Bag of Preparation","HandDrill"],"acts_visited":["Exordium","TheCity"],"potions_floor_usage":[16,22,30,31,31],"damage_taken":[{"damage":7.0,"enemies":"Jaw Worm","floor":1.0,"turns":5.0},{"damage":1.0,"enemies":"2 Louse","floor":2.0,"turns":2.0},{"damage":11.0,"enemies":"Small Slimes","floor":4.0,"turns":2.0},{"damage":36.0,"enemies":"Gremlin Nob","floor":6.0,"turns":5.0},{"damage":29.0,"enemies":"3 Sentries","floor":10.0,"turns":7.0},{"damage":5.0,"enemies":"Looter","floor":11.0,"turns":3.0},{"damage":17,"enemies":"Slime Boss","floor":16,"turns":7},{"damage":2,"enemies":"Shell Parasite","floor":18,"turns":6},{"damage":12,"enemies":"Chosen","floor":20,"turns":6},{"damage":29,"enemies":"Snake Plant","floor":21,"turns":4},{"damage":35,"enemies":"Centurion and Healer","floor":22,"turns":9},{"damage":0,"enemies":"Snecko","floor":24,"turns":6},{"damage":21,"enemies":"Cultist and Chosen","floor":25,"turns":7},{"damage":16,"enemies":"3 Cultists","floor":28,"turns":6},{"damage":0,"enemies":"Centurion and Healer","floor":30,"turns":6},{"damage":49,"enemies":"Slavers","floor":31,"turns":3}],"seed_played":"6750317100845744264","potions_obtained":[{"floor":0.0,"key":"CultistPotion"},{"floor":0.0,"key":"EssenceOfSteel"},{"floor":0.0,"key":"FairyPotion"},{"floor":6.0,"key":"LiquidBronze"},{"floor":11.0,"key":"CultistPotion"},{"floor":21,"key":"FearPotion"},{"floor":28,"key":"Dexterity Potion"},{"floor":30,"key":"Swift Potion"}],"is_trial":false,"path_per_floor":["M","M","?","M","$","E","?","R","T","E","M","?","R","?","R","B",null,"M","$","M","M","M","R","M","M","T","?","M","$","M","E"],"character_chosen":"NECROMANCER","items_purchased":["Bone_Armory","Fruit Juice","Bag of Preparation","Summon_Lich","HandDrill"],"campfire_rested":3,"item_purchase_floors":[5,5,19,29,29],"current_hp_per_floor":[70,73,73,66,66,37,37,61,61,38,35,40,65,65,65,52,85,85,85,75,48,17,42,44,27,27,21,11,11,15,0,0],"gold":84,"neow_bonus":"THREE_SMALL_POTIONS","is_daily":false,"chose_seed":false,"campfire_upgraded":0,"win_rate":0.0,"timestamp":1612025041,"path_taken":["M","M","?","M","$","E","?","R","T","E","M","?","R","?","R","BOSS","M","$","M","M","M","R","M","M","T","?","?","$","?","E"],"items_purchased_type":["Card","Potion","Relic","Card","Relic"],"build_version":"2020-12-22","purchased_purges":0,"victory":false,"max_hp_per_floor":[75,75,75,75,75,80,80,80,80,80,80,85,85,85,85,85,85,85,85,85,85,85,85,85,85,85,85,85,85,85,85,85],"card_choices":[{"not_picked":["Corrupt","Negative_Energy_Mist"],"picked":"Bone_Spikes","floor":1.0},{"not_picked":["Shade_Step","Chill_Blood"],"picked":"Negative_Energy_Burst","floor":2.0},{"not_picked":["Death_Coil","Chill_Blood"],"picked":"Bone_Bullets","floor":4.0},{"not_picked":["Slay_Living","Consume_Illness"],"picked":"Summon_Death_Knight","floor":6.0},{"not_picked":["Blood_for_Blood","Bone_Spikes"],"picked":"Bone_Armor","floor":10.0},{"not_picked":["Blood_Curse","Necrotic_Claws","Scare"],"picked":"SKIP","floor":11.0},{"not_picked":["Reap_The_Weak","Requiem"],"picked":"Detonate_Bones","floor":16},{"not_picked":["Bone_Spikes","Plague_Bolt+1","Bone_Shift"],"picked":"SKIP","floor":18},{"not_picked":["Vampiric_Strike","Spectral_Armor"],"picked":"Shackles_Of_Pain+1","floor":20},{"not_picked":["Negative_Energy_Sphere+1","Corrupt"],"picked":"Thousand_Bone_Knives","floor":21},{"not_picked":["Vampiric_Strike","Negative_Energy_Javelin"],"picked":"Siphon_Strength","floor":22},{"not_picked":["Death_March_Dance","Epidemic+1","Consume_Illness"],"picked":"SKIP","floor":24},{"not_picked":["Flesh_Made_Foul","Blood_Curse+1","Negative_Energy_Javelin"],"picked":"SKIP","floor":25},{"not_picked":["Blood_for_Blood+1","Scare"],"picked":"Stop_Heart+1","floor":28},{"not_picked":["Reap_The_Weak","Shackles_Of_Pain+1","Spectral_Walk"],"picked":"SKIP","floor":30}],"player_experience":131361,"relics_obtained":[{"floor":6.0,"key":"Bag of Marbles"},{"floor":9.0,"key":"Bottled Tornado"},{"floor":10.0,"key":"Anchor"}],"event_choices":[{"damage_healed":0.0,"max_hp_gain":0.0,"max_hp_loss":0.0,"gold_gain":60.0,"event_name":"Golden Wing","player_choice":"Gained Gold","floor":3.0,"gold_loss":0.0,"damage_taken":0.0},{"damage_healed":0.0,"max_hp_gain":5.0,"max_hp_loss":0.0,"gold_gain":0.0,"event_name":"Big Fish","player_choice":"Donut","floor":12.0,"gold_loss":0.0,"damage_taken":0.0},{"damage_healed":0,"gold_gain":0,"player_choice":"","damage_taken":6,"max_hp_gain":0,"max_hp_loss":0,"event_name":"Knowing Skull","floor":27,"potions_obtained":[],"gold_loss":0,"cards_obtained":[]}],"is_beta":false,"boss_relics":[{"not_picked":["Empty Cage","Velvet Choker"],"picked":"Black Star"}],"items_purged_floors":[],"is_endless":false,"potions_floor_spawned":[4,6,11,21,28,30],"killed_by":"Slavers","ascension_level":0}}