{"host":"ss2ocoam53r2lno0","time":1612036652,"event":{"mods":["Act Like it!","BaseMod","ChefMod","Clockwork Mod","Colored Powertips","Curses Come First","Displayed Cursed Tome","Downfall","Evolution","Googly Eyes","Hallownest","Highlight Path","Minty Spire (QoL Compilation)","Poor People Problems","Rare Cards Sparkle","Reliquary","Robot Space Explorer","Shade Mod","Shop Mod","Spicy Shops","StSLib","TheSurvivalist"],"gold_per_floor":[116,116,128,53,53,81,81,139,139,139,139,39,55,66,66,66,66],"floor_reached":16,"language":"ENG","playtime":1012,"items_purged":["Clockwork:Shield","Clockwork:Shield"],"score":246,"play_id":"8d1ded83-caa6-42c4-b5ae-26fc1ded8b47","local_time":"20210130205732","is_ascension_mode":true,"campfire_choices":[{"data":"Clockwork:CogToss","floor":7,"key":"SMITH"},{"data":"Clockwork:LiteraryArmor","floor":10,"key":"SMITH"},{"data":"Clockwork:UnlimitedCogworks","floor":15,"key":"SMITH"}],"circlet_count":0,"master_deck":["AscendersBane","Clockwork:CogToss+1","Clockwork:Strike","Clockwork:Shield","Clockwork:Tinker","Clockwork:WarmUp","Clockwork:LiteraryArmor+1","Clockwork:CogBarrier","Clockwork:UnlimitedCogworks+1"],"relics":["Clockwork:MomentumEngine","EVO:Axolotl","NeowsBlessing","Meat on the Bone","Oddly Smooth Stone","Ornamental Fan","Darkstone Periapt"],"acts_visited":["Exordium"],"potions_floor_usage":[8,14,16],"damage_taken":[{"damage":0,"enemies":"Jaw Worm","floor":1,"turns":3},{"damage":0,"enemies":"Small Slimes","floor":3,"turns":3},{"damage":0,"enemies":"3 Sentries","floor":6,"turns":2},{"damage":9,"enemies":"3 Sentries","floor":8,"turns":11},{"damage":0,"enemies":"2 Louse","floor":13,"turns":4},{"damage":18,"enemies":"Large Slime","floor":14,"turns":7},{"damage":52,"enemies":"Slime Boss","floor":16,"turns":10}],"seed_played":"6378483752424155550","potions_obtained":[{"floor":3,"key":"Fire Potion"},{"floor":13,"key":"champ:CounterPotion"},{"floor":14,"key":"champ:CounterPotion"}],"is_trial":false,"path_per_floor":["M","?","M","$","?","E","R","?","T","R","T","$","M","M","R","B"],"character_chosen":"CLOCKWORK","items_purchased":[],"campfire_rested":0,"item_purchase_floors":[],"current_hp_per_floor":[71,71,71,71,76,76,76,67,67,67,67,67,67,49,49,0,0],"gold":66,"neow_bonus":"THREE_ENEMY_KILL","is_daily":false,"chose_seed":false,"campfire_upgraded":3,"win_rate":0.0,"timestamp":1612036652,"path_taken":["M","?","M","$","?","E","R","?","T","R","?","$","M","M","R","BOSS"],"items_purchased_type":[],"build_version":"2020-12-22","purchased_purges":2,"victory":false,"max_hp_per_floor":[79,79,79,79,84,84,84,84,84,84,84,84,84,84,84,84,84],"card_choices":[{"not_picked":["Clockwork:Roundhouse","Clockwork:AdaptiveShield"],"picked":"Clockwork:LiteraryArmor","floor":1},{"not_picked":["Clockwork:TiltAWhirl","Clockwork:ReserveSystems"],"picked":"Clockwork:CogBarrier","floor":3},{"not_picked":["Clockwork:Improve","Clockwork:SpringShield","Clockwork:MechanicalMass"],"picked":"SKIP","floor":6},{"not_picked":["Clockwork:HeadStart","Clockwork:ForgeStrike"],"picked":"Clockwork:UnlimitedCogworks","floor":13},{"not_picked":["Clockwork:CogBarrier","Clockwork:RampUp"],"picked":"Clockwork:Downsize","floor":14}],"player_experience":848156,"relics_obtained":[{"floor":6,"key":"Meat on the Bone"},{"floor":8,"key":"Oddly Smooth Stone"},{"floor":9,"key":"Ornamental Fan"},{"floor":11,"key":"Darkstone Periapt"}],"event_choices":[{"damage_healed":0,"gold_gain":0,"player_choice":"Ignored","damage_taken":0,"max_hp_gain":0,"max_hp_loss":0,"event_name":"Liars Game","floor":2,"gold_loss":0},{"damage_healed":0,"gold_gain":0,"player_choice":"Donut","damage_taken":0,"max_hp_gain":5,"max_hp_loss":0,"event_name":"Big Fish","floor":5,"gold_loss":0},{"damage_healed":0,"gold_gain":0,"player_choice":"Searched \u00271\u0027 times","damage_taken":0,"max_hp_gain":0,"max_hp_loss":0,"event_name":"Dead Adventurer","floor":8,"gold_loss":0}],"is_beta":false,"boss_relics":[],"items_purged_floors":[4,12],"is_endless":false,"potions_floor_spawned":[3,13,14],"killed_by":"Slime Boss","ascension_level":20}}