{"host":"uidy69bgx28xzt88","time":1612023320,"event":{"mods":["BaseMod","Minty Spire (QoL Compilation)","Relic Stats"],"gold_per_floor":[114,114,114,134,151,180,180,180,180,207,207,39,39,91,91,188,188,252,252,28,70,70,70],"floor_reached":22,"language":"ENG","playtime":1379,"items_purged":[],"score":280,"play_id":"ce958772-6c76-43ab-a4bf-8053e5a47004","local_time":"20210130181520","is_ascension_mode":true,"campfire_choices":[{"data":"Rainbow","floor":7.0,"key":"SMITH"},{"floor":11.0,"key":"REST"},{"data":"Defragment","floor":13.0,"key":"SMITH"},{"floor":15.0,"key":"REST"}],"circlet_count":0,"master_deck":["Strike_B","Strike_B","Defend_B","Defend_B","Defend_B","Defend_B","Zap+1","Dualcast","Conserve Battery","Tempest","Genetic Algorithm","Rainbow+1","Defragment+1","HandOfGreed+1","Skim","Creative AI","Sweeping Beam+1","Skim","Self Repair","Defragment+1"],"relics":["Cracked Core","NeowsBlessing","Pear","Molten Egg 2","Du-Vu Doll","Bird Faced Urn","Inserter","DollysMirror"],"acts_visited":["Exordium","TheCity"],"potions_floor_usage":[18,22],"damage_taken":[{"damage":0.0,"enemies":"Jaw Worm","floor":1.0,"turns":1.0},{"damage":0.0,"enemies":"Small Slimes","floor":4.0,"turns":1.0},{"damage":0.0,"enemies":"Cultist","floor":5.0,"turns":1.0},{"damage":23.0,"enemies":"3 Sentries","floor":6.0,"turns":5.0},{"damage":42.0,"enemies":"Gremlin Nob","floor":10.0,"turns":5.0},{"damage":20.0,"enemies":"3 Sentries","floor":14.0,"turns":8.0},{"damage":9.0,"enemies":"Slime Boss","floor":16.0,"turns":8.0},{"damage":32,"enemies":"3 Byrds","floor":18,"turns":4},{"damage":12,"enemies":"Shell Parasite","floor":21,"turns":11},{"damage":60,"enemies":"3 Cultists","floor":22,"turns":4}],"seed_played":"-8463820186070847802","potions_obtained":[{"floor":4.0,"key":"DuplicationPotion"},{"floor":5.0,"key":"ColorlessPotion"},{"floor":16.0,"key":"SpeedPotion"},{"floor":21,"key":"FearPotion"}],"is_trial":false,"path_per_floor":["M","?","?","M","M","E","R","?","T","E","R","$","R","E","R","B",null,"M","?","$","M","M"],"character_chosen":"DEFECT","items_purchased":["HandOfGreed+1","Self Repair","DollysMirror"],"campfire_rested":2,"item_purchase_floors":[12,20,20],"current_hp_per_floor":[68,68,68,68,68,55,55,48,48,6,31,31,31,11,36,29,71,41,41,41,50,0,0],"gold":70,"neow_bonus":"THREE_ENEMY_KILL","is_daily":false,"chose_seed":false,"campfire_upgraded":2,"win_rate":0.0,"timestamp":1612023320,"path_taken":["M","?","?","?","M","E","R","?","T","E","R","$","R","E","R","BOSS","M","?","?","?","M"],"items_purchased_type":["Card","Card","Relic"],"build_version":"2020-12-22","purchased_purges":0,"victory":false,"max_hp_per_floor":[75,75,75,75,75,85,85,85,85,85,85,85,85,85,85,85,85,85,85,85,85,85,85],"relic_stats":{"Inserter":[9],"counters":[10,48],"Bird Faced Urn":[24],"obtain_stats":[{"Du-Vu Doll":10,"Pear":6,"Inserter":17,"NeowsBlessing":0,"DollysMirror":20,"Bird Faced Urn":14,"Molten Egg 2":9,"Cracked Core":0},{"Du-Vu Doll":5,"Pear":4,"Inserter":7,"NeowsBlessing":0,"DollysMirror":8,"Bird Faced Urn":6,"Molten Egg 2":4,"Cracked Core":0},{"Du-Vu Doll":13,"Pear":8,"Inserter":29,"NeowsBlessing":0,"DollysMirror":33,"Bird Faced Urn":21,"Molten Egg 2":8,"Cracked Core":0}]},"card_choices":[{"not_picked":["Steam","Go for the Eyes"],"picked":"Conserve Battery","floor":1.0},{"not_picked":["Go for the Eyes","Leap"],"picked":"Tempest","floor":4.0},{"not_picked":["Double Energy","Tempest"],"picked":"Genetic Algorithm","floor":5.0},{"not_picked":["Conserve Battery","Leap"],"picked":"Rainbow","floor":6.0},{"not_picked":["Tempest","Self Repair"],"picked":"Defragment","floor":10.0},{"not_picked":["Sweeping Beam+1","Conserve Battery"],"picked":"Skim","floor":14.0},{"not_picked":["Electrodynamics","Machine Learning"],"picked":"Creative AI","floor":16.0},{"not_picked":["Chaos","Stack"],"picked":"Sweeping Beam+1","floor":18},{"not_picked":["Ball Lightning+1","Sweeping Beam+1","Gash+1"],"picked":"SKIP","floor":21}],"player_experience":264618,"relics_obtained":[{"floor":6.0,"key":"Pear"},{"floor":9.0,"key":"Molten Egg 2"},{"floor":10.0,"key":"Du-Vu Doll"},{"floor":14.0,"key":"Bird Faced Urn"}],"event_choices":[{"damage_healed":0.0,"max_hp_gain":0.0,"max_hp_loss":0.0,"gold_gain":0.0,"event_name":"Liars Game","player_choice":"Ignored","floor":2.0,"gold_loss":0.0,"damage_taken":0.0},{"damage_healed":0.0,"max_hp_gain":0.0,"max_hp_loss":0.0,"gold_gain":0.0,"event_name":"Accursed Blacksmith","player_choice":"Forge","floor":3.0,"gold_loss":0.0,"damage_taken":0.0,"cards_upgraded":["Zap"]},{"cards_removed":["Strike_B"],"damage_healed":0.0,"max_hp_gain":0.0,"max_hp_loss":0.0,"gold_gain":0.0,"event_name":"Golden Wing","player_choice":"Card Removal","floor":8.0,"gold_loss":0.0,"damage_taken":7.0},{"damage_healed":0,"gold_gain":0,"cards_transformed":["Strike_B"],"player_choice":"Transformed","damage_taken":0,"max_hp_gain":0,"max_hp_loss":0,"event_name":"Transmorgrifier","floor":19,"gold_loss":0,"cards_obtained":["Skim"]}],"is_beta":false,"boss_relics":[{"not_picked":["Cursed Key","Coffee Dripper"],"picked":"Inserter"}],"items_purged_floors":[],"is_endless":false,"potions_floor_spawned":[4,5,16,21],"killed_by":"3 Cultists","ascension_level":8}}