{"host":"c44ey07ufggfw2m8","time":1612015230,"event":{"mods":["2.2 Compatiblity","BaseMod","Colored Map","DeckTracker","Highlight Path","Keyboard Shortcuts","Minty Spire (QoL Compilation)","Permanent Neow","Quick Restart","StSLib","SuperFastMode","UnlockEverythingMod"],"gold_per_floor":[111,125,144,144,161,161,161,192,216,216,291,318,318,332,332,433,433,449,449,39,56,56,56,56],"floor_reached":23,"language":"KOR","playtime":906,"items_purged":["Strike_G"],"score":299,"play_id":"63f062d1-81af-4e1c-a577-e90c77f90a98","local_time":"20210130230030","is_ascension_mode":true,"campfire_choices":[{"data":"Flying Knee","floor":6,"key":"SMITH"},{"data":"Prepared","floor":10,"key":"SMITH"},{"floor":13,"key":"REST"},{"floor":15,"key":"REST"}],"circlet_count":0,"master_deck":["AscendersBane","Strike_G","Strike_G+1","Defend_G","Defend_G","Defend_G+1","Defend_G","Defend_G","Survivor","Neutralize","Blur","Flying Knee+1","Dagger Throw+1","Prepared+1","After Image","Well Laid Plans","Grand Finale","Crippling Poison","Reflex","Acrobatics"],"relics":["Ring of the Snake","Toy Ornithopter","Oddly Smooth Stone","Potion Belt","Orichalcum","Empty Cage","Meat on the Bone","CultistMask"],"acts_visited":["Exordium","TheCity"],"potions_floor_usage":[8,12,23,23,23],"damage_taken":[{"damage":4,"enemies":"Cultist","floor":1,"turns":5},{"damage":6,"enemies":"2 Louse","floor":2,"turns":4},{"damage":0,"enemies":"Small Slimes","floor":3,"turns":4},{"damage":0,"enemies":"3 Louse","floor":5,"turns":5},{"damage":7,"enemies":"3 Sentries","floor":8,"turns":12},{"damage":24,"enemies":"Gremlin Nob","floor":12,"turns":4},{"damage":0,"enemies":"Exordium Wildlife","floor":14,"turns":4},{"damage":28,"enemies":"The Guardian","floor":16,"turns":17},{"damage":7,"enemies":"Spheric Guardian","floor":18,"turns":4},{"damage":2,"enemies":"Shell Parasite","floor":21,"turns":5},{"damage":29,"enemies":"Book of Stabbing","floor":23,"turns":10}],"seed_played":"-2801458769184498678","potions_obtained":[{"floor":3,"key":"SpeedPotion"},{"floor":5,"key":"Energy Potion"},{"floor":14,"key":"GamblersBrew"},{"floor":16,"key":"Energy Potion"},{"floor":21,"key":"Energy Potion"}],"is_trial":false,"path_per_floor":["M","M","M","?","M","R","?","E","T","R","?","E","R","M","R","B",null,"M","?","$","M","?","E"],"character_chosen":"THE_SILENT","items_purchased":["Reflex","Meat on the Bone"],"campfire_rested":2,"item_purchase_floors":[20,20],"current_hp_per_floor":[59,53,53,53,53,53,39,37,37,37,26,7,28,28,49,21,58,51,38,38,48,48,34,34],"gold":56,"neow_bonus":"RANDOM_COMMON_RELIC","is_daily":false,"chose_seed":false,"campfire_upgraded":2,"win_rate":0.0,"timestamp":1612015230,"path_taken":["M","?","M","?","?","R","?","E","T","R","?","E","R","M","R","BOSS","M","?","$","M","?","E"],"items_purchased_type":["Card","Relic"],"build_version":"2020-12-22","purchased_purges":1,"victory":false,"max_hp_per_floor":[70,70,70,70,70,70,70,70,70,70,70,70,70,70,70,70,70,70,75,75,75,75,75,75],"card_choices":[{"not_picked":["PiercingWail","Slice"],"picked":"Blur","floor":1},{"not_picked":["Dagger Spray","Dodge and Roll"],"picked":"Flying Knee","floor":2},{"not_picked":["Underhanded Strike","Flechettes"],"picked":"Dagger Throw","floor":3},{"not_picked":["Setup","Concentrate","Choke"],"picked":"SKIP","floor":5},{"not_picked":["Predator","Dagger Throw"],"picked":"Prepared","floor":8},{"not_picked":["Expertise","Dagger Throw"],"picked":"After Image","floor":12},{"not_picked":["Deflect","Calculated Gamble"],"picked":"Well Laid Plans","floor":14},{"not_picked":["Tools of the Trade","Night Terror"],"picked":"Grand Finale","floor":16},{"not_picked":["Bane+1","Slice+1"],"picked":"Crippling Poison","floor":18},{"not_picked":["Leg Sweep","Backflip"],"picked":"Acrobatics","floor":21}],"player_experience":96395,"relics_obtained":[{"floor":8,"key":"Oddly Smooth Stone"},{"floor":9,"key":"Potion Belt"},{"floor":12,"key":"Orichalcum"}],"event_choices":[{"damage_healed":0,"gold_gain":0,"player_choice":"Forge","damage_taken":0,"max_hp_gain":0,"max_hp_loss":0,"event_name":"Accursed Blacksmith","floor":4,"gold_loss":0,"cards_upgraded":["Dagger Throw"]},{"damage_healed":0,"gold_gain":0,"player_choice":"Entered Light","damage_taken":14,"max_hp_gain":0,"max_hp_loss":0,"event_name":"Shining Light","floor":7,"gold_loss":0,"cards_upgraded":["Strike_G","Defend_G"]},{"damage_healed":0,"gold_gain":75,"player_choice":"Gather Gold","damage_taken":11,"max_hp_gain":0,"max_hp_loss":0,"event_name":"World of Goop","floor":11,"gold_loss":0},{"damage_healed":0,"gold_gain":0,"player_choice":"Shed Blood","damage_taken":18,"max_hp_gain":5,"max_hp_loss":0,"event_name":"Forgotten Altar","floor":19,"gold_loss":0},{"damage_healed":0,"gold_gain":0,"player_choice":"Trade","damage_taken":0,"relics_obtained":["CultistMask"],"max_hp_gain":0,"max_hp_loss":0,"event_name":"FaceTrader","floor":22,"gold_loss":0}],"is_beta":false,"boss_relics":[{"not_picked":["Philosopher\u0027s Stone","HoveringKite"],"picked":"Empty Cage"}],"items_purged_floors":[20],"is_endless":false,"potions_floor_spawned":[3,5,14,16,21],"killed_by":"Book of Stabbing","ascension_level":10}}