{"host":"udyc8f81k2jocuhg","time":1612029431,"event":{"mods":["2.2 Compatiblity","BaseMod","Better Third Choice","Colored Powertips","Conspire","Custom Start","GifTheSpireLib","Hermit","Minty Spire (QoL Compilation)","Permanent Neow","Quick Restart","Relic Filter","Relic Stats","Replay The Spire","Shop Mod","Spikes Relics","StSLib","Stuff the Spire"],"gold_per_floor":[118,41,52,52,66,98,42,68,68,68,80,112,132,145,145,221,221,240,259,274,274,288,319,319,346,421,449,449,449,449,449,449],"floor_reached":31,"language":"ENG","playtime":1674,"items_purged":[],"score":655,"play_id":"829e7d89-9558-4f07-b248-1d8e05de7e1a","local_time":"20210130185711","is_ascension_mode":true,"campfire_choices":[{"data":"Creative AI","floor":10.0,"key":"SMITH"},{"data":"Zap","floor":15.0,"key":"SMITH"},{"floor":24.0,"key":"REST"},{"data":"ReplayTheSpireMod:Calculation Training","floor":29.0,"key":"SMITH"}],"circlet_count":0,"master_deck":["AscendersBane","Strike_B","Strike_B","Strike_B","Strike_B","Defend_B","Defend_B","Defend_B","Defend_B","Zap+1","Dualcast","CurseOfTheBell","Barrage","Doom and Gloom","Conserve Battery","Conserve Battery","Creative AI+1","Conserve Battery","Core Surge","FIFO Queue","Loop","Shame","Chill","ReplayTheSpireMod:Calculation Training+1","Conserve Battery"],"relics":["Calling Bell","Regal Pillow","Divine Protection","Incense Burner","StuffTheSpire:MayFlowers","StuffTheSpire:SapphireSignet","StuffTheSpire:OldFever","ChewingGum","Tiny Chest","Replay:Ringing Soul","Lantern","Solar Panel","StuffTheSpire:RubySignet","Counterbalance"],"acts_visited":["Exordium","TheCity"],"potions_floor_usage":[],"damage_taken":[{"damage":6.0,"enemies":"Jaw Worm","floor":1.0,"turns":5.0},{"damage":0.0,"enemies":"Cultist","floor":3.0,"turns":4.0},{"damage":0.0,"enemies":"conspire:RoseBush","floor":5.0,"turns":3.0},{"damage":19.0,"enemies":"Lagavulin","floor":6.0,"turns":8.0},{"damage":2.0,"enemies":"Replay:BlueRogue","floor":8.0,"turns":10.0},{"damage":14.0,"enemies":"Large Slime","floor":11.0,"turns":8.0},{"damage":13.0,"enemies":"Lagavulin","floor":12.0,"turns":10.0},{"damage":0.0,"enemies":"Red Slaver","floor":13.0,"turns":5.0},{"damage":8.0,"enemies":"conspire:2 RoseBushes","floor":14.0,"turns":5.0},{"damage":16.0,"enemies":"Slime Boss","floor":16.0,"turns":11.0},{"damage":9.0,"enemies":"conspire:FuzzyDice","floor":18.0,"turns":7.0},{"damage":0.0,"enemies":"3 Byrds","floor":19.0,"turns":4.0},{"damage":0.0,"enemies":"Snecko","floor":20.0,"turns":7.0},{"damage":26.0,"enemies":"Chosen and Byrds","floor":22.0,"turns":7.0},{"damage":31.0,"enemies":"Book of Stabbing","floor":23.0,"turns":7.0},{"damage":2.0,"enemies":"conspire:Head Lice","floor":25.0,"turns":11.0},{"damage":41.0,"enemies":"Gremlin Leader","floor":27.0,"turns":10.0},{"damage":69,"enemies":"Cultist and Chosen","floor":31,"turns":5}],"seed_played":"-4619647899608255216","potions_obtained":[{"floor":1.0,"key":"Languid Potion"},{"floor":12.0,"key":"BlessingOfTheForge"},{"floor":18.0,"key":"Fire Potion"},{"floor":23.0,"key":"SpeedPotion"}],"is_trial":false,"path_per_floor":["M","$","M","?","M","E","$","E","T","R","M","E","M","M","R","B",null,"M","M","M","?","M","E","R","E","T","E","?","R","?","M"],"character_chosen":"DEFECT","items_purchased":["Doom and Gloom","Conserve Battery"],"campfire_rested":1,"item_purchase_floors":[2,7],"current_hp_per_floor":[58,58,58,54,54,35,35,39,39,39,31,24,24,18,18,12,56,54,54,59,59,40,19,56,67,67,46,42,42,42,0,0],"gold":449,"neow_bonus":"BOSS_RELIC","is_daily":false,"chose_seed":false,"campfire_upgraded":3,"win_rate":0.0,"timestamp":1612029431,"path_taken":["M","$","M","?","?","E","?","E","T","R","M","E","M","M","R","BOSS","M","M","M","?","M","E","R","E","T","E","?","R","?","M"],"items_purchased_type":["Card","Card"],"build_version":"2020-12-22","purchased_purges":0,"victory":false,"max_hp_per_floor":[71,71,71,71,71,71,71,71,71,71,71,71,71,71,71,71,71,71,71,71,71,71,74,74,77,77,77,77,77,77,77,77],"relic_stats":{"Regal Pillow":15,"counters":[18,127],"Tiny Chest":0,"obtain_stats":[{"Solar Panel":26,"Divine Protection":0,"Regal Pillow":0,"Lantern":25,"Counterbalance":30,"Incense Burner":0,"Calling Bell":0,"StuffTheSpire:SapphireSignet":8,"Replay:Ringing Soul":23,"StuffTheSpire:MayFlowers":6,"ChewingGum":17,"Tiny Chest":21,"StuffTheSpire:RubySignet":27,"Cracked Core":0,"StuffTheSpire:OldFever":12},{"Solar Panel":16,"Divine Protection":0,"Regal Pillow":0,"Lantern":16,"Counterbalance":17,"Incense Burner":0,"Calling Bell":0,"StuffTheSpire:SapphireSignet":5,"Replay:Ringing Soul":15,"StuffTheSpire:MayFlowers":4,"ChewingGum":10,"Tiny Chest":13,"StuffTheSpire:RubySignet":17,"Cracked Core":0,"StuffTheSpire:OldFever":7},{"Solar Panel":112,"Divine Protection":0,"Regal Pillow":0,"Lantern":112,"Counterbalance":122,"Incense Burner":0,"Calling Bell":0,"StuffTheSpire:SapphireSignet":30,"Replay:Ringing Soul":101,"StuffTheSpire:MayFlowers":20,"ChewingGum":69,"Tiny Chest":87,"StuffTheSpire:RubySignet":122,"Cracked Core":0,"StuffTheSpire:OldFever":48}]},"card_choices":[{"not_picked":["Panic Button","Steam"],"picked":"Barrage","floor":1.0},{"not_picked":["Gash","Rebound"],"picked":"Conserve Battery","floor":3.0},{"not_picked":["Skim","Redo","Panic Button"],"picked":"SKIP","floor":5.0},{"not_picked":["ReplaySort","StuffTheSpire:ShieldGenerator","Hello World"],"picked":"SKIP","floor":6.0},{"not_picked":["Genetic Algorithm","Turbo"],"picked":"Creative AI","floor":8.0},{"not_picked":["Hologram","Genetic Algorithm"],"picked":"Conserve Battery","floor":11.0},{"not_picked":["Gash","Panic Button","Sweeping Beam"],"picked":"SKIP","floor":12.0},{"not_picked":["StuffTheSpire:GlassShard","BasicCrystalCard","Streamline"],"picked":"SKIP","floor":13.0},{"not_picked":["Streamline","Rebound","StuffTheSpire:Rend"],"picked":"SKIP","floor":14.0},{"not_picked":["StuffTheSpire:ForEach","StuffTheSpire:Purify"],"picked":"Core Surge","floor":16.0},{"not_picked":["StuffTheSpire:LoadUp","Hologram","Streamline"],"picked":"SKIP","floor":18.0},{"not_picked":["DiskWipe","Turbo"],"picked":"FIFO Queue","floor":19.0},{"not_picked":["Redo","Steam Power"],"picked":"Loop","floor":20.0},{"not_picked":["Conserve Battery","Go for the Eyes"],"picked":"Chill","floor":22.0},{"not_picked":["Conserve Battery+1","Reboot"],"picked":"ReplayTheSpireMod:Calculation Training","floor":23.0},{"not_picked":["StuffTheSpire:LoadUp","Go for the Eyes"],"picked":"Conserve Battery","floor":25.0},{"not_picked":["Streamline","Conserve Battery","Sweeping Beam+1"],"picked":"SKIP","floor":27.0}],"player_experience":2028180,"relics_obtained":[{"floor":0.0,"key":"Regal Pillow"},{"floor":0.0,"key":"Divine Protection"},{"floor":0.0,"key":"Incense Burner"},{"floor":6.0,"key":"StuffTheSpire:MayFlowers"},{"floor":8.0,"key":"StuffTheSpire:SapphireSignet"},{"floor":12.0,"key":"StuffTheSpire:OldFever"},{"floor":23.0,"key":"Replay:Ringing Soul"},{"floor":25.0,"key":"Lantern"},{"floor":26.0,"key":"Solar Panel"},{"floor":27.0,"key":"StuffTheSpire:RubySignet"}],"event_choices":[{"damage_healed":0.0,"max_hp_gain":0.0,"max_hp_loss":0.0,"gold_gain":0.0,"event_name":"The Woman in Blue","player_choice":"Bought 0 Potions","floor":4.0,"gold_loss":0.0,"damage_taken":0.0},{"damage_healed":0.0,"max_hp_gain":0.0,"max_hp_loss":0.0,"gold_gain":0.0,"event_name":"Addict","player_choice":"Stole Relic","floor":21.0,"gold_loss":0.0,"damage_taken":0.0,"relics_obtained":["Tiny Chest"],"cards_obtained":["Shame"]},{"damage_healed":0.0,"max_hp_gain":0.0,"max_hp_loss":0.0,"gold_gain":0.0,"event_name":"conspire:Investor","player_choice":"Leave","floor":28.0,"gold_loss":0.0,"damage_taken":0.0},{"damage_healed":0.0,"max_hp_gain":0.0,"max_hp_loss":0.0,"gold_gain":0.0,"event_name":"WeMeetAgain","player_choice":"Gave Potion","floor":30.0,"gold_loss":0.0,"damage_taken":0.0,"relics_obtained":["Counterbalance"]}],"is_beta":false,"boss_relics":[{"not_picked":["SacredBark","conspire:RoyalGoblet"],"picked":"ChewingGum"}],"items_purged_floors":[],"is_endless":false,"potions_floor_spawned":[1,12,13,14,18,23,25],"killed_by":"Cultist and Chosen","ascension_level":20}}