{"host":"9slw7l0ws16384qq","time":1612043904,"event":{"mods":["A Penny For Your Troubles","BaseMod","Colored Map","Downfall","Evolution","Hubris","Minty Spire (QoL Compilation)","Replay The Spire","StS++","StSLib"],"gold_per_floor":[99,111,111,130,130,130,157,157,186,186,219,219,144,144,160,160,160,160],"floor_reached":16,"language":"FRA","playtime":751,"items_purged":["Guardian:Defend_Guardian"],"score":106,"play_id":"584e61a8-89ec-41bf-91e4-e502e9a5d367","local_time":"20210130225824","is_ascension_mode":false,"campfire_choices":[{"floor":1.0,"key":"DIG"},{"data":"Guardian:BaubleBeam","floor":8.0,"key":"SMITH"},{"floor":12,"key":"REST"}],"circlet_count":0,"master_deck":["Guardian:Reroute","Guardian:Reroute","Guardian:Reroute","Guardian:Strike_Guardian","Guardian:Defend_Guardian","Guardian:Defend_Guardian","Guardian:CurlUp","Guardian:TwinSlam","Guardian:BaubleBeam+1","Guardian:TemporalStrike"],"relics":["Guardian:ModeShifter","EVO:Axolotl","Dream Catcher","The Courier","Nunchaku","Frozen Egg 2","Centennial Puzzle","Ring of Peace","ReplayTheSpireMod:Ring of Exchange"],"acts_visited":["Exordium"],"potions_floor_usage":[9,11,13],"damage_taken":[{"damage":0.0,"enemies":"Small Slimes","floor":2.0,"turns":3.0},{"damage":0.0,"enemies":"2 Louse","floor":4.0,"turns":2.0},{"damage":9,"enemies":"3 Sentries","floor":9,"turns":7},{"damage":16,"enemies":"Lagavulin","floor":11,"turns":5},{"damage":0,"enemies":"downfall:FleeingMerchant","floor":13,"turns":4},{"damage":0,"enemies":"Jaw Worm","floor":15,"turns":4},{"damage":81,"enemies":"IC_STATUS_ARCHETYPE","floor":16,"turns":13}],"seed_played":"-2240858133019873797","potions_obtained":[{"floor":2.0,"key":"Milkshake"},{"floor":4.0,"key":"PowerPotion"},{"floor":9,"key":"Swift Potion"}],"is_trial":false,"path_per_floor":["R_BF","M","?","M","?","T","T","R","E","?","E","R","$","?","M","B"],"character_chosen":"GUARDIAN","items_purchased":[],"campfire_rested":1,"item_purchase_floors":[],"current_hp_per_floor":[72,72,72,72,72,72,72,72,63,63,47,68,68,68,68,0,0,0],"gold":160,"neow_bonus":"THREE_RARE_CARDS","is_daily":false,"chose_seed":false,"campfire_upgraded":1,"win_rate":0.0,"timestamp":1612043904,"path_taken":["R_BF","M","?","M","?","?","T","R","E","?","E","R","?","?","M","BOSS"],"items_purchased_type":[],"build_version":"2020-12-22","purchased_purges":1,"victory":false,"max_hp_per_floor":[72,72,72,72,72,72,72,72,72,72,72,72,72,72,72,72,72,72],"card_choices":[{"not_picked":["Guardian:Gem_Synthetic","Guardian:HyperBeam_Guardian"],"picked":"Guardian:BaubleBeam","floor":0.0},{"not_picked":["Guardian:TimeBomb","Guardian:TemporalShield","Guardian:BronzeOrb"],"picked":"SKIP","floor":2.0},{"not_picked":["Guardian:Planning","Guardian:Gem_Blue","Guardian:Reroute"],"picked":"SKIP","floor":4.0},{"not_picked":["Guardian:Planning","Guardian:Gem_Blue","Guardian:Reroute"],"picked":"SKIP","floor":4.0},{"not_picked":["Guardian:SpikerProtocol+1","Guardian:TimeBomb","Guardian:ChargeCore"],"picked":"SKIP","floor":9},{"not_picked":["Guardian:Gem_Lightblue","Guardian:VentSteam","Guardian:ShieldCharger"],"picked":"SKIP","floor":11},{"not_picked":["Guardian:ArmoredProtocol+1","Guardian:Suspension"],"picked":"Guardian:TemporalStrike","floor":13},{"not_picked":["Guardian:RollAttack","Guardian:ChargeUp","Guardian:WalkerClaw"],"picked":"SKIP","floor":15}],"player_experience":1554300,"relics_obtained":[{"floor":1.0,"key":"Dream Catcher"},{"floor":6.0,"key":"The Courier"},{"floor":7.0,"key":"Nunchaku"},{"floor":9,"key":"Frozen Egg 2"},{"floor":11,"key":"Centennial Puzzle"},{"floor":14,"key":"Ring of Peace"},{"floor":14,"key":"ReplayTheSpireMod:Ring of Exchange"}],"event_choices":[],"is_beta":false,"boss_relics":[],"items_purged_floors":[13],"is_endless":false,"potions_floor_spawned":[2,4,9],"killed_by":"IC_STATUS_ARCHETYPE","ascension_level":0}}