{"host":"sc0o2qwpf9j16a4i","time":1612024226,"event":{"mods":["AchievementEnabler","BaseMod","BetterRewards","Block Reminder","Colored Map","Colored Powertips","Custom Start","Highlight Path","Minty Spire (QoL Compilation)","Relic Stats"],"gold_per_floor":[118,130,130,130,144,170,41,96,96,148,72,122,87,145,145,244,244,262,23,42,42,88,113,35,64,64,92,92,157,199,256,256,358,358,403,1402,1402,1402,1402,1463,1518,879,929,984,999,953,462,477,477,507],"floor_reached":51,"language":"ENG","playtime":2581,"items_purged":["Strike_P"],"score":1290,"play_id":"46c0445a-5618-43c7-a828-4ca1fb1b2b95","local_time":"20210130183026","daily_mods":["Cursed Run","Red Cards","Elite Swarm"],"is_ascension_mode":false,"campfire_choices":[{"data":"Wish","floor":15,"key":"SMITH"},{"floor":32,"key":"REST"},{"floor":49,"key":"REST"}],"circlet_count":0,"master_deck":["Strike_P","Strike_P","Strike_P","Defend_P","Defend_P","Defend_P","Defend_P","Eruption","Vigilance","MentalFortress","Protect","Conclude","Wish+1","Evaluate","DeusExMachina","Pain","Impervious","Sanctity","Devotion","Brilliance","Decay","Feed","ClearTheMind","CrushJoints","Feel No Pain+1","Vault","BattleHymn","Normality","Exhume","RitualDagger","Establishment","Injury","DevaForm","Normality","Normality","Doubt","Pain","Barricade","TalkToTheHand+1","Regret","Demon Form","EmptyBody","Metallicize","Crescendo","Prostrate","Carnage+1","Sever Soul+1","Panacea","Evolve","Shame"],"relics":["Cursed Key","Darkstone Periapt","Du-Vu Doll","Shuriken","Damaru","Blue Candle","Bronze Scales","Art of War","GoldenEye","Sozu","Singing Bowl","FaceOfCleric","CaptainsWheel","HornCleat","Bag of Marbles","Oddly Smooth Stone","Toy Ornithopter","Snecko Eye","Pantograph","WingedGreaves","Vajra","Molten Egg 2","Mummified Hand","Lantern","ClockworkSouvenir","Ancient Tea Set","MealTicket","Membership Card","Torii"],"acts_visited":["Exordium","TheCity","TheBeyond"],"potions_floor_usage":[10,12,12,16],"damage_taken":[{"damage":0,"enemies":"Cultist","floor":1,"turns":3},{"damage":2,"enemies":"Jaw Worm","floor":2,"turns":5},{"damage":2,"enemies":"Small Slimes","floor":5,"turns":4},{"damage":7,"enemies":"Lagavulin","floor":6,"turns":10},{"damage":21,"enemies":"3 Sentries","floor":8,"turns":11},{"damage":1,"enemies":"Lagavulin","floor":10,"turns":7},{"damage":7,"enemies":"3 Sentries","floor":12,"turns":7},{"damage":1,"enemies":"Lagavulin","floor":14,"turns":7},{"damage":1,"enemies":"The Guardian","floor":16,"turns":7},{"damage":5,"enemies":"Shell Parasite","floor":18,"turns":6},{"damage":7,"enemies":"2 Thieves","floor":20,"turns":4},{"damage":8,"enemies":"Chosen and Byrds","floor":22,"turns":6},{"damage":10,"enemies":"Slavers","floor":23,"turns":6},{"damage":8,"enemies":"Gremlin Leader","floor":25,"turns":8},{"damage":10,"enemies":"Book of Stabbing","floor":27,"turns":6},{"damage":7,"enemies":"Slavers","floor":29,"turns":7},{"damage":4,"enemies":"Sentry and Sphere","floor":30,"turns":6},{"damage":17,"enemies":"Book of Stabbing","floor":31,"turns":6},{"damage":13,"enemies":"Collector","floor":33,"turns":8},{"damage":6,"enemies":"Orb Walker","floor":35,"turns":4},{"damage":26,"enemies":"Reptomancer","floor":40,"turns":5},{"damage":70,"enemies":"Nemesis","floor":41,"turns":11},{"damage":55,"enemies":"Reptomancer","floor":44,"turns":7},{"damage":12,"enemies":"3 Shapes","floor":45,"turns":4},{"damage":15,"enemies":"Writhing Mass","floor":48,"turns":4},{"damage":29,"enemies":"Donu and Deca","floor":50,"turns":8}],"seed_played":"-7825920621930954822","potions_obtained":[{"floor":1,"key":"Dexterity Potion"},{"floor":8,"key":"CultistPotion"},{"floor":10,"key":"GamblersBrew"},{"floor":14,"key":"Regen Potion"}],"is_trial":true,"path_per_floor":["M","M","?","?","M","E","$","E","T","E","$","E","?","E","R","B",null,"M","$","M","?","M","E","$","E","T","E","?","E","M","E","R","B",null,"M","?","T","?","T","E","E","$","T","E","M","$","$","M","R","B",null],"character_chosen":"WATCHER","items_purchased":["Evaluate","Sanctity","Singing Bowl","BattleHymn","Mummified Hand","Lantern","ClockworkSouvenir","TalkToTheHand+1","EmptyBody","Membership Card","Torii","Metallicize","Crescendo","Prostrate","Carnage+1","Sever Soul+1","Panacea"],"campfire_rested":2,"item_purchase_floors":[7,11,19,24,42,42,42,42,46,47,47,47,47,47,47,47,47],"current_hp_per_floor":[72,70,75,75,73,66,66,45,51,50,50,43,63,62,62,82,89,87,87,83,83,76,70,70,68,74,65,59,56,58,42,79,73,131,128,140,146,146,152,129,60,60,66,15,9,24,39,25,78,81],"gold":507,"neow_bonus":"","is_daily":false,"chose_seed":false,"campfire_upgraded":1,"win_rate":0.0,"timestamp":1612024226,"path_taken":["M","M","?","?","M","E","$","E","T","E","?","E","?","E","R","BOSS","M","$","M","?","M","E","?","E","T","E","?","E","?","E","R","BOSS","M","?","?","?","?","E","E","$","T","E","?","?","$","M","R","BOSS"],"items_purchased_type":["Card","Card","Relic","Card","Relic","Relic","Relic","Card","Card","Relic","Relic","Card","Card","Card","Card","Card","Card"],"build_version":"2020-12-22","purchased_purges":1,"victory":true,"max_hp_per_floor":[72,72,77,77,77,77,77,77,83,83,83,83,83,83,83,89,89,92,92,95,95,96,100,100,106,112,113,113,117,123,124,124,131,131,134,146,152,152,158,161,162,162,168,172,178,178,178,179,179,186],"relic_stats":{"Darkstone Periapt":60,"Singing Bowl":10,"Torii":0,"counters":[26,167],"Blue Candle":[70],"Cursed Key":5,"GoldenEye":[0],"Sozu":6,"FaceOfCleric":15,"Shuriken":[21],"Mummified Hand":[43],"Bronze Scales":[346],"Pantograph":25,"Snecko Eye":[74,59,63,58],"MealTicket":30,"Art of War":[37],"obtain_stats":[{"Darkstone Periapt":0,"Lantern":42,"Singing Bowl":19,"Torii":47,"Vajra":40,"Cursed Key":0,"Ancient Tea Set":43,"ClockworkSouvenir":42,"Sozu":17,"HornCleat":25,"FaceOfCleric":21,"Mummified Hand":42,"Pantograph":37,"MealTicket":44,"WingedGreaves":39,"Blue Candle":9,"Damaru":8,"Oddly Smooth Stone":27,"GoldenEye":14,"Du-Vu Doll":0,"CaptainsWheel":23,"Shuriken":6,"Bronze Scales":10,"Snecko Eye":34,"Molten Egg 2":41,"Art of War":12,"Bag of Marbles":26,"Membership Card":47,"Toy Ornithopter":31},{"Darkstone Periapt":0,"Lantern":22,"Singing Bowl":10,"Torii":24,"Vajra":21,"Cursed Key":0,"Ancient Tea Set":22,"ClockworkSouvenir":22,"Sozu":9,"HornCleat":14,"FaceOfCleric":11,"Mummified Hand":22,"Pantograph":20,"MealTicket":23,"WingedGreaves":20,"Blue Candle":5,"Damaru":5,"Oddly Smooth Stone":15,"GoldenEye":8,"Du-Vu Doll":0,"CaptainsWheel":13,"Shuriken":4,"Bronze Scales":6,"Snecko Eye":19,"Molten Egg 2":22,"Art of War":7,"Bag of Marbles":14,"Membership Card":24,"Toy Ornithopter":18},{"Darkstone Periapt":0,"Lantern":144,"Singing Bowl":67,"Torii":155,"Vajra":133,"Cursed Key":0,"Ancient Tea Set":144,"ClockworkSouvenir":144,"Sozu":61,"HornCleat":91,"FaceOfCleric":71,"Mummified Hand":144,"Pantograph":128,"MealTicket":151,"WingedGreaves":128,"Blue Candle":33,"Damaru":33,"Oddly Smooth Stone":97,"GoldenEye":54,"Du-Vu Doll":0,"CaptainsWheel":83,"Shuriken":22,"Bronze Scales":40,"Snecko Eye":124,"Molten Egg 2":144,"Art of War":47,"Bag of Marbles":91,"Membership Card":155,"Toy Ornithopter":116}],"Toy Ornithopter":0},"card_choices":[{"not_picked":["Clash","Consecrate"],"picked":"MentalFortress","floor":1},{"not_picked":["Body Slam","CrushJoints"],"picked":"Protect","floor":2},{"not_picked":["True Grit","Armaments"],"picked":"Conclude","floor":5},{"not_picked":["Corruption","Offering"],"picked":"Wish","floor":6},{"not_picked":["Brutality","MasterReality"],"picked":"DeusExMachina","floor":8},{"not_picked":["Corruption","Barricade"],"picked":"Impervious","floor":10},{"not_picked":["Scrawl","Establishment"],"picked":"Devotion","floor":12},{"not_picked":["DeusExMachina","Corruption"],"picked":"Brilliance","floor":14},{"not_picked":["Corruption","SpiritShield"],"picked":"Feed","floor":16},{"not_picked":["Reckless Charge","Rage+1"],"picked":"ClearTheMind","floor":18},{"not_picked":["SashWhip+1","ThirdEye"],"picked":"CrushJoints","floor":20},{"not_picked":["Inflame+1","Battle Trance+1"],"picked":"Feel No Pain+1","floor":22},{"not_picked":["Juggernaut","Feed"],"picked":"Vault","floor":23},{"not_picked":["Devotion","Brilliance","Bludgeon"],"picked":"Singing Bowl","floor":25},{"not_picked":["Brutality","Alpha"],"picked":"Exhume","floor":27},{"not_picked":["Feed","Alpha"],"picked":"MasterReality","floor":29},{"not_picked":["Twin Strike","Conclude","FollowUp"],"picked":"Singing Bowl","floor":30},{"not_picked":["Impervious","Exhume"],"picked":"Establishment","floor":31},{"not_picked":["Brutality","Limit Break"],"picked":"DevaForm","floor":33},{"not_picked":["EmptyBody","Entrench+1","Pommel Strike+1"],"picked":"Singing Bowl","floor":35},{"not_picked":["Limit Break","Juggernaut","Brilliance"],"picked":"Singing Bowl","floor":40},{"not_picked":["Omniscience","Wish"],"picked":"Barricade","floor":41},{"not_picked":["Alpha","Limit Break"],"picked":"Demon Form","floor":44},{"not_picked":["Clothesline+1","Conclude+1","Cleave+1"],"picked":"Singing Bowl","floor":45},{"not_picked":["PathToVictory+1","Iron Wave+1"],"picked":"Evolve","floor":48}],"player_experience":1095839,"relics_obtained":[{"floor":6,"key":"Shuriken"},{"floor":8,"key":"Damaru"},{"floor":9,"key":"Blue Candle"},{"floor":10,"key":"Bronze Scales"},{"floor":12,"key":"Art of War"},{"floor":14,"key":"GoldenEye"},{"floor":23,"key":"CaptainsWheel"},{"floor":25,"key":"HornCleat"},{"floor":26,"key":"Bag of Marbles"},{"floor":27,"key":"Oddly Smooth Stone"},{"floor":31,"key":"Toy Ornithopter"},{"floor":37,"key":"Pantograph"},{"floor":39,"key":"WingedGreaves"},{"floor":40,"key":"Vajra"},{"floor":41,"key":"Molten Egg 2"},{"floor":43,"key":"Ancient Tea Set"},{"floor":44,"key":"MealTicket"}],"event_choices":[{"damage_healed":0,"gold_gain":0,"player_choice":"Donut","damage_taken":0,"max_hp_gain":5,"max_hp_loss":0,"event_name":"Big Fish","floor":3,"gold_loss":0},{"damage_healed":0,"gold_gain":0,"player_choice":"Ignored","damage_taken":0,"max_hp_gain":0,"max_hp_loss":0,"event_name":"Golden Wing","floor":4,"gold_loss":0},{"damage_healed":20,"gold_gain":0,"player_choice":"Healed","damage_taken":0,"max_hp_gain":0,"max_hp_loss":0,"event_name":"The Cleric","floor":13,"gold_loss":35},{"damage_healed":0,"gold_gain":0,"player_choice":"Trade","damage_taken":0,"relics_obtained":["FaceOfCleric"],"max_hp_gain":0,"max_hp_loss":0,"event_name":"FaceTrader","floor":21,"gold_loss":0},{"damage_healed":0,"gold_gain":0,"player_choice":"Joined the Cult","damage_taken":6,"max_hp_gain":0,"max_hp_loss":0,"event_name":"Nest","floor":28,"gold_loss":0,"cards_obtained":["RitualDagger"]},{"damage_healed":0,"gold_gain":999,"player_choice":"Gold","damage_taken":0,"max_hp_gain":0,"max_hp_loss":0,"event_name":"MindBloom","floor":36,"gold_loss":0,"cards_obtained":["Normality","Normality"]},{"cards_removed":["MasterReality"],"damage_healed":0,"gold_gain":0,"player_choice":"Removed Power","damage_taken":0,"max_hp_gain":0,"max_hp_loss":0,"event_name":"Falling","floor":38,"gold_loss":0}],"is_beta":false,"boss_relics":[{"not_picked":["Ectoplasm","Velvet Choker"],"picked":"Sozu"},{"not_picked":["Philosopher\u0027s Stone","Pandora\u0027s Box"],"picked":"Snecko Eye"}],"items_purged_floors":[7],"is_endless":false,"potions_floor_spawned":[1,8,10,14,20,22,25,33,44,45],"ascension_level":0}}