{"host":"g6a9gfzrk472u7l9","time":1612017820,"event":{"mods":["BaseMod","Downfall","Minty Spire (QoL Compilation)","StSLib"],"gold_per_floor":[99,114,144,156,168,203,227,253,253,272,172,199,199,109,119,217,217,217,217,233,49,77,102,125,125,72,96,96,124,124,144,169,271,271,271,290,261,279,296,196,196,43,43,63,79,93,93,126,146,146],"floor_reached":51,"language":"ENG","playtime":2922,"items_purged":["hexamod:Strike","hexamod:Defend","hexamod:Strike"],"score":764,"play_id":"a20e7b94-4edd-405d-825b-e914c1fa954c","local_time":"20210130154340","is_ascension_mode":false,"campfire_choices":[{"data":"hexamod:TimeWarp","floor":1,"key":"SMITH"},{"data":"hexamod:SwordOfDarkness","floor":9,"key":"SMITH"},{"data":"hexamod:AdvancingGuard","floor":11,"key":"SMITH"},{"data":"hexamod:RadiantFlame","floor":18,"key":"SMITH"},{"data":"hexamod:SwordOfDarkness","floor":25,"key":"SMITH"},{"floor":28,"key":"REST"},{"floor":30,"key":"REST"},{"floor":35,"key":"RECALL"},{"data":"hexamod:ShieldOfDarkness","floor":40,"key":"SMITH"},{"data":"hexamod:Float","floor":43,"key":"SMITH"},{"floor":47,"key":"REST"}],"circlet_count":0,"master_deck":["hexamod:Strike+1","hexamod:Strike","hexamod:Defend","hexamod:Defend+1","hexamod:Defend+1","hexamod:Sear+1","hexamod:Float+1","hexamod:TimeWarp+1","hexamod:SwordOfDarkness+1","hexamod:AdvancingGuard+1","hexamod:SwordOfDarkness+1","hexamod:RadiantFlame+1","hexamod:EmpoweredFlame+1","hexamod:StepThrough+1","hexamod:ThermalTransfer+1","hexamod:PowerFromBeyond","hexamod:FastForward+1","hexamod:ShieldOfDarkness+1","hexamod:FastForward+1"],"relics":["hexamod:SpiritBrand","MealTicket","Shuriken","Centennial Puzzle","InkBottle","downfall:HeartBlessingGreen","Sundial","Sozu","Ice Cream","Happy Flower","Matryoshka","hexamod:TheBrokenSeal","SlaversCollar","Letter Opener","downfall:HeartBlessingRed","Dream Catcher","HandDrill","Bottled Flame"],"acts_visited":["Exordium","TheCity","TheBeyond"],"potions_floor_usage":[32,50],"damage_taken":[{"damage":0,"enemies":"Jaw Worm","floor":2,"turns":3},{"damage":0,"enemies":"Small Slimes","floor":4,"turns":3},{"damage":0,"enemies":"Cultist","floor":5,"turns":3},{"damage":18,"enemies":"Lagavulin","floor":6,"turns":6},{"damage":2,"enemies":"Gremlin Nob","floor":8,"turns":3},{"damage":2,"enemies":"Blue Slaver","floor":10,"turns":2},{"damage":0,"enemies":"3 Sentries","floor":12,"turns":5},{"damage":0,"enemies":"downfall:FleeingMerchant","floor":14,"turns":4},{"damage":0,"enemies":"Large Slime","floor":15,"turns":3},{"damage":25,"enemies":"WA_ARCHETYPE_RETAIN","floor":16,"turns":5},{"damage":8,"enemies":"3 Byrds","floor":20,"turns":4},{"damage":4,"enemies":"downfall:FleeingMerchant","floor":21,"turns":4},{"damage":0,"enemies":"Chosen","floor":22,"turns":5},{"damage":5,"enemies":"Gremlin Leader","floor":23,"turns":6},{"damage":14,"enemies":"downfall:FleeingMerchant","floor":26,"turns":4},{"damage":7,"enemies":"3 Cultists","floor":27,"turns":4},{"damage":18,"enemies":"Slavers","floor":29,"turns":5},{"damage":14,"enemies":"Cultist and Chosen","floor":31,"turns":5},{"damage":22,"enemies":"Snake Plant","floor":32,"turns":4},{"damage":11,"enemies":"DF_ARCHETYPE_CLAW","floor":33,"turns":6},{"damage":0,"enemies":"3 Shapes","floor":36,"turns":3},{"damage":0,"enemies":"downfall:FleeingMerchant","floor":37,"turns":2},{"damage":0,"enemies":"Orb Walker","floor":38,"turns":3},{"damage":0,"enemies":"Sphere and 2 Shapes","floor":39,"turns":3},{"damage":19,"enemies":"Jaw Worm Horde","floor":44,"turns":3},{"damage":11,"enemies":"4 Shapes","floor":45,"turns":3},{"damage":5,"enemies":"Writhing Mass","floor":46,"turns":3},{"damage":34,"enemies":"Nemesis","floor":48,"turns":5},{"damage":0,"enemies":"Transient","floor":49,"turns":5},{"damage":18,"enemies":"IC_BLOCK_ARCHETYPE","floor":50,"turns":7}],"seed_played":"1926916487472914801","potions_obtained":[{"floor":4,"key":"champ:CounterPotion"},{"floor":5,"key":"SpeedPotion"},{"floor":12,"key":"sneckomod:MuddlingPotion"}],"is_trial":false,"path_per_floor":["R","M","?","M","M","E","T","E","R","M","R","E","?","$","M","B",null,"R","?","M","$","M","E","T","R","$","M","R","E","R","M","M","B",null,"R","M","$","M","M","R","T","$","R","M","M","M","R","E","M","B",null],"character_chosen":"THE_SPIRIT","items_purchased":["hexamod:SecondSeal","hexamod:FourthSeal","Letter Opener","HandDrill"],"campfire_rested":3,"item_purchase_floors":[21,26,37,42],"current_hp_per_floor":[70,70,70,70,70,52,52,50,50,48,48,48,48,63,63,38,70,70,70,62,66,66,61,61,61,56,49,70,52,70,63,80,69,80,80,80,80,80,80,80,80,80,80,61,50,45,69,35,35,17],"gold":146,"neow_bonus":"ONE_RANDOM_RARE_CARD","is_daily":false,"chose_seed":false,"campfire_upgraded":7,"win_rate":0.0,"timestamp":1612017820,"path_taken":["R","M","?","M","M","E","T","E","R","M","R","E","?","$","M","BOSS","R","?","M","$","M","E","T","R","$","M","R","E","R","M","M","BOSS","R","M","$","M","M","R","T","$","R","?","M","M","R","E","M","BOSS"],"items_purchased_type":["Card","Card","Relic","Relic"],"build_version":"2020-12-22","purchased_purges":3,"victory":true,"max_hp_per_floor":[70,70,70,70,70,70,70,70,70,70,70,70,70,70,70,70,70,70,70,70,70,70,70,70,70,70,70,70,70,70,70,80,80,80,80,80,80,80,80,80,80,80,80,80,80,80,80,80,80,80],"card_choices":[{"not_picked":["hexamod:HauntingEcho","hexamod:RetreatToShadows","hexamod:EtherealExpedition"],"picked":"SKIP","floor":2},{"not_picked":["hexamod:GhostLash","hexamod:Rewind"],"picked":"hexamod:SwordOfDarkness","floor":4},{"not_picked":["hexamod:ChargedBarrage","hexamod:HeatMetal"],"picked":"hexamod:AdvancingGuard","floor":5},{"not_picked":["hexamod:UnlimitedPower","hexamod:AdvancingGuard"],"picked":"hexamod:SwordOfDarkness","floor":6},{"not_picked":["hexamod:SwordOfDarkness","hexamod:NightmareGuise","hexamod:UnlimitedPower"],"picked":"SKIP","floor":8},{"not_picked":["hexamod:GhostflameBarrier","hexamod:SpectersWail","hexamod:RainOfEmbers"],"picked":"SKIP","floor":10},{"not_picked":["hexamod:HeatCrush","hexamod:NightmareGuise"],"picked":"hexamod:RadiantFlame","floor":12},{"not_picked":["hexamod:InspiringFlames","hexamod:BacktrackSmack","hexamod:GhostLash"],"picked":"SKIP","floor":14},{"not_picked":["hexamod:NecessarySacrifice","hexamod:Firestarter","hexamod:HeatMetal"],"picked":"SKIP","floor":15},{"not_picked":["hexamod:SearingWound","hexamod:HexaLevel"],"picked":"hexamod:FifthSeal","floor":16},{"not_picked":["hexamod:SecondSeal","hexamod:FirstSeal"],"picked":"hexamod:ThirdSeal","floor":20},{"not_picked":["hexamod:NightmareGuise+1","hexamod:SuperheatedStrike","hexamod:BacktrackSmack"],"picked":"SKIP","floor":20},{"not_picked":["hexamod:Toasty","hexamod:ChargedBarrage"],"picked":"hexamod:EmpoweredFlame","floor":21},{"not_picked":["hexamod:HauntingEcho+1","hexamod:GhostflameBarrier","hexamod:Hexaguard"],"picked":"SKIP","floor":21},{"not_picked":["hexamod:BacktrackSmack+1","hexamod:AdvancingGuard"],"picked":"hexamod:StepThrough+1","floor":22},{"not_picked":["hexamod:ThirdSeal","hexamod:FirstSeal"],"picked":"hexamod:SixthSeal","floor":22},{"not_picked":["hexamod:Again","hexamod:Haunt"],"picked":"hexamod:ThermalTransfer+1","floor":22},{"not_picked":["hexamod:SecondSeal","hexamod:Incineration","hexamod:BurningTouch"],"picked":"SKIP","floor":23},{"not_picked":["hexamod:InspiringFlames","hexamod:BacktrackSmack"],"picked":"hexamod:PowerFromBeyond","floor":26},{"not_picked":["hexamod:InspiringFlames","hexamod:EmpoweredFlame","hexamod:SpectersWail"],"picked":"SKIP","floor":26},{"not_picked":["hexamod:HeatShield","hexamod:AdvancingGuard","hexamod:NightmareGuise"],"picked":"SKIP","floor":27},{"not_picked":["hexamod:InspiringFlames","hexamod:BurningTouch","hexamod:RainOfEmbers"],"picked":"SKIP","floor":27},{"not_picked":["hexamod:SixthSeal","hexamod:ThirdSeal"],"picked":"hexamod:FirstSeal","floor":29},{"not_picked":["hexamod:RainOfEmbers","hexamod:TurnItUp","hexamod:SkipABeat"],"picked":"SKIP","floor":29},{"not_picked":["hexamod:BurningTouch+1","hexamod:SuperheatedStrike+1","hexamod:FlamesFromBeyond"],"picked":"SKIP","floor":31},{"not_picked":["hexamod:GhostOfSpirePast","hexamod:NightmareGuise","hexamod:FlamesFromBeyond"],"picked":"SKIP","floor":32},{"not_picked":["hexamod:InspiringFlames","hexamod:FlamesFromBeyond"],"picked":"hexamod:FastForward+1","floor":36},{"not_picked":["hexamod:SpectersWail+1","hexamod:InspiringFlames+1","hexamod:FifthSeal"],"picked":"SKIP","floor":37},{"not_picked":["hexamod:FastForward","hexamod:HauntingEcho","hexamod:FlamesFromBeyond+1"],"picked":"SKIP","floor":38},{"not_picked":["hexamod:SuperheatedStrike+1","hexamod:FlamesFromBeyond"],"picked":"hexamod:ShieldOfDarkness","floor":39},{"not_picked":["hexamod:SuperheatedStrike+1","hexamod:Incineration","hexamod:SwordOfDarkness"],"picked":"SKIP","floor":44},{"not_picked":["hexamod:HeatCrush","hexamod:Firestarter","hexamod:SwordOfDarkness+1"],"picked":"SKIP","floor":45},{"not_picked":["hexamod:SpectersWail+1","hexamod:InspiringFlames","hexamod:AdvancingGuard"],"picked":"SKIP","floor":46},{"not_picked":["hexamod:Rewind+1","hexamod:GhostLash+1","hexamod:SpectersWail+1"],"picked":"SKIP","floor":48},{"not_picked":["hexamod:Firestarter","hexamod:NightmareGuise+1"],"picked":"hexamod:FastForward+1","floor":49}],"player_experience":108781,"relics_obtained":[{"floor":6,"key":"Shuriken"},{"floor":7,"key":"Centennial Puzzle"},{"floor":8,"key":"InkBottle"},{"floor":12,"key":"Sundial"},{"floor":23,"key":"Ice Cream"},{"floor":24,"key":"Happy Flower"},{"floor":29,"key":"Matryoshka"},{"floor":41,"key":"Dream Catcher"},{"floor":48,"key":"Bottled Flame"}],"event_choices":[],"is_beta":false,"boss_relics":[{"not_picked":["Coffee Dripper","SacredBark"],"picked":"Sozu"},{"not_picked":["Pandora\u0027s Box","hexamod:IceCube"],"picked":"SlaversCollar"}],"items_purged_floors":[14,21,37],"is_endless":false,"potions_floor_spawned":[4,5,12,16,22,27,29,31,32,38,44,45,46],"ascension_level":0}}