{"host":"id23shmscryl4psl","time":1612009208,"event":{"mods":["BaseMod","Better Altar","Better Match","Better Note","Better Sensory Stone","Better Skull","Better Third Choice","Colored Map","Colored Powertips","Dark Map","HololiveMod","Minty Spire (QoL Compilation)","Rare Cards Sparkle","Relic Stats","Robot Space Explorer","StSLib","TheBandit"],"gold_per_floor":[116,116,126,142,157,157,173,186,186,244,244,264,287,287,287,389,389,401,415,340,340,340,366,366,392,418,418,432,432,71,89,89,189,189,199,199,199,199],"floor_reached":36,"language":"ENG","playtime":3111,"items_purged":[],"score":419,"play_id":"7720e35b-aa62-4d34-9c89-0609fd840d38","local_time":"20210130052008","is_ascension_mode":false,"campfire_choices":[{"floor":6,"key":"RECALL"},{"data":"wariomod:WhirlwindBurst","floor":11,"key":"SMITH"},{"data":"wariomod:SimpleShield","floor":15,"key":"SMITH"},{"floor":24,"key":"REST"},{"floor":27,"key":"REST"},{"floor":32,"key":"REST"}],"circlet_count":0,"master_deck":["wariomod:Strike","wariomod:Strike","wariomod:Strike","wariomod:Defend","wariomod:Defend","wariomod:Defend","wariomod:Leap","wariomod:DanceDash","wariomod:DoubleDash","wariomod:BodyBlock","wariomod:WhirlwindBurst+1","wariomod:ImFeelingLucky","wariomod:SimpleShield+1","wariomod:VeryLongJump","wariomod:ChargeForth+1","wariomod:DisarmingMoves+1","wariomod:Game+1","wariomod:SmallSprint+1","wariomod:SmallSprint+1","wariomod:OctoJump","wariomod:HappyHit+1","wariomod:SpaceSwap","wariomod:FabulousPrizes","wariomod:Immortalize+1"],"relics":["wariomod:SuperHat","Regal Pillow","Empty Cage","Molten Egg 2","Strawberry","Pen Nib","Medical Kit","Tiny Chest"],"acts_visited":["Exordium","TheCity","TheBeyond"],"potions_floor_usage":[12,12,23,25,33,33],"damage_taken":[{"damage":7,"enemies":"2 Louse","floor":1,"turns":2},{"damage":0,"enemies":"Cultist","floor":3,"turns":3},{"damage":6,"enemies":"Jaw Worm","floor":4,"turns":2},{"damage":3,"enemies":"3 Louse","floor":5,"turns":4},{"damage":4,"enemies":"Red Slaver","floor":7,"turns":4},{"damage":5,"enemies":"Looter","floor":8,"turns":3},{"damage":1,"enemies":"Exordium Thugs","floor":12,"turns":3},{"damage":37,"enemies":"Hexaghost","floor":16,"turns":12},{"damage":20,"enemies":"Spheric Guardian","floor":18,"turns":7},{"damage":10,"enemies":"3 Byrds","floor":19,"turns":4},{"damage":31,"enemies":"Book of Stabbing","floor":23,"turns":6},{"damage":24,"enemies":"Gremlin Leader","floor":25,"turns":6},{"damage":26,"enemies":"Snake Plant","floor":28,"turns":5},{"damage":51,"enemies":"Cultist and Chosen","floor":31,"turns":9},{"damage":6,"enemies":"Collector","floor":33,"turns":9},{"damage":3,"enemies":"3 Shapes","floor":35,"turns":1},{"damage":100,"enemies":"2 Orb Walkers","floor":36,"turns":5}],"seed_played":"325065819385843754","potions_obtained":[{"floor":3,"key":"Fire Potion"},{"floor":7,"key":"Explosive Potion"},{"floor":8,"key":"PowerPotion"},{"floor":18,"key":"Explosive Potion"},{"floor":21,"key":"CultistPotion"},{"floor":21,"key":"Energy Potion"},{"floor":25,"key":"EssenceOfSteel"},{"floor":28,"key":"LiquidBronze"},{"floor":33,"key":"SpeedPotion"}],"is_trial":false,"path_per_floor":["M","?","M","M","M","R","M","M","T","?","R","M","T","?","R","B",null,"M","M","?","?","?","E","R","E","T","R","M","?","$","M","R","B",null,"M","?"],"character_chosen":"THE_BANDIT","items_purchased":["Medical Kit","Tiny Chest","wariomod:HappyHit+1"],"campfire_rested":3,"item_purchase_floors":[30,30,30],"current_hp_per_floor":[81,81,81,75,72,72,68,63,63,63,63,62,62,62,62,25,88,68,58,58,58,50,19,60,43,43,86,60,60,60,9,52,46,95,92,0,0,0],"gold":199,"neow_bonus":"TEN_PERCENT_HP_BONUS","is_daily":false,"chose_seed":false,"campfire_upgraded":2,"win_rate":0.0,"timestamp":1612009208,"path_taken":["M","?","M","?","M","R","M","M","T","?","R","M","?","?","R","BOSS","M","M","?","?","?","E","R","E","T","R","?","?","$","M","R","BOSS","M","?"],"items_purchased_type":["Relic","Relic","Card"],"build_version":"2020-12-22","purchased_purges":0,"victory":false,"max_hp_per_floor":[88,88,88,88,88,88,88,88,88,88,88,88,88,88,88,88,88,88,88,88,88,88,88,88,95,95,95,95,95,95,95,95,95,95,95,95,95,95],"relic_stats":{"Regal Pillow":45,"counters":[17,85],"Tiny Chest":0,"Pen Nib":[5],"Medical Kit":[14],"obtain_stats":[{"Regal Pillow":13,"wariomod:SuperHat":34,"wariomod:TheHat":0,"Strawberry":25,"Molten Egg 2":23,"Tiny Chest":30,"Pen Nib":26,"Empty Cage":17,"Medical Kit":30},{"Regal Pillow":7,"wariomod:SuperHat":15,"wariomod:TheHat":0,"Strawberry":12,"Molten Egg 2":11,"Tiny Chest":13,"Pen Nib":12,"Empty Cage":8,"Medical Kit":13},{"Regal Pillow":21,"wariomod:SuperHat":79,"wariomod:TheHat":0,"Strawberry":56,"Molten Egg 2":50,"Tiny Chest":61,"Pen Nib":56,"Empty Cage":33,"Medical Kit":61}]},"card_choices":[{"not_picked":["wariomod:DonateDraw","wariomod:Bombshield"],"picked":"wariomod:DanceDash","floor":1},{"not_picked":["wariomod:Bomblaster","wariomod:BlastDash"],"picked":"wariomod:DoubleDash","floor":3},{"not_picked":["wariomod:SilenceBombs","wariomod:DoubleDash"],"picked":"wariomod:BodyBlock","floor":4},{"not_picked":["wariomod:BigUpgrade","wariomod:Hopshield"],"picked":"wariomod:WhirlwindBurst","floor":5},{"not_picked":["wariomod:EnergizedBombs","wariomod:SpikeSlash","wariomod:Goblast"],"picked":"SKIP","floor":7},{"not_picked":["wariomod:BodyBlock","wariomod:PayItForwards"],"picked":"wariomod:ImFeelingLucky","floor":8},{"not_picked":["wariomod:f","wariomod:ChargeForth"],"picked":"wariomod:SimpleShield","floor":12},{"not_picked":["wariomod:EnergizedBombs","wariomod:WipeClean"],"picked":"wariomod:VeryLongJump","floor":16},{"not_picked":["wariomod:SimpleShield","wariomod:PayItForwards"],"picked":"wariomod:ChargeForth+1","floor":18},{"not_picked":["wariomod:EmptyMind","wariomod:DanceDash"],"picked":"wariomod:DisarmingMoves+1","floor":19},{"not_picked":["wariomod:SimpleShield+1","wariomod:Goblast+1"],"picked":"wariomod:Game+1","floor":20},{"not_picked":["wariomod:Boomsmack+1","wariomod:Hopshield+1"],"picked":"wariomod:SmallSprint+1","floor":20},{"not_picked":["wariomod:OctoJump","wariomod:Bombtime+1"],"picked":"wariomod:SmallSprint+1","floor":23},{"not_picked":["wariomod:Bomblaster","wariomod:Bombtime"],"picked":"wariomod:OctoJump","floor":25},{"not_picked":["wariomod:Boomsmack+1","wariomod:EndlessBlast+1","wariomod:Bomblaster"],"picked":"SKIP","floor":28},{"not_picked":["wariomod:SilenceBombs","wariomod:SimpleShield"],"picked":"wariomod:SpaceSwap","floor":31},{"not_picked":["wariomod:SpacialMastery","wariomod:Sidestep"],"picked":"wariomod:FabulousPrizes","floor":33},{"not_picked":["wariomod:SilenceBombs+1","wariomod:TreasureDig"],"picked":"wariomod:Immortalize+1","floor":35}],"player_experience":90320,"relics_obtained":[{"floor":13,"key":"Regal Pillow"},{"floor":23,"key":"Molten Egg 2"},{"floor":25,"key":"Strawberry"},{"floor":26,"key":"Pen Nib"}],"event_choices":[{"cards_removed":["wariomod:Step"],"damage_healed":0,"gold_gain":0,"player_choice":"Card Removal","damage_taken":0,"max_hp_gain":0,"max_hp_loss":0,"event_name":"Wheel of Change","floor":2,"gold_loss":0},{"damage_healed":0,"gold_gain":58,"player_choice":"Gained Gold","damage_taken":0,"max_hp_gain":0,"max_hp_loss":0,"event_name":"Golden Wing","floor":10,"gold_loss":0},{"damage_healed":0,"gold_gain":0,"player_choice":"Ignored","damage_taken":0,"max_hp_gain":0,"max_hp_loss":0,"event_name":"Transmorgrifier","floor":14,"gold_loss":0},{"damage_healed":0,"gold_gain":0,"player_choice":"2","damage_taken":0,"max_hp_gain":0,"max_hp_loss":0,"event_name":"betterMatch:BetterMatch","floor":20,"gold_loss":0,"cards_obtained":["betterMatch:CommonCard","betterMatch:CommonCard"]},{"damage_healed":0,"gold_gain":0,"player_choice":"Got Potions","damage_taken":0,"max_hp_gain":0,"max_hp_loss":0,"event_name":"Lab","floor":21,"gold_loss":0},{"damage_healed":0,"gold_gain":0,"player_choice":"Damaged","damage_taken":8,"max_hp_gain":0,"max_hp_loss":0,"event_name":"Wheel of Change","floor":22,"gold_loss":0},{"damage_healed":0,"gold_gain":0,"player_choice":"Ignored","damage_taken":0,"max_hp_gain":0,"max_hp_loss":0,"event_name":"N\u0027loth","floor":29,"gold_loss":0},{"damage_healed":0,"gold_gain":0,"player_choice":"Fight","damage_taken":0,"max_hp_gain":0,"max_hp_loss":0,"event_name":"Mysterious Sphere","floor":36,"gold_loss":0}],"is_beta":false,"boss_relics":[{"not_picked":["Hololive_TopUpMoneyS","Hololive_ChaosS"],"picked":"Empty Cage"},{"not_picked":["Sozu","Velvet Choker"],"picked":"wariomod:SuperHat"}],"items_purged_floors":[],"is_endless":false,"potions_floor_spawned":[3,7,8,18,25,28,33],"killed_by":"2 Orb Walkers","ascension_level":0}}