{"host":"7iv10lxbxedtd0qh","time":1612029746,"event":{"mods":["BaseMod","Colored Map","Colored Powertips","Downfall","Minty Spire (QoL Compilation)","StSLib"],"gold_per_floor":[99,118,118,218,231,256,268,315,327,339,351,363,387,414,443,455,455,455],"floor_reached":16,"language":"ENG","playtime":855,"items_purged":[],"score":141,"play_id":"a312e4ef-f09f-4a2a-a1ca-7b46c137b822","local_time":"20210130190226","is_ascension_mode":true,"campfire_choices":[{"data":"Guardian:CurlUp","floor":1,"key":"SMITH"},{"data":"Guardian:Defend_Guardian","floor":12,"key":"PURGE"}],"circlet_count":0,"master_deck":["Guardian:Strike_Guardian","Guardian:Strike_Guardian","Guardian:Strike_Guardian","Guardian:Defend_Guardian","Guardian:Defend_Guardian","Guardian:Defend_Guardian","Guardian:CurlUp+1","Guardian:TwinSlam","Guardian:ShieldCharger","Guardian:TemporalShield","Guardian:Gem_White","Guardian:ShieldCharger","Guardian:PolyBeam","Guardian:TemporalStrike","Guardian:ChargeCore","Guardian:RollAttack"],"relics":["Guardian:ModeShifter","MawBank","Peace Pipe","Ancient Tea Set","Pear"],"acts_visited":["Exordium"],"potions_floor_usage":[6,13,16,16],"damage_taken":[{"damage":7,"enemies":"2 Louse","floor":2,"turns":3},{"damage":3,"enemies":"Jaw Worm","floor":5,"turns":7},{"damage":23,"enemies":"3 Sentries","floor":6,"turns":16},{"damage":38,"enemies":"Gremlin Nob","floor":8,"turns":7},{"damage":0,"enemies":"Cultist","floor":11,"turns":1},{"damage":2,"enemies":"Exordium Thugs","floor":13,"turns":8},{"damage":7,"enemies":"3 Louse","floor":14,"turns":5},{"damage":6,"enemies":"Blue Slaver","floor":15,"turns":4},{"damage":10,"enemies":"IC_STATUS_ARCHETYPE","floor":16,"turns":2}],"seed_played":"1472699893631536988","potions_obtained":[{"floor":5,"key":"Fire Potion"},{"floor":8,"key":"ColorlessPotion"},{"floor":14,"key":"champ:CounterPotion"},{"floor":15,"key":"FearPotion"}],"is_trial":false,"path_per_floor":["R","M","?","?","M","E","T","E","?","?","M","R","M","M","M","B"],"character_chosen":"GUARDIAN","items_purchased":[],"campfire_rested":0,"item_purchase_floors":[],"current_hp_per_floor":[80,73,78,78,75,52,52,14,17,17,17,17,15,8,2,0,0,0],"gold":455,"neow_bonus":"REMOVE_CARD","is_daily":false,"chose_seed":false,"campfire_upgraded":1,"win_rate":0.0,"timestamp":1612029746,"path_taken":["R","M","?","?","M","E","T","E","?","?","?","R","M","M","M","BOSS"],"items_purchased_type":[],"build_version":"2020-12-22","purchased_purges":0,"victory":false,"max_hp_per_floor":[80,80,85,85,85,85,85,85,95,95,95,95,95,95,95,95,95,95],"card_choices":[{"not_picked":["Guardian:Recover","Guardian:Reroute"],"picked":"Guardian:ShieldCharger","floor":2},{"not_picked":["Guardian:Repulse","Guardian:TimeCapacitor"],"picked":"Guardian:TemporalShield","floor":5},{"not_picked":["Guardian:BronzeArmor","Guardian:DonusPower"],"picked":"Guardian:Gem_White","floor":6},{"not_picked":["Guardian:RefractedBeam","Guardian:PiercingHide"],"picked":"Guardian:ShieldCharger","floor":8},{"not_picked":["Guardian:Suspension","Guardian:ChargeCore"],"picked":"Guardian:PolyBeam","floor":11},{"not_picked":["Guardian:Suspension","Guardian:TemporalShield"],"picked":"Guardian:TemporalStrike","floor":13},{"not_picked":["Guardian:Clone","Guardian:Reroute"],"picked":"Guardian:ChargeCore","floor":14},{"not_picked":["Guardian:DonusPower","Guardian:Gem_Red"],"picked":"Guardian:RollAttack","floor":15}],"player_experience":748457,"relics_obtained":[{"floor":6,"key":"MawBank"},{"floor":7,"key":"Peace Pipe"},{"floor":8,"key":"Ancient Tea Set"}],"event_choices":[{"damage_healed":0,"gold_gain":0,"player_choice":"Donut","damage_taken":0,"max_hp_gain":5,"max_hp_loss":0,"event_name":"Big Fish","floor":3,"gold_loss":0},{"damage_healed":0,"gold_gain":0,"player_choice":"Success","damage_taken":7,"relics_obtained":["Pear"],"max_hp_gain":0,"max_hp_loss":0,"event_name":"Scrap Ooze","floor":9,"gold_loss":0}],"is_beta":false,"boss_relics":[],"items_purged_floors":[],"is_endless":false,"potions_floor_spawned":[5,8,14,15],"killed_by":"IC_STATUS_ARCHETYPE","ascension_level":1}}