{"host":"lfvf97io7xuhaz8c","time":1612016675,"event":{"mods":["2.2 Compatiblity","BaseMod","Bestiary","Colored Map","Colored Powertips","Curses Come First","Highlight Path","Minty Spire (QoL Compilation)","Relic Stats","StSLib","SuperFastMode"],"gold_per_floor":[166,177,191,191,203,203,237,85,85,112,124,173,25,41,41,140,140,152,152,67,93,103,103,103],"floor_reached":23,"language":"FRA","playtime":1705,"items_purged":["Strike_R","Strike_R"],"score":271,"play_id":"749873e6-0553-435a-add3-80236581a38f","local_time":"20210130152435","is_ascension_mode":true,"campfire_choices":[{"data":"Armaments","floor":6,"key":"SMITH"},{"data":"Body Slam","floor":15,"key":"SMITH"}],"circlet_count":0,"master_deck":["Strike_R","Strike_R","Strike_R","Defend_R","Defend_R","Defend_R+1","Defend_R","Bash","Cleave","Anger","Armaments+1","Shrug It Off","Iron Wave","Evolve","Headbutt","Pommel Strike","Body Slam+1","Double Tap","Sword Boomerang+1","RitualDagger"],"relics":["Tiny House","Dream Catcher","Oddly Smooth Stone","Mummified Hand","Happy Flower","Busted Crown","HornCleat","Bronze Scales"],"acts_visited":["TheCity"],"potions_floor_usage":[1,7,14,14,14,22,23],"damage_taken":[{"damage":0,"enemies":"2 Louse","floor":1,"turns":2},{"damage":1,"enemies":"Cultist","floor":2,"turns":3},{"damage":0,"enemies":"Small Slimes","floor":3,"turns":3},{"damage":3,"enemies":"Blue Slaver","floor":5,"turns":3},{"damage":21,"enemies":"3 Sentries","floor":7,"turns":8},{"damage":21,"enemies":"Lagavulin","floor":10,"turns":9},{"damage":3,"enemies":"Exordium Thugs","floor":11,"turns":6},{"damage":0,"enemies":"Looter","floor":14,"turns":2},{"damage":11,"enemies":"The Guardian","floor":16,"turns":13},{"damage":0,"enemies":"Chosen","floor":18,"turns":4},{"damage":3,"enemies":"Shell Parasite","floor":22,"turns":2},{"damage":73,"enemies":"Gremlin Leader","floor":23,"turns":7}],"seed_played":"-2678333435880378944","potions_obtained":[{"floor":0,"key":"AttackPotion"},{"floor":5,"key":"LiquidMemories"},{"floor":10,"key":"SteroidPotion"},{"floor":11,"key":"HeartOfIron"},{"floor":16,"key":"SpeedPotion"},{"floor":22,"key":"DuplicationPotion"}],"is_trial":false,"path_per_floor":["M","M","M","?","M","R","E","$","T","E","M","T","$","M","R","B",null,"M","?","?","T","M","E"],"character_chosen":"IRONCLAD","items_purchased":["Evolve","BloodPotion"],"campfire_rested":0,"item_purchase_floors":[8,13],"current_hp_per_floor":[77,76,76,85,82,82,61,61,61,40,37,37,37,54,54,43,75,75,69,69,69,66,0,0],"gold":103,"neow_bonus":"BOSS_RELIC","is_daily":false,"chose_seed":false,"campfire_upgraded":2,"win_rate":0.0,"timestamp":1612016675,"path_taken":["M","M","M","?","M","R","E","$","T","E","?","?","$","M","R","BOSS","M","?","?","?","M","E"],"items_purchased_type":["Card","Potion"],"build_version":"2020-12-22","purchased_purges":2,"victory":false,"max_hp_per_floor":[85,85,85,85,85,85,85,85,85,85,85,85,85,85,85,85,85,85,85,85,85,85,85,85],"relic_stats":{"Dream Catcher":0,"Busted Crown":4,"Happy Flower":[9],"counters":[12,62],"Mummified Hand":[4],"Bronze Scales":[31],"obtain_stats":[{"Dream Catcher":7,"Tiny House":0,"Busted Crown":17,"HornCleat":20,"Happy Flower":12,"Mummified Hand":10,"Bronze Scales":21,"Oddly Smooth Stone":9,"Burning Blood":0},{"Dream Catcher":5,"Tiny House":0,"Busted Crown":9,"HornCleat":10,"Happy Flower":7,"Mummified Hand":6,"Bronze Scales":10,"Oddly Smooth Stone":5,"Burning Blood":0},{"Dream Catcher":19,"Tiny House":0,"Busted Crown":49,"HornCleat":53,"Happy Flower":34,"Mummified Hand":28,"Bronze Scales":53,"Oddly Smooth Stone":19,"Burning Blood":0}]},"card_choices":[{"not_picked":["Shrug It Off","Wild Strike"],"picked":"Cleave","floor":0},{"not_picked":["Pommel Strike","Heavy Blade"],"picked":"Anger","floor":1},{"not_picked":["Clash","Wild Strike"],"picked":"Armaments","floor":2},{"not_picked":["Bludgeon","Armaments"],"picked":"Shrug It Off","floor":3},{"not_picked":["Wild Strike","Feel No Pain","Clash"],"picked":"SKIP","floor":5},{"not_picked":["Wild Strike","True Grit"],"picked":"Iron Wave","floor":7},{"not_picked":["Perfected Strike","Fiend Fire"],"picked":"Headbutt","floor":10},{"not_picked":["Sentinel","Sword Boomerang"],"picked":"Pommel Strike","floor":11},{"not_picked":["Twin Strike","Warcry"],"picked":"Body Slam","floor":14},{"not_picked":["Fiend Fire","Exhume"],"picked":"Double Tap","floor":16},{"not_picked":[],"picked":"Sword Boomerang+1","floor":18},{"not_picked":["Wild Strike+1"],"picked":"SKIP","floor":22}],"player_experience":1474403,"relics_obtained":[{"floor":7,"key":"Dream Catcher"},{"floor":9,"key":"Oddly Smooth Stone"},{"floor":10,"key":"Mummified Hand"},{"floor":12,"key":"Happy Flower"},{"floor":21,"key":"Bronze Scales"}],"event_choices":[{"damage_healed":9,"gold_gain":0,"player_choice":"Full Heal","damage_taken":0,"max_hp_gain":0,"max_hp_loss":0,"event_name":"Wheel of Change","floor":4,"gold_loss":0},{"damage_healed":0,"gold_gain":0,"player_choice":"Joined the Cult","damage_taken":6,"max_hp_gain":0,"max_hp_loss":0,"event_name":"Nest","floor":19,"gold_loss":0,"cards_obtained":["RitualDagger"]},{"damage_healed":0,"gold_gain":0,"player_choice":"Obtained Relic","damage_taken":0,"relics_obtained":["HornCleat"],"max_hp_gain":0,"max_hp_loss":0,"event_name":"Addict","floor":20,"gold_loss":85}],"is_beta":false,"boss_relics":[{"not_picked":["Runic Cube","Empty Cage"],"picked":"Busted Crown"}],"items_purged_floors":[8,13],"is_endless":false,"potions_floor_spawned":[5,10,11,16,22],"killed_by":"Gremlin Leader","ascension_level":7}}