{"host":"kh1j1cf337zr4nij","time":1612016823,"event":{"mods":["2.2 Compatiblity","AchievementEnabler","Act Like it!","Aspiration","BaseMod","Bestiary","CCEM2","Colored Map","Colored Powertips","Conspire","Downfall","Energized Spire","Fireblade Mod","Friendly Minions","GifTheSpireLib","Glutton Mod","Halation","Hermit","Highlight Path","Hubris","Jedi Mod","Mad Scientist","Marisa????????","Minty Spire (QoL Compilation)","Quick Restart","Random Character Button","Relic Stats","Reliquary","Shade Mod","Slumbering Mod","Spikes Relics","StSLib","Stuff the Spire","SuperFastMode","Synergy Search","The Construct","The Cursed","The Disciple","The Forsaken","The Hierophant","The Marked","The Mystic","The Runesmith","The Servant 0.9.4","The Spell Scribe","The Valiant","TheFirefly","Trackpad"],"gold_per_floor":[99,119,134,152,152,185,185,185,205,205,239,239,139,174,190,294,294,294,308,320,334,348,348,371,271,291,304,214,233,233,265,277,379,379,279,297,182,182,196,196,221,237,237,247,87,87,113,130,142,142,142,142,142],"floor_reached":52,"language":"ENG","playtime":3006,"items_purged":["FireBladeMod:FlamingSword+1","FireBladeMod:SteadyEndurance"],"score":753,"play_id":"c6e29bf0-e725-4905-9f76-a8cef376a314","local_time":"20210130092703","is_ascension_mode":false,"campfire_choices":[{"data":"FireBladeMod:FlamingSword","floor":1,"key":"SMITH"},{"data":"FireBladeMod:Speed","floor":8,"key":"SMITH"},{"floor":10,"key":"RECALL"},{"data":"FireBladeMod:Turtle","floor":13,"key":"SMITH"},{"data":"FireBladeMod:WellPrepared","floor":18,"key":"SMITH"},{"data":"FireBladeMod:HealthyEndurance","floor":23,"key":"SMITH"},{"data":"FireBladeMod:ThirstForBlood","floor":25,"key":"SMITH"},{"floor":30,"key":"REST"},{"data":"FireBladeMod:WellPrepared","floor":35,"key":"SMITH"},{"data":"FireBladeMod:AfterBurn","floor":43,"key":"SMITH"},{"data":"FireBladeMod:DeathBlade","floor":46,"key":"SMITH"}],"circlet_count":0,"master_deck":["FireBladeMod:DefendFireBlade","FireBladeMod:DefendFireBlade","FireBladeMod:DefendFireBlade","FireBladeMod:DefendFireBlade","FireBladeMod:FireBarrier","FireBladeMod:Speed+1","FireBladeMod:RapidDodges","FireBladeMod:AbsorbEnergy","FireBladeMod:Turtle+1","FireBladeMod:StingingSlash+1","FireBladeMod:WellPrepared+1","FireBladeMod:HealthyEndurance+1","FireBladeMod:AfterBurn+1","FireBladeMod:Swipe","FireBladeMod:Swipe","FireBladeMod:Swipe","FireBladeMod:Swipe","FireBladeMod:Swipe","FireBladeMod:ComboCleave+1","FireBladeMod:ThirstForBlood+1","FireBladeMod:ScorchingStrike","FireBladeMod:GetPumped+1","FireBladeMod:WellPrepared+1","FireBladeMod:Shove+1","FireBladeMod:DoubleDash","FireBladeMod:DeathBlade+1","FireBladeMod:Feint","FireBladeMod:BackhandSwing","FireBladeMod:FlamingSword","FireBladeMod:SmokeInTheEyes"],"relics":["FireBladeMod:DuelistLocket","reliquary:HotPoker","Oddly Smooth Stone","Sundial","Regal Pillow","downfall:HeartBlessingRed","conspire:TopHat","FireBladeMod:TigerClaw","downfall:HeartBlessingBlue","CCEMRelics:Pendulum","CosmicIsotope","downfall:HeartBlessingGreen","aspiration:Lifesprig","Bag of Preparation","aspiration:ChemicalBlood"],"acts_visited":["Exordium","TheCity","TheBeyond","TheEnding"],"potions_floor_usage":[16,20,26,33,50,52],"damage_taken":[{"damage":6,"enemies":"2 Louse","floor":2,"turns":3},{"damage":6,"enemies":"Jaw Worm","floor":3,"turns":3},{"damage":0,"enemies":"Cultist","floor":4,"turns":3},{"damage":9,"enemies":"3 Sentries","floor":6,"turns":11},{"damage":19,"enemies":"Lots of Slimes","floor":9,"turns":7},{"damage":1,"enemies":"theSlumbering:Adrasteia","floor":11,"turns":9},{"damage":0,"enemies":"Lagavulin","floor":14,"turns":7},{"damage":4,"enemies":"Red Slaver","floor":15,"turns":5},{"damage":6,"enemies":"WA_ARCHETYPE_RETAIN","floor":16,"turns":15},{"damage":13,"enemies":"conspire:FuzzyDice","floor":19,"turns":4},{"damage":0,"enemies":"Chosen","floor":20,"turns":4},{"damage":7,"enemies":"Centurion and Healer","floor":21,"turns":6},{"damage":20,"enemies":"Snecko","floor":22,"turns":6},{"damage":11,"enemies":"Snake Plant","floor":26,"turns":5},{"damage":7,"enemies":"conspire:HollyBat","floor":27,"turns":8},{"damage":10,"enemies":"downfall:FleeingMerchant","floor":28,"turns":4},{"damage":15,"enemies":"Sentry and Sphere","floor":29,"turns":5},{"damage":19,"enemies":"Slavers","floor":31,"turns":4},{"damage":12,"enemies":"Shelled Parasite and Fungi","floor":32,"turns":5},{"damage":17,"enemies":"IC_MUSHROOM_ARCHETYPE","floor":33,"turns":7},{"damage":2,"enemies":"Orb Walker","floor":36,"turns":4},{"damage":0,"enemies":"downfall:FleeingMerchant","floor":37,"turns":4},{"damage":13,"enemies":"3 Shapes","floor":39,"turns":6},{"damage":5,"enemies":"Maw","floor":42,"turns":6},{"damage":42,"enemies":"Sphere and 2 Shapes","floor":44,"turns":4},{"damage":0,"enemies":"downfall:FleeingMerchant","floor":45,"turns":4},{"damage":3,"enemies":"Giant Head","floor":47,"turns":5},{"damage":2,"enemies":"3 Darklings","floor":48,"turns":4},{"damage":3,"enemies":"Maw","floor":49,"turns":6},{"damage":23,"enemies":"DF_ARCHETYPE_ORBS","floor":50,"turns":5},{"damage":91,"enemies":"downfall:CharBossMerchant","floor":52,"turns":6}],"seed_played":"1942557432938600038","potions_obtained":[{"floor":2,"key":"SteroidPotion"},{"floor":6,"key":"ColorlessPotion"},{"floor":9,"key":"sneckomod:MuddlingPotion"},{"floor":14,"key":"ColorlessPotion"},{"floor":20,"key":"Dexterity Potion"},{"floor":21,"key":"AttackPotion"},{"floor":32,"key":"jedi:tentaclejuice"},{"floor":33,"key":"Swift Potion"},{"floor":40,"key":"GamblersBrew"},{"floor":50,"key":"Ancient Potion"},{"floor":52,"key":"SteroidPotion"}],"is_trial":false,"path_per_floor":["R","M","M","M","?","E","T","R","M","R","E","?","R","E","M","B",null,"R","M","M","M","M","R","T","R","M","M","$","M","R","E","M","B",null,"R","M","$","?","M","?","T","M","R","M","$","R","E","M","M","B",null,"E"],"character_chosen":"THE_FIREBLADE","items_purchased":["Bag of Preparation"],"campfire_rested":1,"item_purchase_floors":[45],"current_hp_per_floor":[77,71,65,65,65,56,56,56,37,37,36,36,36,36,32,32,77,77,64,70,69,55,55,55,65,62,63,61,46,87,76,72,63,87,87,87,87,87,80,80,80,82,82,40,48,48,53,59,64,49,87,0,0],"gold":142,"neow_bonus":"TEN_PERCENT_HP_BONUS","is_daily":false,"chose_seed":false,"campfire_upgraded":9,"win_rate":0.0,"timestamp":1612016823,"path_taken":["R","M","M","M","?","E","T","R","?","R","E","?","R","E","M","BOSS","R","M","?","M","M","R","T","R","?","M","$","M","R","E","M","BOSS","R","M","$","?","?","?","T","M","R","?","$","R","E","M","M","BOSS","E"],"items_purchased_type":["Relic"],"build_version":"2020-12-22","purchased_purges":2,"victory":false,"max_hp_per_floor":[77,77,77,77,77,77,77,77,77,77,77,77,77,77,77,77,77,77,77,77,77,77,77,77,87,87,87,87,87,87,87,87,87,87,87,87,87,87,87,87,87,87,87,87,87,87,87,87,87,87,87,87,87],"relic_stats":{"Regal Pillow":15,"counters":[31,175],"Sundial":[24],"Bag of Preparation":[10],"obtain_stats":[{"Regal Pillow":11,"aspiration:Lifesprig":41,"downfall:HeartBlessingRed":13,"FireBladeMod:DuelistLocket":0,"Oddly Smooth Stone":6,"CCEMRelics:Pendulum":31,"downfall:HeartBlessingGreen":35,"Bag of Preparation":45,"conspire:TopHat":14,"reliquary:HotPoker":5,"Sundial":7,"downfall:HeartBlessingBlue":25,"FireBladeMod:TigerClaw":17,"CosmicIsotope":34,"aspiration:ChemicalBlood":47},{"Regal Pillow":6,"aspiration:Lifesprig":23,"downfall:HeartBlessingRed":6,"FireBladeMod:DuelistLocket":0,"Oddly Smooth Stone":4,"CCEMRelics:Pendulum":18,"downfall:HeartBlessingGreen":20,"Bag of Preparation":26,"conspire:TopHat":7,"reliquary:HotPoker":3,"Sundial":4,"downfall:HeartBlessingBlue":13,"FireBladeMod:TigerClaw":9,"CosmicIsotope":20,"aspiration:ChemicalBlood":27},{"Regal Pillow":36,"aspiration:Lifesprig":135,"downfall:HeartBlessingRed":36,"FireBladeMod:DuelistLocket":0,"Oddly Smooth Stone":20,"CCEMRelics:Pendulum":109,"downfall:HeartBlessingGreen":121,"Bag of Preparation":149,"conspire:TopHat":43,"reliquary:HotPoker":9,"Sundial":20,"downfall:HeartBlessingBlue":83,"FireBladeMod:TigerClaw":63,"CosmicIsotope":121,"aspiration:ChemicalBlood":154}]},"card_choices":[{"not_picked":["FireBladeMod:SoulStrike","FireBladeMod:Turtle"],"picked":"FireBladeMod:Speed","floor":2},{"not_picked":["FireBladeMod:ScorchingStrike","FireBladeMod:ArmSmash"],"picked":"FireBladeMod:RapidDodges","floor":3},{"not_picked":["FireBladeMod:Flames","FireBladeMod:SpiritEndurance"],"picked":"FireBladeMod:SteadyEndurance","floor":4},{"not_picked":["FireBladeMod:SpiritEndurance","FireBladeMod:ComboSlashes"],"picked":"FireBladeMod:AbsorbEnergy","floor":6},{"not_picked":["FireBladeMod:ComboSlashes","FireBladeMod:SoulStrike"],"picked":"FireBladeMod:Turtle","floor":9},{"not_picked":["FireBladeMod:BodyAsFuel","FireBladeMod:ComboSlashes"],"picked":"FireBladeMod:StingingSlash","floor":11},{"not_picked":["FireBladeMod:Shove","FireBladeMod:SmokySwing"],"picked":"FireBladeMod:WellPrepared","floor":14},{"not_picked":["FireBladeMod:BasicSmash","FireBladeMod:IronEndurance"],"picked":"FireBladeMod:HealthyEndurance","floor":15},{"not_picked":["FireBladeMod:DebilitatingBlow","FireBladeMod:LayeredDefense"],"picked":"FireBladeMod:AfterBurn","floor":16},{"not_picked":["FireBladeMod:FlashBang","FireBladeMod:HealthyEndurance"],"picked":"FireBladeMod:ComboCleave+1","floor":19},{"not_picked":["FireBladeMod:IronEndurance","FireBladeMod:Reposition+1"],"picked":"FireBladeMod:ThirstForBlood","floor":20},{"not_picked":["FireBladeMod:ScorchingStrike","FireBladeMod:SpinningSmash","FireBladeMod:Robust"],"picked":"SKIP","floor":21},{"not_picked":["FireBladeMod:SpinningSmash","FireBladeMod:Robust"],"picked":"FireBladeMod:ScorchingStrike","floor":21},{"not_picked":["FireBladeMod:TorsoSmash","FireBladeMod:ComboSlashes"],"picked":"FireBladeMod:GetPumped+1","floor":22},{"not_picked":["FireBladeMod:IronEndurance","FireBladeMod:ComboSlashes"],"picked":"FireBladeMod:WellPrepared","floor":26},{"not_picked":["FireBladeMod:SmashingEndurance","FireBladeMod:Arson"],"picked":"FireBladeMod:Shove+1","floor":27},{"not_picked":["FireBladeMod:LearnTells","FireBladeMod:Turtle"],"picked":"FireBladeMod:DoubleDash","floor":28},{"not_picked":["FireBladeMod:Unbalance+1","FireBladeMod:AdrenalineBoost","FireBladeMod:SteadyEndurance"],"picked":"SKIP","floor":29},{"not_picked":["FireBladeMod:IronEndurance","FireBladeMod:FerventSlash","FireBladeMod:OverCharge"],"picked":"SKIP","floor":31},{"not_picked":["FireBladeMod:ScorchingStrike","FireBladeMod:QuickJabs","FireBladeMod:Flames"],"picked":"SKIP","floor":32},{"not_picked":["FireBladeMod:RapidHits","FireBladeMod:Improvise"],"picked":"FireBladeMod:DeathBlade","floor":33},{"not_picked":["FireBladeMod:StunningBlow+1","FireBladeMod:ComboCleave+1"],"picked":"FireBladeMod:Feint","floor":36},{"not_picked":["FireBladeMod:Refreshment","FireBladeMod:AbsorbEnergy"],"picked":"FireBladeMod:BackhandSwing","floor":37},{"not_picked":["FireBladeMod:Refreshment","FireBladeMod:ScorchingStrike+1","FireBladeMod:SoulStrike+1"],"picked":"SKIP","floor":39},{"not_picked":["FireBladeMod:BasicSmash+1","FireBladeMod:Shove+1","FireBladeMod:SteadyEndurance+1"],"picked":"SKIP","floor":42},{"not_picked":["FireBladeMod:WellPrepared","FireBladeMod:StingingSlash+1","FireBladeMod:QuickJabs+1"],"picked":"SKIP","floor":44},{"not_picked":["FireBladeMod:HealthyEndurance+1","FireBladeMod:FinishingBarrage","FireBladeMod:SpinningSmash+1"],"picked":"SKIP","floor":45},{"not_picked":["FireBladeMod:Arson","FireBladeMod:FinishingBarrage+1"],"picked":"FireBladeMod:SmokeInTheEyes","floor":47},{"not_picked":["FireBladeMod:SmokySwing","FireBladeMod:SpinningSmash","FireBladeMod:ComboCleave+1"],"picked":"SKIP","floor":48},{"not_picked":["FireBladeMod:IronEndurance+1","FireBladeMod:EruptionSlash","FireBladeMod:SpinningSmash"],"picked":"SKIP","floor":49}],"player_experience":31141,"relics_obtained":[{"floor":5,"key":"reliquary:HotPoker"},{"floor":6,"key":"Oddly Smooth Stone"},{"floor":7,"key":"Sundial"},{"floor":11,"key":"Regal Pillow"},{"floor":14,"key":"conspire:TopHat"},{"floor":31,"key":"CCEMRelics:Pendulum"},{"floor":41,"key":"aspiration:Lifesprig"},{"floor":47,"key":"aspiration:ChemicalBlood"}],"event_choices":[{"damage_healed":0,"gold_gain":0,"player_choice":"Relic","damage_taken":0,"max_hp_gain":0,"max_hp_loss":0,"event_name":"Wheel of Change","floor":5,"gold_loss":0},{"damage_healed":0,"gold_gain":0,"player_choice":"Forge","damage_taken":0,"max_hp_gain":0,"max_hp_loss":0,"event_name":"Accursed Blacksmith","floor":12,"gold_loss":0,"cards_upgraded":["FireBladeMod:StingingSlash"]},{"damage_healed":0,"gold_gain":0,"player_choice":"Got Potions","damage_taken":0,"max_hp_gain":0,"max_hp_loss":0,"event_name":"Lab","floor":40,"gold_loss":0}],"is_beta":false,"boss_relics":[{"not_picked":["halation:MonkeysPaw","aspiration:ScribeSkillbook"],"picked":"FireBladeMod:TigerClaw"},{"not_picked":["conspire:SlowCooker","CCEMRelics:DefectiveTurbocharger"],"picked":"CosmicIsotope"}],"items_purged_floors":[28,37],"is_endless":false,"potions_floor_spawned":[2,6,9,14,20,21,22,32,33,39,44,48,49],"killed_by":"downfall:CharBossMerchant","ascension_level":0}}