{"host":"grblgsn3zizbz04e","time":1612036160,"event":{"mods":["BaseMod","BetterRewards","Colored Map","Colored Powertips","Googly Eyes","Minty Spire (QoL Compilation)","Rare Cards Sparkle","Reliquary","Shop Mod","StSLib"],"gold_per_floor":[111,111,121,133,133,167,167,177,246,281,297,19,19,31,31,129,129,143,154,154,154,172,204,204,25,71,170,183,183,197,197,197],"floor_reached":31,"language":"ENG","playtime":1387,"items_purged":["Strike_G"],"score":392,"play_id":"d7765828-e0c0-4d99-b386-f17cb4a9c2aa","local_time":"20210130194920","is_ascension_mode":false,"campfire_choices":[{"data":"Bouncing Flask","floor":7.0,"key":"SMITH"},{"floor":13.0,"key":"REST"},{"data":"Noxious Fumes","floor":15.0,"key":"SMITH"},{"floor":24,"key":"REST"},{"data":"Bouncing Flask","floor":29,"key":"SMITH"}],"circlet_count":0,"master_deck":["Strike_G","Strike_G","Strike_G","Defend_G","Defend_G","Defend_G","Defend_G","Survivor","PiercingWail","Dagger Spray","Quick Slash","Deadly Poison","Bouncing Flask+1","Bouncing Flask+1","Riddle With Holes","Noxious Fumes+1","Dash","Burst","Well Laid Plans+1","Poisoned Stab+1","Crippling Poison"],"relics":["Ring of the Snake","The Specimen","Paper Crane","Tiny Chest","PreservedInsect","reliquary:BoilingFlask","Ice Cream","Pear","Black Star","Gambling Chip","reliquary:RoseTintedGlasses","Frozen Egg 2","StrikeDummy"],"acts_visited":["Exordium","TheCity"],"potions_floor_usage":[23,31,31],"damage_taken":[{"damage":0.0,"enemies":"2 Louse","floor":1.0,"turns":3.0},{"damage":1.0,"enemies":"Cultist","floor":3.0,"turns":4.0},{"damage":0.0,"enemies":"Jaw Worm","floor":4.0,"turns":3.0},{"damage":28.0,"enemies":"Gremlin Nob","floor":6.0,"turns":5.0},{"damage":7.0,"enemies":"Blue Slaver","floor":8.0,"turns":4.0},{"damage":19.0,"enemies":"3 Sentries","floor":10.0,"turns":5.0},{"damage":7.0,"enemies":"Lots of Slimes","floor":11.0,"turns":5.0},{"damage":0.0,"enemies":"3 Louse","floor":14.0,"turns":4.0},{"damage":35.0,"enemies":"Slime Boss","floor":16.0,"turns":8.0},{"damage":17.0,"enemies":"Chosen","floor":18.0,"turns":5.0},{"damage":28.0,"enemies":"2 Thieves","floor":19.0,"turns":3.0},{"damage":10.0,"enemies":"Centurion and Healer","floor":22.0,"turns":6.0},{"damage":12,"enemies":"Book of Stabbing","floor":23,"turns":4},{"damage":15,"enemies":"Snecko","floor":28,"turns":4},{"damage":21,"enemies":"Snake Plant","floor":30,"turns":5},{"damage":18,"enemies":"Centurion and Healer","floor":31,"turns":3}],"seed_played":"4670276740548499685","potions_obtained":[{"floor":3.0,"key":"Fruit Juice"},{"floor":4.0,"key":"Dexterity Potion"},{"floor":11.0,"key":"LiquidMemories"},{"floor":18.0,"key":"BlessingOfTheForge"},{"floor":19.0,"key":"DuplicationPotion"},{"floor":22.0,"key":"LiquidBronze"}],"is_trial":false,"path_per_floor":["M","?","M","M","?","E","R","M","T","E","M","$","R","M","R","B",null,"M","M","T","?","M","E","R","$","T","?","M","R","M","M"],"character_chosen":"THE_SILENT","items_purchased":["Paper Crane","Noxious Fumes","Pear","Fruit Juice"],"campfire_rested":2,"item_purchase_floors":[0,12,12,25],"current_hp_per_floor":[70,63,62,62,62,34,34,27,27,8,6,16,41,41,41,6,85,68,40,40,40,30,18,43,43,43,43,29,29,9,0,0],"gold":197,"neow_bonus":"","is_daily":false,"chose_seed":false,"campfire_upgraded":3,"win_rate":0.0,"timestamp":1612036160,"path_taken":["M","?","M","M","?","E","R","?","T","E","M","$","R","?","R","BOSS","M","?","?","?","?","E","R","$","T","?","M","R","M","M"],"items_purchased_type":["Relic","Card","Relic","Potion"],"build_version":"2020-12-22","purchased_purges":1,"victory":false,"max_hp_per_floor":[70,70,70,70,70,70,70,70,70,70,75,85,85,85,85,85,85,85,85,85,85,85,85,85,85,85,85,86,86,87,93,93],"card_choices":[{"not_picked":["Cloak And Dagger","Flying Knee"],"picked":"Dagger Spray","floor":1.0},{"not_picked":["Slice","Blur"],"picked":"Quick Slash","floor":3.0},{"not_picked":["Endless Agony","Escape Plan"],"picked":"Deadly Poison","floor":4.0},{"not_picked":["Dodge and Roll","Venomology"],"picked":"Bouncing Flask","floor":6.0},{"not_picked":["Quick Slash","PiercingWail"],"picked":"Bouncing Flask","floor":8.0},{"not_picked":["PiercingWail","Tools of the Trade"],"picked":"Riddle With Holes","floor":10.0},{"not_picked":["Bouncing Flask","Acrobatics"],"picked":"Escape Plan","floor":11.0},{"not_picked":["PiercingWail","Deflect"],"picked":"Dash","floor":14.0},{"not_picked":["Unload","A Thousand Cuts"],"picked":"Burst","floor":16.0},{"not_picked":["Dash","Distraction+1"],"picked":"Well Laid Plans+1","floor":18.0},{"not_picked":["Concentrate","PiercingWail","Poisoned Stab"],"picked":"SKIP","floor":19.0},{"not_picked":["Dagger Spray","Sucker Punch"],"picked":"Poisoned Stab+1","floor":22.0},{"not_picked":["Dagger Throw","Expertise","Underhanded Strike"],"picked":"SKIP","floor":23},{"not_picked":["Dodge and Roll","Phantasmal Killer","Poisoned Stab+1"],"picked":"SKIP","floor":28},{"not_picked":["Dagger Throw","Deflect+1"],"picked":"Crippling Poison","floor":30}],"player_experience":818237,"relics_obtained":[{"floor":5.0,"key":"Tiny Chest"},{"floor":6.0,"key":"PreservedInsect"},{"floor":9.0,"key":"reliquary:BoilingFlask"},{"floor":10.0,"key":"Ice Cream"},{"floor":20.0,"key":"Gambling Chip"},{"floor":23,"key":"Frozen Egg 2"},{"floor":23,"key":"StrikeDummy"}],"event_choices":[{"cards_removed":["Strike_G"],"damage_healed":0.0,"max_hp_gain":0.0,"max_hp_loss":0.0,"gold_gain":0.0,"event_name":"Golden Wing","player_choice":"Card Removal","floor":2.0,"gold_loss":0.0,"damage_taken":7.0},{"damage_healed":0.0,"max_hp_gain":0.0,"max_hp_loss":0.0,"gold_gain":0.0,"event_name":"Wheel of Change","player_choice":"Relic","floor":5.0,"gold_loss":0.0,"damage_taken":0.0},{"cards_removed":["Escape Plan"],"damage_healed":0.0,"max_hp_gain":0.0,"max_hp_loss":0.0,"gold_gain":0.0,"event_name":"WeMeetAgain","player_choice":"Gave Card","floor":21.0,"gold_loss":0.0,"damage_taken":0.0,"relics_obtained":["reliquary:RoseTintedGlasses"]},{"damage_healed":0,"gold_gain":99,"player_choice":"Stole From Cult","damage_taken":0,"max_hp_gain":0,"max_hp_loss":0,"event_name":"Nest","floor":27,"gold_loss":0}],"is_beta":false,"boss_relics":[{"not_picked":["Pandora\u0027s Box","Velvet Choker"],"picked":"Black Star"}],"items_purged_floors":[25],"is_endless":false,"potions_floor_spawned":[3,4,11,18,19,22],"killed_by":"Centurion and Healer","ascension_level":0}}