{"host":"815dqs41i1y8uxms","time":1612029823,"event":{"mods":["A Penny For Your Troubles","Act Like it!","BaseMod","Dark Map","Elementarium","Fox Events","Minty Spire (QoL Compilation)","Rare Cards Sparkle","Shop Mod","Spire Arcade","StSLib","The Marked"],"gold_per_floor":[110,123,123,133,150,150,219,219,219,251,251,264,275,285,285,390,390,405,416,55,65,65,103,136,156,156,165,165,191,191,218,218,218,218],"floor_reached":33,"language":"ENG","playtime":2152,"items_purged":["Elementarium:StickyTar"],"score":298,"play_id":"bd8bed14-3bb8-40f1-aa3a-4c7c6087ad77","local_time":"20210130190343","is_ascension_mode":false,"campfire_choices":[{"data":"theMarked:SelfDefenseTraining","floor":6,"key":"SMITH"},{"data":"theMarked:WardOff","floor":8,"key":"SMITH"},{"floor":15,"key":"REST"},{"floor":28,"key":"REST"},{"floor":30,"key":"REST"},{"floor":32,"key":"REST"}],"circlet_count":0,"master_deck":["theMarked:Strike","theMarked:Strike","theMarked:Strike","theMarked:Strike","theMarked:Defend","theMarked:Defend","theMarked:Defend","theMarked:Defend","theMarked:SoldierOfQuellstein","theMarked:TwofoldDefense","theMarked:BanishingStrike","theMarked:WardOff+1","theMarked:Panic","theMarked:Static","theMarked:ChainLightning","theMarked:Memento","theMarked:Abjuration","theMarked:Maelstrom","theMarked:BanishingWave","theMarked:Heritage","theMarked:BanishingStrike+1","Elementarium:GildedStrike","theMarked:Vacuum","Elementarium:StickyTar","theMarked:WardOff","theMarked:HeightenedSenses+1","Decay","theMarked:Heritage","theMarked:Electrify"],"relics":["theMarked:ArtifactOfAir","NeowsBlessing","Darkstone Periapt","Matryoshka","Blood Vial","theMarked:Eyepatch","MerchantsRug","CeramicFish","The Courier","White Beast Statue"],"acts_visited":["Exordium","Elementarium:Elementarium"],"potions_floor_usage":[10,14,16,16,19,20,23,24,29,29,31,33],"damage_taken":[{"damage":0,"enemies":"Jaw Worm","floor":1,"turns":1},{"damage":0,"enemies":"2 Louse","floor":2,"turns":2},{"damage":0,"enemies":"Small Slimes","floor":4,"turns":2},{"damage":12,"enemies":"Exordium Thugs","floor":5,"turns":8},{"damage":18,"enemies":"Gremlin Nob","floor":10,"turns":6},{"damage":4,"enemies":"Lots of Slimes","floor":12,"turns":6},{"damage":0,"enemies":"2 Fungi Beasts","floor":13,"turns":3},{"damage":0,"enemies":"Red Slaver","floor":14,"turns":3},{"damage":35,"enemies":"Hexaghost","floor":16,"turns":12},{"damage":16,"enemies":"Elementarium:MUD_AND_TAR_GOLEMS","floor":18,"turns":7},{"damage":13,"enemies":"Elementarium:Cyclone","floor":19,"turns":4},{"damage":17,"enemies":"Elementarium:3_ELEMENTALS","floor":21,"turns":7},{"damage":22,"enemies":"Elementarium:WarGolem","floor":23,"turns":3},{"damage":18,"enemies":"Elementarium:VOID_CORRUPTION_AND_TAR_GOLEM","floor":24,"turns":5},{"damage":3,"enemies":"Elementarium:VoidBeast","floor":25,"turns":4},{"damage":48,"enemies":"Elementarium:Hydrostalker","floor":29,"turns":7},{"damage":20,"enemies":"Elementarium:RubyGolem","floor":31,"turns":4},{"damage":57,"enemies":"Elementarium:GolemEmperor","floor":33,"turns":9}],"seed_played":"4494057337467162086","potions_obtained":[{"floor":1,"key":"Weak Potion"},{"floor":5,"key":"Strength Potion"},{"floor":12,"key":"theMarked:ChargePotion"},{"floor":13,"key":"FearPotion"},{"floor":16,"key":"AttackPotion"},{"floor":18,"key":"AttackPotion"},{"floor":19,"key":"FearPotion"},{"floor":21,"key":"SpeedPotion"},{"floor":23,"key":"Swift Potion"},{"floor":29,"key":"AttackPotion"},{"floor":31,"key":"BlessingOfTheForge"}],"is_trial":false,"path_per_floor":["M","M","?","M","M","R","T","R","T","E","?","M","M","M","R","B",null,"M","M","$","M","?","E","M","M","T","?","R","M","R","M","R","B"],"character_chosen":"THE_DEFAULT","items_purchased":["MerchantsRug","theMarked:Heritage","Fruit Juice"],"campfire_rested":4,"item_purchase_floors":[20,20,20],"current_hp_per_floor":[70,70,75,75,63,63,63,63,63,45,38,36,38,40,62,29,75,65,54,59,44,44,24,14,13,13,19,48,2,31,13,42,0,0],"gold":218,"neow_bonus":"THREE_ENEMY_KILL","is_daily":false,"chose_seed":false,"campfire_upgraded":2,"win_rate":0.0,"timestamp":1612029823,"path_taken":["M","M","?","M","M","R","?","R","T","E","?","M","M","M","R","BOSS","M","M","$","M","?","E","M","M","T","?","R","?","R","M","R","BOSS"],"items_purchased_type":["Relic","Card","Potion"],"build_version":"2020-12-22","purchased_purges":1,"victory":false,"max_hp_per_floor":[70,70,75,75,75,75,75,75,75,75,75,75,75,75,75,75,75,81,81,86,86,86,86,92,92,92,98,98,98,98,98,98,98,98],"card_choices":[{"not_picked":["theMarked:PowerFlow","theMarked:WardOff"],"picked":"theMarked:TwofoldDefense","floor":1},{"not_picked":["theMarked:WastefulAttack","theMarked:BanishingWave"],"picked":"theMarked:BanishingStrike","floor":2},{"not_picked":["theMarked:AttractMetal","theMarked:FavorableWinds"],"picked":"theMarked:WardOff","floor":4},{"not_picked":["theMarked:ChannelForce","theMarked:TakeCover"],"picked":"theMarked:SelfDefenseTraining","floor":5},{"not_picked":["theMarked:ChannelForce","theMarked:Standoff"],"picked":"theMarked:Panic","floor":10},{"not_picked":["theMarked:RepellingDischarge","theMarked:EmpowerWeapon"],"picked":"theMarked:Static","floor":12},{"not_picked":["theMarked:RepellingDischarge","theMarked:StartUp"],"picked":"theMarked:ChainLightning","floor":13},{"not_picked":["theMarked:LightningStrikesTwice","theMarked:HeightenedSenses"],"picked":"theMarked:Memento","floor":14},{"not_picked":["theMarked:TakeOffHeels","theMarked:EternalStudent"],"picked":"theMarked:Abjuration","floor":16},{"not_picked":["theMarked:Improvise","theMarked:WardOff"],"picked":"theMarked:Maelstrom","floor":18},{"not_picked":["theMarked:WardOff","theMarked:ResourceFulStrike"],"picked":"theMarked:BanishingWave","floor":19},{"not_picked":["theMarked:Aftermath","theMarked:RepellingDischarge"],"picked":"theMarked:BanishingStrike+1","floor":21},{"not_picked":["theMarked:WardOff","theMarked:Aftermath"],"picked":"theMarked:Vacuum","floor":23},{"not_picked":["theMarked:MuscleMemory","theMarked:BanishingStrike"],"picked":"theMarked:WardOff","floor":24},{"not_picked":["theMarked:TakeCover+1","theMarked:Parry"],"picked":"theMarked:HeightenedSenses+1","floor":25},{"not_picked":["theMarked:Improvise+1","theMarked:TwofoldDefense+1"],"picked":"theMarked:Heritage","floor":29},{"not_picked":["theMarked:Parkour","theMarked:ShockingTouch"],"picked":"theMarked:Electrify","floor":31}],"player_experience":3708949,"relics_obtained":[{"floor":7,"key":"Darkstone Periapt"},{"floor":9,"key":"Matryoshka"},{"floor":10,"key":"Blood Vial"},{"floor":23,"key":"CeramicFish"},{"floor":26,"key":"The Courier"},{"floor":26,"key":"White Beast Statue"}],"event_choices":[{"damage_healed":0,"gold_gain":0,"player_choice":"Donut","damage_taken":0,"max_hp_gain":5,"max_hp_loss":0,"event_name":"Big Fish","floor":3,"gold_loss":0},{"cards_removed":["theMarked:Strike"],"damage_healed":0,"gold_gain":0,"player_choice":"Card Removal","damage_taken":7,"max_hp_gain":0,"max_hp_loss":0,"event_name":"Golden Wing","floor":11,"gold_loss":0},{"cards_removed":["theMarked:SelfDefenseTraining"],"damage_healed":0,"gold_gain":0,"player_choice":"Tear free","damage_taken":0,"max_hp_gain":0,"max_hp_loss":0,"event_name":"Elementarium:GoldenStatues","floor":22,"gold_loss":0,"cards_obtained":["Elementarium:GildedStrike"]},{"damage_healed":0,"gold_gain":0,"player_choice":"Desecrate","damage_taken":0,"max_hp_gain":0,"max_hp_loss":0,"event_name":"Elementarium:RadiantAltar","floor":27,"gold_loss":0,"cards_obtained":["Decay"]}],"is_beta":false,"boss_relics":[{"not_picked":["Busted Crown","Runic Dome"],"picked":"theMarked:Eyepatch"}],"items_purged_floors":[20],"is_endless":false,"potions_floor_spawned":[1,5,12,13,16,18,19,21,23,29,31],"killed_by":"Elementarium:GolemEmperor","ascension_level":0}}