{"host":"Nico","time":1612046376,"event":{"mods":["2.2 Compatiblity","AchievementEnabler","Aspiration","BaseMod","Better Altar","Better Note","Better Skull","Conspire","Custom Start","DeckTracker","Displayed Cursed Tome","Energized Spire","Filter the Spire","Halation","Highlight Path","Hubris","Infinite Spire","Minty Spire (QoL Compilation)","Permanent Neow","Poor People Problems","Relic Filter Mod","Relic Sorter","Replay The Spire","Shop Mod","StSLib","Synergy Search","Trackpad","Transform Curses","Unknown Chances"],"gold_per_floor":[112,62,62,62,62,85,129,83,106,106,132,168,168,187,187,314,314,336,336,354,380,380,424,424,472,498,498,498,541,501,518,518,525,525],"floor_reached":33,"language":"ENG","playtime":2137,"items_purged":[],"score":311,"play_id":"c9d03243-1232-4ab8-955b-6ae2de9ab48c","local_time":"20210130223936","is_ascension_mode":false,"campfire_choices":[{"floor":10.0,"key":"REST"},{"data":"Armaments","floor":15.0,"key":"SMITH"},{"data":"Armaments","floor":24,"key":"SMITH"},{"floor":27,"key":"REST"},{"floor":32,"key":"DIG"}],"circlet_count":0,"master_deck":["Strike_R","Strike_R","Strike_R","Strike_R","Strike_R","Defend_R","Defend_R","Defend_R","Defend_R","Bash","Cleave","Armaments+1","infinitespire:Gouge","Armaments+1","Cleave","Twin Strike","Cleave","Headbutt","Rage","Feed","Anger","hubris:ReadiedAction","Replay:BasicMightCard","Life Link","Decay","Reckless Charge+1","Inflame"],"relics":["Burning Blood","aspiration:Nostalgia","Replay:M_SmolderingBlood","Golden Idol","halation:IllGainedPizza","PreservedInsect","NlothsMask","hubris:ScarierMask","hubris:FunFungus","Replay:Bottled Snecko","HornCleat","infinitespire:Lychee Nut","trackpad:IceCube"],"acts_visited":["Exordium","TheCity"],"potions_floor_usage":[25,25,29,33],"damage_taken":[{"damage":0.0,"enemies":"Small Slimes","floor":1.0,"turns":3.0},{"damage":5.0,"enemies":"Jaw Worm","floor":6.0,"turns":3.0},{"damage":15.0,"enemies":"Lagavulin","floor":7.0,"turns":7.0},{"damage":1.0,"enemies":"Cultist","floor":11.0,"turns":3.0},{"damage":8.0,"enemies":"Gremlin Nob","floor":12.0,"turns":4.0},{"damage":6.0,"enemies":"Blue Slaver","floor":14.0,"turns":4.0},{"damage":3.0,"enemies":"Fading Forest","floor":16.0,"turns":11.0},{"damage":3.0,"enemies":"Chosen","floor":18.0,"turns":4.0},{"damage":0,"enemies":"3 Byrds","floor":20,"turns":4},{"damage":20,"enemies":"Snake Plant","floor":21,"turns":3},{"damage":28,"enemies":"Slavers","floor":23,"turns":8},{"damage":46,"enemies":"conspire:SneckoGhost","floor":25,"turns":5},{"damage":52,"enemies":"Nightmare","floor":29,"turns":12},{"damage":22,"enemies":"Cultist and Chosen","floor":31,"turns":5},{"damage":57,"enemies":"Champ","floor":33,"turns":10}],"seed_played":"7890542551264730596","potions_obtained":[{"floor":7.0,"key":"BloodPotion"},{"floor":11.0,"key":"LifebloodPotion"},{"floor":16.0,"key":"Death Potion"},{"floor":18.0,"key":"Regen Potion"},{"floor":30,"key":"LiquidBronze"},{"floor":30,"key":"EssenceOfSteel"},{"floor":30,"key":"Elixir"}],"is_trial":false,"path_per_floor":["M","$","?","?","?","M","E","$","T","R","M","E","?","M","R","B",null,"M","AVR","M","M","?","E","R","E","T","R","?","NM","?","M","R","B"],"character_chosen":"IRONCLAD","items_purchased":["Armaments","Twin Strike"],"campfire_rested":2,"item_purchase_floors":[2,8],"current_hp_per_floor":[80,80,60,40,44,45,36,36,36,60,65,63,63,63,63,66,80,83,83,87,74,74,65,65,47,47,75,75,48,48,46,46,0,0],"gold":525,"neow_bonus":"NOSTALGIA","is_daily":false,"chose_seed":false,"campfire_upgraded":2,"win_rate":0.0,"timestamp":1612046376,"path_taken":["M","$","?","?","?","?","E","$","T","R","M","E","?","?","R","BOSS","M","AVR","?","M","?","E","R","E","T","R","?","NM","?","?","R","BOSS"],"items_purchased_type":["Card","Card"],"build_version":"2020-12-18","purchased_purges":0,"victory":false,"max_hp_per_floor":[80,80,80,80,80,80,80,80,80,80,80,80,80,80,80,80,80,83,83,87,87,87,91,91,94,94,94,94,70,70,74,74,74,74],"card_choices":[{"not_picked":["Shrug It Off","Warcry"],"picked":"Cleave","floor":1.0},{"not_picked":["infinitespire:Oblivion","infinitespire:DeathsTouch"],"picked":"infinitespire:Gouge","floor":3.0},{"not_picked":["ReachHeaven","hubris:ReadiedAction"],"picked":"Armaments","floor":6.0},{"not_picked":["ReplayTheSpireMod:Corrosion Curse","Exhume"],"picked":"Cleave","floor":7.0},{"not_picked":["Replay:Undeath\u0027s Touch","Wild Strike"],"picked":"Cleave","floor":11.0},{"not_picked":["Havoc","conspire:HitWhereItHurts"],"picked":"Headbutt","floor":12.0},{"not_picked":["Crescendo","Fire Breathing"],"picked":"Rage","floor":14.0},{"not_picked":["hubris:StunningStrike","Bludgeon"],"picked":"Feed","floor":16.0},{"not_picked":["Evolve","Heavy Blade"],"picked":"Anger","floor":18.0},{"not_picked":["FlyingSleeves","Swivel"],"picked":"hubris:ReadiedAction","floor":20},{"not_picked":["Reaper","Shrug It Off+1","Bloodletting+1"],"picked":"SKIP","floor":21},{"not_picked":["Pommel Strike","WreathOfFlame","Shrug It Off+1"],"picked":"SKIP","floor":23},{"not_picked":["True Grit","Burning Pact"],"picked":"Life Link","floor":25},{"not_picked":["Cleave","Fire Breathing"],"picked":"Reckless Charge+1","floor":29},{"not_picked":["Shrug It Off","CrushJoints"],"picked":"Inflame","floor":31}],"player_experience":541299,"relics_obtained":[{"floor":7.0,"key":"halation:IllGainedPizza"},{"floor":12.0,"key":"PreservedInsect"},{"floor":23,"key":"Replay:Bottled Snecko"},{"floor":25,"key":"HornCleat"},{"floor":29,"key":"infinitespire:Lychee Nut"},{"floor":32,"key":"trackpad:IceCube"}],"event_choices":[{"damage_healed":0.0,"max_hp_gain":0.0,"max_hp_loss":0.0,"gold_gain":0.0,"event_name":"Golden Idol","player_choice":"Take Damage","floor":4.0,"gold_loss":0.0,"damage_taken":20.0,"relics_obtained":["Golden Idol"]},{"damage_healed":4.0,"max_hp_gain":0.0,"max_hp_loss":0.0,"gold_gain":0.0,"event_name":"betterSkull:BetterSkull","player_choice":"LEAVE ","floor":5.0,"gold_loss":0.0,"damage_taken":0.0,"cards_upgraded":[],"relics_obtained":[]},{"damage_healed":0.0,"max_hp_gain":0.0,"max_hp_loss":0.0,"gold_gain":0.0,"event_name":"FaceTrader","player_choice":"Trade","floor":13.0,"gold_loss":0.0,"damage_taken":0.0,"relics_obtained":["NlothsMask"]},{"damage_healed":0,"gold_gain":0,"player_choice":"1 cards matched","damage_taken":0,"max_hp_gain":0,"max_hp_loss":0,"event_name":"Match and Keep!","floor":22,"gold_loss":0,"cards_obtained":["Replay:BasicMightCard"]},{"damage_healed":0,"gold_gain":0,"player_choice":"Cursed","damage_taken":0,"max_hp_gain":0,"max_hp_loss":0,"event_name":"Wheel of Change","floor":28,"gold_loss":0,"cards_obtained":["Decay"]},{"damage_healed":0,"gold_gain":0,"player_choice":"Bought 3 Potions","damage_taken":0,"max_hp_gain":0,"max_hp_loss":0,"event_name":"The Woman in Blue","floor":30,"gold_loss":0}],"is_beta":true,"boss_relics":[{"not_picked":["halation:SmartPhone","hubris:Stopwatch"],"picked":"hubris:ScarierMask"}],"items_purged_floors":[],"is_endless":false,"potions_floor_spawned":[7,11,16,18,20,23],"killed_by":"Champ","ascension_level":0}}