{"host":"amvb77pwe2wp6zyc","time":1612013450,"event":{"mods":["2.2 Compatiblity","AchievementEnabler","AlwaysNeverKeys","BaseMod","BetterRewards","Downfall","GifTheSpireLib","Minty Spire (QoL Compilation)","Permanent Neow","Quick Restart","Relic Filter","Shop Mod","StSLib","SuperFastMode","Trackpad"],"gold_per_floor":[99,113,113,113,113,23,74,59,59,79,79,64,83,114,131,231,231,31,44,44,144,154,54,54,67,67,97,117,129,143,28,42,138,138,138,150,135,145,164,281,281,41,60,60,77,77,77,95,106,106,106,106],"floor_reached":50,"language":"DEU","playtime":1975,"items_purged":["bronze:Goto","bronze:Defend"],"score":541,"play_id":"d56e69c4-2233-47bc-b13d-b81194fc9934","local_time":"20210130143050","is_ascension_mode":false,"campfire_choices":[{"floor":1.0,"key":"DIG"},{"data":"bronze:Strike","floor":9.0,"key":"PURGE"},{"data":"bronze:Strike","floor":11.0,"key":"PURGE"},{"data":"bronze:Defend","floor":18.0,"key":"PURGE"},{"data":"bronze:Defend","floor":23.0,"key":"PURGE"},{"data":"bronze:HardenedForm","floor":35.0,"key":"SMITH"},{"floor":47,"key":"REST"}],"circlet_count":0,"master_deck":["bronze:Replicate","bronze:Optimize","bronze:HardenedForm+1","bronze:Optimize+1","Parasite"],"relics":["bronze:BronzeCore","Shovel","trackpad:DisasterInABottle","Peace Pipe","trackpad:ByrdCharm","InkBottle","Nunchaku","trackpad:StolenKidneys","downfall:HeartBlessingGreen","downfall:HeartBlessingRed","Molten Egg 2","trackpad:WondrousWand","downfall:HeartBlessingBlue","PreservedInsect","trackpad:PetRock","Incense Burner","Busted Crown","Medical Kit","MerchantsRug","trackpad:SappingStone","trackpad:RapidFire"],"acts_visited":["Exordium","TheCity","TheBeyond"],"potions_floor_usage":[50],"damage_taken":[{"damage":1.0,"enemies":"Jaw Worm","floor":2.0,"turns":4.0},{"damage":0.0,"enemies":"downfall:FleeingMerchant","floor":6.0,"turns":4.0},{"damage":0.0,"enemies":"downfall:FleeingMerchant","floor":8.0,"turns":4.0},{"damage":0.0,"enemies":"Small Slimes","floor":10.0,"turns":2.0},{"damage":0.0,"enemies":"downfall:FleeingMerchant","floor":12.0,"turns":4.0},{"damage":0.0,"enemies":"2 Louse","floor":13.0,"turns":1.0},{"damage":1.0,"enemies":"Gremlin Nob","floor":14.0,"turns":4.0},{"damage":0.0,"enemies":"Blue Slaver","floor":15.0,"turns":4.0},{"damage":8.0,"enemies":"WA_ARCHETYPE_RETAIN","floor":16.0,"turns":9.0},{"damage":0.0,"enemies":"Shell Parasite","floor":19.0,"turns":4.0},{"damage":0.0,"enemies":"Colosseum Nobs","floor":21.0,"turns":6.0},{"damage":0.0,"enemies":"Chosen and Byrds","floor":22.0,"turns":3.0},{"damage":0.0,"enemies":"Sentry and Sphere","floor":25.0,"turns":4.0},{"damage":0.0,"enemies":"Book of Stabbing","floor":27.0,"turns":4.0},{"damage":0.0,"enemies":"Centurion and Healer","floor":28.0,"turns":5.0},{"damage":0.0,"enemies":"Cultist and Chosen","floor":29.0,"turns":4.0},{"damage":0.0,"enemies":"3 Cultists","floor":30.0,"turns":3.0},{"damage":0.0,"enemies":"downfall:FleeingMerchant","floor":31.0,"turns":4.0},{"damage":0.0,"enemies":"Shelled Parasite and Fungi","floor":32.0,"turns":4.0},{"damage":43.0,"enemies":"SI_MIRROR_ARCHETYPE","floor":33.0,"turns":9.0},{"damage":3.0,"enemies":"3 Shapes","floor":36.0,"turns":3.0},{"damage":9.0,"enemies":"downfall:FleeingMerchant","floor":37.0,"turns":4.0},{"damage":15.0,"enemies":"3 Darklings","floor":38.0,"turns":4.0},{"damage":10.0,"enemies":"Writhing Mass","floor":39.0,"turns":6.0},{"damage":0.0,"enemies":"downfall:FleeingMerchant","floor":40.0,"turns":3.0},{"damage":1.0,"enemies":"4 Shapes","floor":43.0,"turns":3.0},{"damage":8.0,"enemies":"Jaw Worm Horde","floor":45.0,"turns":4.0},{"damage":26,"enemies":"Writhing Mass","floor":48,"turns":5},{"damage":30,"enemies":"3 Darklings","floor":49,"turns":4},{"damage":39,"enemies":"DF_ARCHETYPE_ORBS","floor":50,"turns":2}],"seed_played":"-7632135271526582823","potions_obtained":[{"floor":10.0,"key":"Guardian:BlockOnCardUsePotion"},{"floor":14.0,"key":"FearPotion"},{"floor":15.0,"key":"Strength Potion"},{"floor":33.0,"key":"FairyPotion"},{"floor":43.0,"key":"Energy Potion"},{"floor":46.0,"key":"Fruit Juice"},{"floor":46.0,"key":"champ:CounterPotion"}],"is_trial":false,"path_per_floor":["R","M","?","?","T","$","T","$","R","M","R","$","M","E","M","B",null,"R","M","?","?","M","R","T","M","T","E","M","M","M","$","M","B",null,"R","M","$","M","M","?","T","$","M","?","M","?","R","M","M","B"],"character_chosen":"THE_AUTOMATON","items_purchased":["Medical Kit","MerchantsRug","trackpad:RapidFire"],"campfire_rested":1,"item_purchase_floors":[40,40,42],"current_hp_per_floor":[70,69,69,57,57,57,57,57,57,57,57,57,57,56,56,48,70,70,70,70,70,70,80,80,80,80,80,80,80,80,80,80,37,80,80,77,68,53,43,43,43,43,42,42,34,39,64,38,8,0,0,0],"gold":106,"neow_bonus":"RANDOM_COMMON_RELIC","is_daily":false,"chose_seed":false,"campfire_upgraded":1,"win_rate":0.0,"timestamp":1612013450,"path_taken":["R","M","?","?","?","?","T","$","R","M","R","$","M","E","M","BOSS","R","M","?","?","M","R","T","M","?","E","M","M","M","$","M","BOSS","R","M","$","M","M","?","T","$","M","?","M","?","R","?","M","BOSS"],"items_purchased_type":["Relic","Relic","Relic"],"build_version":"2020-12-22","purchased_purges":2,"victory":false,"max_hp_per_floor":[70,70,70,70,70,70,70,70,70,70,70,70,70,70,70,70,70,70,70,70,70,70,80,80,80,80,80,80,80,80,80,80,80,80,80,80,80,80,80,80,80,80,80,80,80,85,85,85,85,85,85,85],"card_choices":[{"not_picked":["bronze:BugBarrage","bronze:Deprecate","bronze:Backtrace"],"picked":"SKIP","floor":2.0},{"not_picked":["bronze:DelayedGuard","bronze:ChildClass","bronze:Philosophize"],"picked":"SKIP","floor":6.0},{"not_picked":["bronze:Iterate","bronze:DelayedGuard"],"picked":"bronze:Optimize","floor":8.0},{"not_picked":["bronze:ClassDefault","bronze:WildBeam","bronze:Invalidate"],"picked":"SKIP","floor":10.0},{"not_picked":["bronze:Mutator","bronze:Frontload","bronze:OilSpill"],"picked":"SKIP","floor":12.0},{"not_picked":["bronze:Invalidate","bronze:BronzeArmor","bronze:Philosophize"],"picked":"SKIP","floor":13.0},{"not_picked":["bronze:Fortify","bronze:Invalidate","bronze:Philosophize"],"picked":"SKIP","floor":14.0},{"not_picked":["bronze:Invalidate","bronze:ItsAFeature","bronze:NullPointer"],"picked":"SKIP","floor":15.0},{"not_picked":["bronze:CleanCode","bronze:FindAndReplace"],"picked":"bronze:HardenedForm","floor":16.0},{"not_picked":["bronze:Terminator+1","bronze:Constructor","bronze:BuggyMess"],"picked":"SKIP","floor":19.0},{"not_picked":["bronze:Turbo","bronze:DarkDash+1","bronze:ChildClass"],"picked":"SKIP","floor":22.0},{"not_picked":["bronze:Fortify+1","bronze:Terminator","bronze:Overload+1"],"picked":"SKIP","floor":25.0},{"not_picked":["bronze:OilSpill+1","bronze:CutThrough+1","bronze:Invalidate+1"],"picked":"SKIP","floor":27.0},{"not_picked":["bronze:ChosenStrike+1","bronze:Branch+1","bronze:Shield+1"],"picked":"SKIP","floor":28.0},{"not_picked":["bronze:GetLatest","bronze:Fortify+1","bronze:Allocate+1"],"picked":"SKIP","floor":29.0},{"not_picked":["bronze:DelayedGuard","bronze:Boost","bronze:Constructor"],"picked":"SKIP","floor":30.0},{"not_picked":["bronze:BugBarrage+1","bronze:Shield","bronze:ThunderWave+1"],"picked":"SKIP","floor":31.0},{"not_picked":["bronze:Flail+1","bronze:NullPointer+1","bronze:BuggyMess"],"picked":"SKIP","floor":32.0},{"not_picked":["bronze:CutThrough+1"],"picked":"SKIP","floor":36.0},{"not_picked":["bronze:DelayedSlice+1"],"picked":"SKIP","floor":37.0},{"not_picked":[],"picked":"bronze:Optimize+1","floor":38.0},{"not_picked":["bronze:Separator+1"],"picked":"SKIP","floor":39.0},{"not_picked":["bronze:MaxOutput+1"],"picked":"SKIP","floor":40.0},{"not_picked":["bronze:DelayedGuard"],"picked":"SKIP","floor":43.0},{"not_picked":["bronze:Turbo+1"],"picked":"SKIP","floor":45.0},{"not_picked":["bronze:Frontload+1"],"picked":"SKIP","floor":48},{"not_picked":["bronze:WildBeam+1"],"picked":"SKIP","floor":49}],"player_experience":258486,"relics_obtained":[{"floor":1.0,"key":"trackpad:DisasterInABottle"},{"floor":5.0,"key":"trackpad:ByrdCharm"},{"floor":7.0,"key":"InkBottle"},{"floor":14.0,"key":"Nunchaku"},{"floor":21.0,"key":"Molten Egg 2"},{"floor":21.0,"key":"trackpad:WondrousWand"},{"floor":24.0,"key":"PreservedInsect"},{"floor":26.0,"key":"trackpad:PetRock"},{"floor":27.0,"key":"Incense Burner"},{"floor":41.0,"key":"trackpad:SappingStone"}],"event_choices":[{"damage_healed":0.0,"max_hp_gain":0.0,"max_hp_loss":0.0,"gold_gain":0.0,"event_name":"Scrap Ooze","player_choice":"Success","floor":4.0,"gold_loss":0.0,"damage_taken":12.0,"relics_obtained":["Peace Pipe"]},{"damage_healed":23.0,"max_hp_gain":0.0,"max_hp_loss":0.0,"gold_gain":0.0,"event_name":"The Library","player_choice":"Heal","floor":20.0,"gold_loss":0.0,"damage_taken":0.0},{"cards_removed":["bronze:Defend"],"damage_healed":0.0,"max_hp_gain":0.0,"max_hp_loss":0.0,"gold_gain":0.0,"event_name":"Falling","player_choice":"Removed Skill","floor":44.0,"gold_loss":0.0,"damage_taken":0.0},{"damage_healed":0.0,"max_hp_gain":0.0,"max_hp_loss":0.0,"gold_gain":0.0,"event_name":"Lab","player_choice":"Got Potions","floor":46.0,"gold_loss":0.0,"damage_taken":0.0}],"is_beta":false,"boss_relics":[{"not_picked":["bronze:PlatinumCore","Philosopher\u0027s Stone"],"picked":"trackpad:StolenKidneys"},{"not_picked":["Runic Pyramid","Velvet Choker"],"picked":"Busted Crown"}],"items_purged_floors":[6,31],"is_endless":false,"potions_floor_spawned":[10,14,15,22,25,28,30,33,43,48,49],"killed_by":"DF_ARCHETYPE_ORBS","ascension_level":0}}