{"host":"mum3ai8oz7qfp6jm","time":1612019292,"event":{"mods":["BaseMod","Minty Spire (QoL Compilation)","Reliquary","StSLib","The Bug Knight","The Servant 0.9.4"],"gold_per_floor":[2333,2333,2333,2333,2333,2333,2333,2333,2333,2333,2333,2333,2333,2333,2333,2333,2333,2333,2333,2333,2333,2333,2333,2333,2333,2333,2333,2333,2333,2333,2333,2333,2333,2333,2333,2333,2333,2333,2333,2333,2333,2333,2333,2333,2333,2333,2333,2333,2333,2333,2333,2333,2333,2333,2333,2333,2333,2333,2333,2333,2333,2333,2333,2333,2333,2333,2333,2333,2333,2333,2333,2333,2333,2333,2333,2333,2333,2333,2333,2333,2333,2333,2333,2333,2333,2333,2333,2333,2333,2333,2333,2333,2333,2333,2333,2333,2333,2333,2333,2333,2333,2333,2333,2333,2333,2333,2333,2333,2333,2333,2333,2333,2333,2333,2333,2333,2333,2333,2333,2333,2333,2333,2333,2333,2333,2333,2333,2333,2333,2333,2333,2333,2333,2333,2333,2333,2333,2333,2333,2333,2333],"floor_reached":85,"language":"ZHS","playtime":3254,"items_purged":[],"score":2000,"play_id":"0d21a213-5e39-48dd-9357-a2b63f6919dd","local_time":"20210130230812","daily_mods":["Specialized","Colorless Cards","Terminal"],"is_ascension_mode":false,"campfire_choices":[{"data":"Perfected Strike","floor":8.0,"key":"SMITH"},{"data":"Mayhem","floor":12.0,"key":"SMITH"},{"data":"Fiend Fire","floor":10.0,"key":"SMITH"},{"data":"Mind Blast","floor":13.0,"key":"SMITH"},{"data":"Thinking Ahead","floor":15.0,"key":"SMITH"},{"data":"Double Tap","floor":23.0,"key":"SMITH"},{"data":"Perfected Strike","floor":29.0,"key":"SMITH"},{"data":"Mayhem","floor":32.0,"key":"SMITH"},{"data":"Pommel Strike","floor":27.0,"key":"SMITH"},{"data":"Pommel Strike","floor":29.0,"key":"SMITH"},{"data":"1","floor":32.0,"key":"LIFT"},{"data":"Mayhem","floor":49.0,"key":"SMITH"},{"data":"Mayhem","floor":40.0,"key":"SMITH"},{"data":"2","floor":49.0,"key":"LIFT"},{"data":"3","floor":40,"key":"LIFT"},{"data":"MurderousAura","floor":46,"key":"SMITH"},{"floor":49,"key":"REST"},{"data":"Mayhem","floor":57,"key":"SMITH"},{"floor":59,"key":"REST"},{"floor":62,"key":"REST"},{"floor":66,"key":"REST"},{"floor":74,"key":"REST"},{"floor":83,"key":"REST"}],"circlet_count":0,"master_deck":["Flex+1","Thinking Ahead+1","Pommel Strike+1","Mayhem+1","Rage+1","Mayhem+1","Thunderclap+1","Double Tap+1","Seeing Red+1","Limit Break+1","Pommel Strike+1","Spot Weakness+1","Deep Breath+1","Reinforced Body+1","Rage+1","Mayhem+1","Trip+1","MurderousAura+1","Mayhem+1","Twin Strike+1","HollowMod:LifebloodCocoon+1","Vault+1","Seeing Red+1","Mayhem+1","Rage+1","HollowMod:GoodIntentions+1","Panache+1","Dramatic Entrance+1","Deep Breath+1","Streamline+1","EmptyMind+1","Advance+1","Mayhem+1","Blur+1","HollowMod:LifebloodCocoon+1","Backflip+1","Wish+1","The Bomb+1","Madness+1","Panache+1","Shockwave+1","Dash+1","ShiftingGears+1","Warcry+1"],"relics":["Burning Blood","reliquary:RoseTintedGlasses","Centennial Puzzle","Chemical X","Magic Flower","Orichalcum","Whetstone","TheAbacus","reliquary:PorcupineQuills","War Paint","Bronze Scales","MealTicket","TheAbacus","Matryoshka","reliquary:OuijaBoard","Lee\u0027s Waffle","Bottled Tornado","Toy Ornithopter","Regal Pillow","Art of War","reliquary:Knoch","OrangePellets","SacredBark","Omamori","Orrery","Bottled Lightning","PrismaticShard","Toxic Egg 2","Strawberry","Nloth\u0027s Gift","Pen Nib","Nunchaku","reliquary:RosewoodLute","Potion Belt","Girya","Membership Card","reliquary:SilkGlove","Turnip","Tiny Chest","reliquary:SharkskinSheath","Akabeko","Necronomicon","Blood Vial","HollowMod:LifeEnderRelic","reliquary:RoseTintedGlasses","HornCleat","HollowMod:JonisBlessing","Paper Frog","Red Skull","Sling","Astrolabe","Orichalcum","reliquary:ExpiredCoupon","Old Coin","MawBank","Happy Flower","Eternal Feather","War Paint","DollysMirror","Ancient Tea Set","FossilizedHelix","HollowMod:StagPassRelic","Dream Catcher","ClockworkSouvenir","Vajra","reliquary:Boomerang","Mango","Unceasing Top","Bag of Preparation","Oddly Smooth Stone","reliquary:TuningFork","Bottled Flame","Golden Idol","StrikeDummy","reliquary:PartyBalloon","CeramicFish","Lantern","Anchor","Black Star","Gambling Chip","Blue Candle","Lizard Tail","HandDrill","Lantern","Mummified Hand","StoneCalendar","CaptainsWheel","HollowMod:PaleOreRelic","reliquary:Buckler","Philosopher\u0027s Stone","Bag of Marbles","Medical Kit","reliquary:Stiletto","Red Mask","Pear","Ginger","reliquary:WeakTea","reliquary:TridentHead","Boot","reliquary:Bookmark","reliquary:MedicineBall"],"acts_visited":["Exordium","TheCity","TheCity","TheBeyond","TheBeyond","Exordium","TheCity","TheBeyond"],"potions_floor_usage":[84,84,84],"damage_taken":[{"damage":1.0,"enemies":"Cultist","floor":1.0,"turns":3.0},{"damage":0.0,"enemies":"Jaw Worm","floor":5.0,"turns":2.0},{"damage":0.0,"enemies":"Small Slimes","floor":6.0,"turns":2.0},{"damage":0.0,"enemies":"Exordium Wildlife","floor":7.0,"turns":2.0},{"damage":1.0,"enemies":"Blue Slaver","floor":10.0,"turns":2.0},{"damage":0.0,"enemies":"Large Slime","floor":11.0,"turns":3.0},{"damage":0.0,"enemies":"2 Louse","floor":1.0,"turns":2.0},{"damage":0.0,"enemies":"Cultist","floor":2.0,"turns":3.0},{"damage":0.0,"enemies":"Small Slimes","floor":4.0,"turns":2.0},{"damage":0.0,"enemies":"3 Sentries","floor":6.0,"turns":4.0},{"damage":0.0,"enemies":"3 Louse","floor":7.0,"turns":3.0},{"damage":0.0,"enemies":"Gremlin Nob","floor":8.0,"turns":2.0},{"damage":0.0,"enemies":"Red Slaver","floor":11.0,"turns":2.0},{"damage":0.0,"enemies":"2 Fungi Beasts","floor":12.0,"turns":2.0},{"damage":3.0,"enemies":"The Guardian","floor":16.0,"turns":4.0},{"damage":6.0,"enemies":"2 Thieves","floor":18.0,"turns":2.0},{"damage":6.0,"enemies":"3 Byrds","floor":19.0,"turns":3.0},{"damage":0.0,"enemies":"Snecko","floor":22.0,"turns":3.0},{"damage":14.0,"enemies":"Gremlin Leader","floor":27.0,"turns":3.0},{"damage":4.0,"enemies":"HollowMod:Nosk","floor":30.0,"turns":3.0},{"damage":0.0,"enemies":"Centurion and Healer","floor":31.0,"turns":2.0},{"damage":0.0,"enemies":"Shell Parasite","floor":18.0,"turns":2.0},{"damage":0.0,"enemies":"2 Thieves","floor":19.0,"turns":2.0},{"damage":10.0,"enemies":"Slavers","floor":23.0,"turns":3.0},{"damage":0.0,"enemies":"Gremlin Leader","floor":25.0,"turns":2.0},{"damage":0.0,"enemies":"Centurion and Healer","floor":31.0,"turns":2.0},{"damage":0.0,"enemies":"Collector","floor":33.0,"turns":1.0},{"damage":0.0,"enemies":"3 Darklings","floor":35.0,"turns":2.0},{"damage":0.0,"enemies":"Orb Walker","floor":36.0,"turns":2.0},{"damage":0.0,"enemies":"Maw","floor":37.0,"turns":3.0},{"damage":0.0,"enemies":"2 Orb Walkers","floor":39.0,"turns":2.0},{"damage":0.0,"enemies":"Spire Growth","floor":41.0,"turns":2.0},{"damage":0.0,"enemies":"Sphere and 2 Shapes","floor":42.0,"turns":1.0},{"damage":0.0,"enemies":"4 Shapes","floor":44.0,"turns":1.0},{"damage":0.0,"enemies":"Nemesis","floor":46.0,"turns":3.0},{"damage":0.0,"enemies":"Mind Bloom Boss Battle","floor":47.0,"turns":1.0},{"damage":0.0,"enemies":"Transient","floor":48.0,"turns":3.0},{"damage":0.0,"enemies":"Orb Walker","floor":35.0,"turns":1.0},{"damage":0.0,"enemies":"3 Darklings","floor":36.0,"turns":3.0},{"damage":0.0,"enemies":"Spire Growth","floor":38.0,"turns":1.0},{"damage":0.0,"enemies":"Maw","floor":39.0,"turns":3.0},{"damage":0.0,"enemies":"Jaw Worm Horde","floor":41.0,"turns":2.0},{"damage":0.0,"enemies":"Mind Bloom Boss Battle","floor":45.0,"turns":2.0},{"damage":0.0,"enemies":"Spire Growth","floor":47.0,"turns":2.0},{"damage":0.0,"enemies":"Sphere and 2 Shapes","floor":48.0,"turns":1.0},{"damage":0,"enemies":"Cultist","floor":35,"turns":1},{"damage":0,"enemies":"2 Louse","floor":38,"turns":1},{"damage":0,"enemies":"Small Slimes","floor":41,"turns":1},{"damage":0,"enemies":"Gremlin Nob","floor":47,"turns":1},{"damage":0,"enemies":"The Guardian","floor":50,"turns":1},{"damage":0,"enemies":"Spheric Guardian","floor":52,"turns":1},{"damage":0,"enemies":"Shell Parasite","floor":54,"turns":1},{"damage":0,"enemies":"3 Cultists","floor":55,"turns":1},{"damage":0,"enemies":"Snecko","floor":61,"turns":1},{"damage":0,"enemies":"Gremlin Leader","floor":64,"turns":2},{"damage":0,"enemies":"Collector","floor":67,"turns":3},{"damage":0,"enemies":"3 Darklings","floor":69,"turns":3},{"damage":0,"enemies":"3 Shapes","floor":75,"turns":1},{"damage":0,"enemies":"Mind Bloom Boss Battle","floor":76,"turns":2},{"damage":0,"enemies":"Writhing Mass","floor":79,"turns":1},{"damage":0,"enemies":"Spire Growth","floor":81,"turns":2},{"damage":0,"enemies":"3 Darklings","floor":82,"turns":1},{"damage":0,"enemies":"Time Eater","floor":84,"turns":4}],"seed_played":"-828330817948855686","potions_obtained":[{"floor":2.0,"key":"DuplicationPotion"},{"floor":16.0,"key":"Fruit Juice"},{"floor":18.0,"key":"BlessingOfTheForge"},{"floor":30.0,"key":"SkillPotion"},{"floor":19.0,"key":"Fruit Juice"},{"floor":25.0,"key":"Energy Potion"},{"floor":37.0,"key":"DistilledChaos"},{"floor":44.0,"key":"LiquidBronze"},{"floor":36.0,"key":"Swift Potion"},{"floor":39.0,"key":"CultistPotion"},{"floor":45.0,"key":"Energy Potion"}],"is_trial":false,"path_per_floor":["M","?","?","$","M","M","M","R","T","M","M","R","$","M","M","$","M","$","E","M","E","T","R","M","M","R","$","R","B",null,"M","M","$","?","M","R","$","?","T","E","T","R","E","M","R","M","M","$","?","$","E","?","E","T","R","$","R","$","M","R","B",null,"M","M","M","$","?","T","M","M","T","M","$","E","?","M","R","M","M","$","M","M","R","M","?","T","$","?","T","M","M","R","M","?","$","M","?","R","M","T","T","?","$","R","E","$","R","B",null,"M","?","M","M","T","R","$","R","T","M","R","$","E","?","R","B",null,"M","$","?","?","T","R","M","?","T","$","M","$","M","M","R","B",null],"character_chosen":"IRONCLAD","items_purchased":["Chemical X","Magic Flower","Orichalcum","Block Potion","AttackPotion","Energy Potion","Flex","Thinking Ahead","TheAbacus","reliquary:PorcupineQuills","Blind","Armaments","War Paint","Bronze Scales","MealTicket","TheAbacus","Fruit Juice","Energy Potion","Thinking Ahead","Matryoshka","reliquary:OuijaBoard","Lee\u0027s Waffle","Wild Strike","Swift Strike","Art of War","reliquary:Knoch","OrangePellets","Swift Potion","Omamori","Orrery","Perfected Strike","Bottled Lightning","DistilledChaos","PrismaticShard","Toxic Egg 2","Strawberry","Seeing Red+1","Membership Card","reliquary:SilkGlove","Turnip","Secret Weapon+1","Limit Break+1","SkillPotion","Pommel Strike","Spot Weakness+1","Second Wind+1","Tiny Chest","reliquary:SharkskinSheath","Thinking Ahead+1","Deep Breath+1","reliquary:RoseTintedGlasses","HornCleat","HollowMod:JonisBlessing","Fruit Juice","Wild Strike","Rage+1","Flex+1","LiquidMemories","Paper Frog","Red Skull","Sling","Shrug It Off+1","Flex+1","Orichalcum","reliquary:ExpiredCoupon","Twin Strike","Trip+1","Secret Weapon+1","Flex+1","Shrug It Off+1","Apotheosis+1","Eternal Feather","War Paint","DollysMirror","HollowMod:StagPassRelic","Dream Catcher","ClockworkSouvenir","Seeing Red+1","Wild Strike","Purity+1","Mayhem","reliquary:Boomerang","Mango","Panache","Dramatic Entrance","Bag of Preparation","Oddly Smooth Stone","EntropicBrew","Flame Barrier+1","StrikeDummy","reliquary:PartyBalloon","Lantern","Anchor","Trip+1","Blue Candle","Lizard Tail","HandDrill","Mummified Hand","StoneCalendar","Bag of Marbles","Medical Kit","reliquary:Stiletto","Madness+1","Panache","Shockwave+1","reliquary:TridentHead","Boot","reliquary:Bookmark","reliquary:MedicineBall","Warcry+1"],"campfire_rested":6,"item_purchase_floors":[4,4,4,4,4,4,4,4,13,13,13,13,13,3,3,3,3,3,3,5,5,5,5,5,14,14,14,14,20,20,20,20,20,24,24,24,24,20,20,20,20,20,20,22,22,22,22,22,22,22,28,28,28,28,28,28,28,28,30,30,30,30,30,38,38,38,38,38,38,38,45,45,45,45,37,37,37,37,37,37,37,44,44,44,44,37,37,37,37,45,45,48,48,48,58,58,58,63,63,70,70,70,70,70,70,78,78,78,80,80],"current_hp_per_floor":[85,85,85,85,94,93,92,91,90,89,88,87,85,84,88,87,93,92,91,90,89,88,87,86,85,84,83,87,86,85,84,83,82,81,80,86,85,84,79,79,79,80,79,78,77,86,85,84,83,82,66,75,75,75,87,86,85,84,83,82,81,80,79,78,77,76,75,74,73,72,71,70,69,68,67,66,65,64,63,62,61,60,59,58,57,70,69,68,67,66,65,64,63,62,61,60,59,58,57,56,42,54,53,52,51,50,49,48,47,43,43,43,43,42,41,40,39,38,37,36,35,34,33,32,31,30,29,28,27,36,35,34,33,32,31,30,29,28,27,26,25],"gold":2333,"neow_bonus":"","is_daily":true,"chose_seed":false,"campfire_upgraded":14,"win_rate":0.0,"timestamp":1612019292,"path_taken":["M","?","?","$","M","M","M","R","T","?","M","R","$","M","M","$","M","$","E","M","E","T","R","M","M","R","$","R","BOSS","M","M","$","?","M","R","$","?","T","E","?","R","E","M","R","M","M","$","?","$","E","?","E","T","R","?","R","$","M","R","BOSS","M","M","M","$","?","?","M","M","T","M","$","E","?","M","R","M","M","$","M","M","R","M","?","T","$","?","?","M","?","R","M","?","$","M","?","R","M","?","T","?","$","R","E","$","R","BOSS","M","?","?","M","?","R","$","R","T","M","R","$","E","?","R","BOSS","M","$","?","?","?","R","M","?","T","$","M","$","M","M","R","BOSS"],"items_purchased_type":["Relic","Relic","Relic","Potion","Potion","Potion","Card","Card","Relic","Relic","Card","Card","Relic","Relic","Relic","Relic","Potion","Potion","Card","Relic","Relic","Relic","Card","Card","Relic","Relic","Relic","Potion","Relic","Relic","Card","Relic","Potion","Relic","Relic","Relic","Card","Relic","Relic","Relic","Card","Card","Potion","Card","Card","Card","Relic","Relic","Card","Card","Relic","Relic","Relic","Potion","Card","Card","Card","Potion","Relic","Relic","Relic","Card","Card","Relic","Relic","Card","Card","Card","Card","Card","Card","Relic","Relic","Relic","Relic","Relic","Relic","Card","Card","Card","Card","Relic","Relic","Card","Card","Relic","Relic","Potion","Card","Relic","Relic","Relic","Relic","Card","Relic","Relic","Relic","Relic","Relic","Relic","Relic","Relic","Card","Card","Card","Relic","Relic","Relic","Relic","Card"],"build_version":"2020-12-22","purchased_purges":0,"victory":true,"max_hp_per_floor":[98,97,96,95,94,93,92,91,90,89,88,87,85,84,88,87,93,92,91,90,89,88,87,86,85,84,83,87,86,85,84,83,82,81,80,86,85,84,83,82,81,80,79,78,77,86,85,84,83,82,81,80,79,78,87,86,85,84,83,82,81,80,79,78,77,76,75,74,73,72,71,70,69,68,67,66,65,64,63,62,61,60,59,58,57,70,69,68,67,66,65,64,63,62,61,60,59,58,57,56,55,54,53,52,51,50,49,48,47,46,45,44,43,42,41,40,39,38,37,36,35,34,33,32,31,30,29,28,27,36,35,34,33,32,31,30,29,28,27,26,25],"card_choices":[{"not_picked":["Fire Breathing","Flex"],"picked":"Perfected Strike","floor":1.0},{"not_picked":["Body Slam","Bandage Up"],"picked":"Wild Strike","floor":5.0},{"not_picked":["Feel No Pain","Thunderclap"],"picked":"Wild Strike","floor":6.0},{"not_picked":["Heavy Blade","Armaments","Cleave"],"picked":"SKIP","floor":7.0},{"not_picked":["Discovery","Thunderclap"],"picked":"Pommel Strike","floor":10.0},{"not_picked":["Feel No Pain","Clothesline"],"picked":"Mayhem","floor":11.0},{"not_picked":["Dual Wield","Warcry","Body Slam"],"picked":"SKIP","floor":1.0},{"not_picked":["Headbutt","Body Slam"],"picked":"Rage","floor":2.0},{"not_picked":["Havoc","Flex"],"picked":"Wild Strike","floor":4.0},{"not_picked":["Panacea","Impatience"],"picked":"Fiend Fire","floor":6.0},{"not_picked":["Warcry","Sword Boomerang","True Grit"],"picked":"SKIP","floor":7.0},{"not_picked":["Bandage Up","Headbutt","Clothesline"],"picked":"SKIP","floor":8.0},{"not_picked":["Sword Boomerang","Warcry","Armaments"],"picked":"SKIP","floor":11.0},{"not_picked":["Flame Barrier","Iron Wave"],"picked":"Mind Blast","floor":12.0},{"not_picked":["Barricade","Violence"],"picked":"Mayhem","floor":16.0},{"not_picked":["Blind","Warcry"],"picked":"Shrug It Off","floor":18.0},{"not_picked":["Heavy Blade","Clash","Iron Wave+1"],"picked":"SKIP","floor":19.0},{"not_picked":["Heavy Blade","Clash"],"picked":"Iron Wave+1","floor":19.0},{"not_picked":["Carnage","Anger+1"],"picked":"Thunderclap+1","floor":20.0},{"not_picked":["Armaments","Wild Strike"],"picked":"Double Tap","floor":22.0},{"not_picked":["SpiritShield+1","Protect+1","Sunlight"],"picked":"SKIP","floor":27.0},{"not_picked":["Chaos+1","Feel No Pain","Wild Strike"],"picked":"SKIP","floor":30.0},{"not_picked":["Rip and Tear","GearUp+1","HollowMod:DungDefenderAura+1"],"picked":"SKIP","floor":31.0},{"not_picked":["Redo+1","DualDimension+1","Underhanded Strike"],"picked":"SKIP","floor":18.0},{"not_picked":["HollowMod:ChannelNail+1","Deflect+1"],"picked":"Dark Embrace+1","floor":19.0},{"not_picked":["Perfected Strike","Tactician+1"],"picked":"Secret Weapon+1","floor":23.0},{"not_picked":["HollowMod:CrystalDash+1","Initiator"],"picked":"Reinforced Body+1","floor":25.0},{"not_picked":["ShatteredReality","FlyingSleeves","HollowMod:ShadowDash+1"],"picked":"SKIP","floor":31.0},{"not_picked":["HollowMod:Weaversong","TheWorld+1"],"picked":"Mayhem","floor":33.0},{"not_picked":["Evolve","Conclude+1","HollowMod:TaintedHusks+1"],"picked":"SKIP","floor":35.0},{"not_picked":["Leap+1","JustLucky","Conserve Battery+1"],"picked":"SKIP","floor":36.0},{"not_picked":["Night Terror+1","Poisoned Stab"],"picked":"Acrobatics+1","floor":37.0},{"not_picked":["FTL+1","Dropkick","HollowMod:CrystalDash+1"],"picked":"SKIP","floor":41.0},{"not_picked":["JustLucky+1","SashWhip+1"],"picked":"MurderousAura","floor":42.0},{"not_picked":["Streamline","HollowMod:SoulStrike+1","Self Repair"],"picked":"SKIP","floor":44.0},{"not_picked":["Flechettes+1","Noxious Fumes","HollowMod:LordofShades"],"picked":"SKIP","floor":46.0},{"not_picked":["Clothesline","SignatureMove"],"picked":"Twin Strike+1","floor":47.0},{"not_picked":["Doom and Gloom+1","HollowMod:VengefulVoid","HollowMod:ShadowDash+1"],"picked":"SKIP","floor":48.0},{"not_picked":["Sanctity+1","Go for the Eyes","HollowMod:LifebloodCocoon+1"],"picked":"SKIP","floor":35.0},{"not_picked":["Sanctity+1","Go for the Eyes"],"picked":"HollowMod:LifebloodCocoon+1","floor":35.0},{"not_picked":["Shrug It Off+1","Backstab"],"picked":"Vault+1","floor":36.0},{"not_picked":["True Grit+1","Heatsinks"],"picked":"Rage+1","floor":38.0},{"not_picked":["HollowMod:SoulStrike+1","Sadistic Nature","Coolheaded+1"],"picked":"SKIP","floor":39.0},{"not_picked":["ReturningBlade","Havoc+1"],"picked":"HollowMod:GoodIntentions+1","floor":41.0},{"not_picked":["Rebound+1","Flechettes"],"picked":"Deep Breath+1","floor":47.0},{"not_picked":["DoubleEdge","Ricochet"],"picked":"Streamline+1","floor":48.0},{"not_picked":["Conclude","Deflect+1","HollowMod:BaldurShell"],"picked":"SKIP","floor":35},{"not_picked":["CarveReality","Quick Slash","Barrage"],"picked":"SKIP","floor":38},{"not_picked":["Potential","Wraith Form v2"],"picked":"EmptyMind+1","floor":41},{"not_picked":["Streamline","HollowMod:DreamGate+1","Sucker Punch"],"picked":"SKIP","floor":47},{"not_picked":["Turbo+1","HollowMod:VengefulVoid"],"picked":"Advance+1","floor":49},{"not_picked":["Brilliance","HollowMod:ElderbugsWisdom"],"picked":"Mayhem","floor":50},{"not_picked":["Stack+1","Rearm+1","Creative AI"],"picked":"SKIP","floor":52},{"not_picked":["Spin","Blur+1","FlyingSleeves"],"picked":"SKIP","floor":54},{"not_picked":["Spin","FlyingSleeves"],"picked":"Blur+1","floor":54},{"not_picked":["Armaments+1","HollowMod:SharpenedShadows","HollowMod:DesolateDive"],"picked":"SKIP","floor":55},{"not_picked":["BowlingBash+1","HollowMod:SharpenedNail"],"picked":"HollowMod:LifebloodCocoon+1","floor":59},{"not_picked":["Steam+1","Dodge and Roll+1"],"picked":"Backflip+1","floor":61},{"not_picked":["Reprogram+1","Biased Cognition"],"picked":"Wish+1","floor":64},{"not_picked":["HollowMod:LordofShades","Biased Cognition"],"picked":"The Bomb+1","floor":67},{"not_picked":["HollowMod:HowlingWraiths+1","Disarm+1","Enlightenment+1"],"picked":"SKIP","floor":69},{"not_picked":["ClearTheMind+1","Finisher"],"picked":"Dash+1","floor":74},{"not_picked":["Pommel Strike","Armaments+1","Outmaneuver+1"],"picked":"SKIP","floor":75},{"not_picked":["Deadly Poison+1","Evaluate+1"],"picked":"ShiftingGears+1","floor":76},{"not_picked":["HollowMod:SoulStrike","ThirdEye+1","Poisoned Stab"],"picked":"SKIP","floor":79},{"not_picked":["Flying Knee","Immolate","Cloak And Dagger+1"],"picked":"SKIP","floor":81},{"not_picked":["SurpressingFire+1","SandsOfTime+1","Flex+1"],"picked":"SKIP","floor":82}],"player_experience":693641,"relics_obtained":[{"floor":9.0,"key":"Whetstone"},{"floor":6.0,"key":"Bottled Tornado"},{"floor":8.0,"key":"Toy Ornithopter"},{"floor":9.0,"key":"Juzu Bracelet"},{"floor":9.0,"key":"Regal Pillow"},{"floor":26.0,"key":"Pen Nib"},{"floor":26.0,"key":"Nunchaku"},{"floor":27.0,"key":"reliquary:RosewoodLute"},{"floor":28.0,"key":"Potion Belt"},{"floor":30.0,"key":"Girya"},{"floor":23.0,"key":"Akabeko"},{"floor":24.0,"key":"Necronomicon"},{"floor":25.0,"key":"Blood Vial"},{"floor":26.0,"key":"HollowMod:LifeEnderRelic"},{"floor":39.0,"key":"Old Coin"},{"floor":40.0,"key":"MawBank"},{"floor":43.0,"key":"Happy Flower"},{"floor":46.0,"key":"Ancient Tea Set"},{"floor":47.0,"key":"FossilizedHelix"},{"floor":43.0,"key":"Vajra"},{"floor":45.0,"key":"Unceasing Top"},{"floor":42,"key":"reliquary:TuningFork"},{"floor":43,"key":"Bottled Flame"},{"floor":47,"key":"CeramicFish"},{"floor":56,"key":"Gambling Chip"},{"floor":60,"key":"reliquary:SculptingSteel"},{"floor":64,"key":"CaptainsWheel"},{"floor":64,"key":"HollowMod:PaleOreRelic"},{"floor":73,"key":"Pear"},{"floor":76,"key":"Ginger"},{"floor":77,"key":"reliquary:WeakTea"}],"event_choices":[{"damage_healed":0.0,"max_hp_gain":0.0,"max_hp_loss":0.0,"gold_gain":0.0,"event_name":"Big Fish","player_choice":"Box","floor":2.0,"gold_loss":0.0,"damage_taken":0.0,"relics_obtained":["reliquary:RoseTintedGlasses"],"cards_obtained":["Regret"]},{"damage_healed":0.0,"max_hp_gain":0.0,"max_hp_loss":0.0,"gold_gain":0.0,"event_name":"WeMeetAgain","player_choice":"Paid Gold","floor":3.0,"gold_loss":54.0,"damage_taken":0.0,"relics_obtained":["Centennial Puzzle"]},{"damage_healed":0.0,"max_hp_gain":0.0,"max_hp_loss":0.0,"gold_gain":0.0,"event_name":"Match and Keep!","player_choice":"0 cards matched","floor":21.0,"gold_loss":0.0,"damage_taken":0.0,"cards_obtained":[]},{"damage_healed":0.0,"max_hp_gain":0.0,"max_hp_loss":0.0,"gold_gain":0.0,"event_name":"N\u0027loth","player_choice":"Traded Relic","floor":25.0,"relics_lost":["Juzu Bracelet"],"gold_loss":0.0,"damage_taken":0.0,"relics_obtained":["Nloth\u0027s Gift"]},{"damage_healed":0.0,"max_hp_gain":0.0,"max_hp_loss":0.0,"gold_gain":0.0,"event_name":"Vampires","player_choice":"Ignored","floor":21.0,"gold_loss":0.0,"damage_taken":0.0},{"damage_healed":0.0,"max_hp_gain":0.0,"max_hp_loss":0.0,"gold_gain":0.0,"event_name":"Cursed Tome","player_choice":"Obtained Book","floor":24.0,"gold_loss":0.0,"damage_taken":16.0},{"damage_healed":0.0,"max_hp_gain":0.0,"max_hp_loss":0.0,"gold_gain":0.0,"event_name":"Mysterious Sphere","player_choice":"Fight","floor":39.0,"gold_loss":0.0,"damage_taken":0.0},{"damage_healed":0.0,"max_hp_gain":0.0,"max_hp_loss":0.0,"gold_gain":0.0,"event_name":"MindBloom","player_choice":"Fight","floor":47.0,"gold_loss":0.0,"damage_taken":0.0},{"cards_removed":["Strike_R"],"damage_healed":0.0,"max_hp_gain":0.0,"max_hp_loss":0.0,"gold_gain":0.0,"event_name":"Falling","player_choice":"Removed Attack","floor":42.0,"gold_loss":0.0,"damage_taken":0.0},{"damage_healed":0.0,"max_hp_gain":0.0,"max_hp_loss":0.0,"gold_gain":0.0,"event_name":"MindBloom","player_choice":"Fight","floor":45.0,"gold_loss":0.0,"damage_taken":0.0},{"damage_healed":0,"gold_gain":56,"player_choice":"Gained Gold","damage_taken":0,"max_hp_gain":0,"max_hp_loss":0,"event_name":"Golden Wing","floor":36,"gold_loss":0},{"damage_healed":0,"gold_gain":0,"player_choice":"Ignored","damage_taken":0,"max_hp_gain":0,"max_hp_loss":0,"event_name":"Liars Game","floor":39,"gold_loss":0},{"damage_healed":0,"gold_gain":0,"player_choice":"Take Damage","damage_taken":14,"relics_obtained":["Golden Idol"],"max_hp_gain":0,"max_hp_loss":0,"event_name":"Golden Idol","floor":44,"gold_loss":0},{"damage_healed":0,"gold_gain":75,"player_choice":"Touch","damage_taken":4,"max_hp_gain":0,"max_hp_loss":0,"event_name":"FaceTrader","floor":53,"gold_loss":0},{"damage_healed":0,"gold_gain":0,"player_choice":"Opened","damage_taken":0,"relics_obtained":["reliquary:Buckler"],"max_hp_gain":0,"max_hp_loss":0,"event_name":"The Mausoleum","floor":65,"gold_loss":0,"cards_obtained":["Writhe"]},{"damage_healed":0,"gold_gain":0,"player_choice":"Paid","damage_taken":0,"relics_obtained":["Red Mask"],"max_hp_gain":0,"max_hp_loss":0,"event_name":"Tomb of Lord Red Mask","floor":71,"gold_loss":2333},{"damage_healed":0,"gold_gain":0,"player_choice":"Ignored","damage_taken":0,"max_hp_gain":0,"max_hp_loss":0,"event_name":"Transmorgrifier","floor":72,"gold_loss":0},{"damage_healed":0,"gold_gain":0,"player_choice":"Fight","damage_taken":0,"max_hp_gain":0,"max_hp_loss":0,"event_name":"MindBloom","floor":76,"gold_loss":0}],"is_beta":false,"boss_relics":[{"not_picked":["Pandora\u0027s Box","Black Blood"],"picked":"SacredBark"},{"not_picked":["Empty Cage","Runic Cube"],"picked":"Astrolabe"},{"not_picked":["reliquary:KinkedSpring","Pandora\u0027s Box"],"picked":"Black Star"},{"not_picked":["Calling Bell","reliquary:Ember"],"picked":"Philosopher\u0027s Stone"}],"items_purged_floors":[],"is_endless":false,"potions_floor_spawned":[6,7,10,2,6,7,16,18,22,30,19,23,25,37,41,44,46,36,39,45,47,35,50,55,64,67,75,81],"ascension_level":0}}