{"host":"hk6dyp3pgs92n0l4","time":1612019620,"event":{"mods":["AchievementEnabler","BaseMod","Colored Powertips","Duelist Mod","GifTheSpireLib","Minty Spire (QoL Compilation)","StSLib","The Hierophant"],"gold_per_floor":[116,291,291,306,316,316,335,361,414,424,437,437,19,34,34,138,188,200,219,233,233],"floor_reached":20,"language":"ENG","playtime":765,"items_purged":["Strike_B"],"score":198,"play_id":"3f6db2d0-7675-404f-b9ce-aff7727185d5","local_time":"20210130071340","is_ascension_mode":true,"campfire_choices":[{"data":"White Noise","floor":6,"key":"SMITH"},{"floor":15,"key":"REST"}],"circlet_count":0,"master_deck":["Strike_B","Strike_B","Strike_B","Defend_B","Defend_B","Defend_B","Defend_B+1","Zap","Dualcast","Redo+1","Loop","White Noise+1","Capacitor","Ball Lightning","Coolheaded","Transmutation","Coolheaded","Creative AI","Leap+1"],"relics":["Cracked Core","NeowsBlessing","Mercury Hourglass","Regal Pillow","Orichalcum","Tiny House"],"acts_visited":["Exordium","TheCity"],"potions_floor_usage":[8],"damage_taken":[{"damage":0,"enemies":"2 Louse","floor":1,"turns":1},{"damage":0,"enemies":"Jaw Worm","floor":4,"turns":1},{"damage":0,"enemies":"Small Slimes","floor":5,"turns":1},{"damage":6,"enemies":"Exordium Thugs","floor":7,"turns":3},{"damage":13,"enemies":"Lagavulin","floor":8,"turns":5},{"damage":6,"enemies":"Exordium Wildlife","floor":10,"turns":2},{"damage":11,"enemies":"2 Fungi Beasts","floor":11,"turns":3},{"damage":15,"enemies":"3 Louse","floor":14,"turns":3},{"damage":25,"enemies":"The Guardian","floor":16,"turns":11},{"damage":17,"enemies":"Spheric Guardian","floor":18,"turns":4},{"damage":18,"enemies":"Chosen","floor":19,"turns":5},{"damage":38,"enemies":"Snecko","floor":20,"turns":6}],"seed_played":"-4486434765943703072","potions_obtained":[{"floor":4,"key":"SpeedPotion"},{"floor":7,"key":"SkillPotion"},{"floor":10,"key":"ColorlessPotion"},{"floor":11,"key":"EssenceOfSteel"},{"floor":17,"key":"FairyPotion"}],"is_trial":false,"path_per_floor":["M","?","?","M","M","R","M","E","T","M","M","?","$","M","R","B",null,"M","M","M"],"character_chosen":"DEFECT","items_purchased":["Transmutation","Orichalcum"],"campfire_rested":1,"item_purchase_floors":[13,13],"current_hp_per_floor":[75,75,75,75,75,75,69,56,56,50,39,39,39,24,61,36,80,63,45,7,7],"gold":233,"neow_bonus":"THREE_ENEMY_KILL","is_daily":false,"chose_seed":false,"campfire_upgraded":1,"win_rate":0.0,"timestamp":1612019620,"path_taken":["M","?","?","M","M","R","M","E","T","M","M","?","$","M","R","BOSS","M","M","M"],"items_purchased_type":["Card","Relic"],"build_version":"2020-12-22","purchased_purges":1,"victory":false,"max_hp_per_floor":[75,75,75,75,75,75,75,75,75,75,75,75,75,75,75,75,80,80,80,80,80],"card_choices":[{"not_picked":["Recycle","Doom and Gloom"],"picked":"Redo","floor":1},{"not_picked":["Rip and Tear","Hologram"],"picked":"Loop","floor":4},{"not_picked":["Go for the Eyes","Steam"],"picked":"White Noise","floor":5},{"not_picked":["Undo","Melter","Redo"],"picked":"SKIP","floor":7},{"not_picked":["Streamline","Ball Lightning"],"picked":"Capacitor","floor":8},{"not_picked":["Streamline","Auto Shields"],"picked":"Ball Lightning","floor":10},{"not_picked":["Beam Cell","Glacier"],"picked":"Coolheaded","floor":11},{"not_picked":["Turbo","Cold Snap"],"picked":"Coolheaded","floor":14},{"not_picked":["Meteor Strike","Electrodynamics"],"picked":"Creative AI","floor":16},{"not_picked":["Steam Power+1","Sweeping Beam+1","Redo"],"picked":"SKIP","floor":18},{"not_picked":["Skim","Melter","FTL"],"picked":"SKIP","floor":19},{"not_picked":["Skim","Sweeping Beam"],"picked":"Leap+1","floor":20}],"player_experience":94961,"relics_obtained":[{"floor":8,"key":"Mercury Hourglass"},{"floor":9,"key":"Regal Pillow"}],"event_choices":[{"damage_healed":0,"gold_gain":175,"player_choice":"AGREE","damage_taken":0,"max_hp_gain":0,"max_hp_loss":0,"event_name":"Liars Game","floor":2,"gold_loss":0,"cards_obtained":["Doubt"]},{"damage_healed":0,"gold_gain":0,"player_choice":"Grow","damage_taken":0,"max_hp_gain":0,"max_hp_loss":0,"event_name":"Living Wall","floor":3,"gold_loss":0,"cards_upgraded":["Redo"]},{"cards_removed":["Doubt"],"damage_healed":0,"gold_gain":0,"player_choice":"Removed Curses","damage_taken":0,"max_hp_gain":0,"max_hp_loss":0,"event_name":"Fountain of Cleansing","floor":12,"gold_loss":0}],"is_beta":false,"boss_relics":[{"not_picked":["Fusion Hammer","Pandora\u0027s Box"],"picked":"Tiny House"}],"items_purged_floors":[13],"is_endless":false,"potions_floor_spawned":[4,7,10,11,19,20],"killed_by":"Snecko","ascension_level":2}}