{"host":"farxtl2u8hmkbdo2","time":1612033030,"event":{"mods":["A Magickal Journey","BaseMod","Better Altar","Better Note","Better Sensory Stone","Better Skull","Better Third Choice","Challenge The Spire","Colored Map","Colored Powertips","Current Relic Mod","Energized Spire","Fox Events","Gremlin Mod","Hermit","Hubris","Mimic Mod","Minty Spire (QoL Compilation)","Quick Restart","READ ME - Guardian Mod","READ ME - Snecko Mod","Rare Cards Sparkle","StSLib","The Bladedancer","The Bug Knight","The Cursed","The Disciple","The Hierophant","The Marked","The Necromancer","The Runesmith","Transform Curses"],"gold_per_floor":[109,122,122,139,139,172,191,191,241,272,272,283,300,333,333,435,435,452,26,26,46,46,73,73,73],"floor_reached":24,"language":"SPA","playtime":1400,"items_purged":[],"score":248,"play_id":"fb5bdd0c-2f63-4aea-bc2f-905796ae7c1f","local_time":"20210130155710","is_ascension_mode":true,"campfire_choices":[{"data":"TheCursedMod:DemonicPact","floor":8.0,"key":"SMITH"},{"data":"TheCursedMod:NeowsMight","floor":11.0,"key":"SMITH"},{"data":"TheCursedMod:BloodBarrier","floor":15,"key":"SMITH"}],"circlet_count":0,"master_deck":["TheCursedMod:Strike_TheCursed","TheCursedMod:Strike_TheCursed","TheCursedMod:Strike_TheCursed","TheCursedMod:Strike_TheCursed","TheCursedMod:Defend_TheCursed","TheCursedMod:Defend_TheCursed","TheCursedMod:Defend_TheCursed","TheCursedMod:CursedWand","TheCursedMod:CleanUpWorkshop+1","TheCursedMod:Dregs","TheCursedMod:CursedBlade","TheCursedMod:NeowsMight+1","TheCursedMod:SmokeScreen+1","TheCursedMod:DemonicPact+1","TheCursedMod:Grudge","TheCursedMod:HellfireBreathing","TheCursedMod:CursedAmulet","TheCursedMod:ManaBullet","TheCursedMod:BloodBarrier+1","TheCursedMod:DemonSword","TheCursedMod:CircleOfCorruption","TheCursedMod:CollectTribute+1","TheCursedMod:RapidMovement","TheCursedMod:HellfireBreathing+1","TheCursedMod:SoulCrush","TheCursedMod:DemonicPact+1","TheCursedMod:WearCloak"],"relics":["TheCursedMod:BlackMagic101","Unceasing Top","War Paint","Toy Ornithopter","Matryoshka","hubris:SlimyHat","Frozen Egg 2","Nloth\u0027s Gift","Lantern"],"acts_visited":["Exordium","TheCity"],"potions_floor_usage":[14,14,14,16,23],"damage_taken":[{"damage":1.0,"enemies":"2 Louse","floor":1.0,"turns":3.0},{"damage":1.0,"enemies":"Jaw Worm","floor":2.0,"turns":3.0},{"damage":0.0,"enemies":"Cultist","floor":4.0,"turns":3.0},{"damage":17.0,"enemies":"Gremlin Nob","floor":6.0,"turns":5.0},{"damage":2.0,"enemies":"3 Louse","floor":7.0,"turns":2.0},{"damage":15.0,"enemies":"3 Sentries","floor":10.0,"turns":6.0},{"damage":0.0,"enemies":"Lots of Slimes","floor":12.0,"turns":2.0},{"damage":0.0,"enemies":"Red Slaver","floor":13.0,"turns":4.0},{"damage":8,"enemies":"Lagavulin","floor":14,"turns":6},{"damage":27,"enemies":"Slime Boss","floor":16,"turns":9},{"damage":0,"enemies":"3 Byrds","floor":18,"turns":4},{"damage":10,"enemies":"Spheric Guardian","floor":21,"turns":4},{"damage":70,"enemies":"Book of Stabbing","floor":23,"turns":6},{"damage":11,"enemies":"Snake Plant","floor":24,"turns":1}],"seed_played":"-4843364374878952584","potions_obtained":[{"floor":2.0,"key":"SteroidPotion"},{"floor":6.0,"key":"SteroidPotion"},{"floor":10.0,"key":"LiquidBronze"},{"floor":12.0,"key":"Strength Potion"},{"floor":13.0,"key":"SkillPotion"},{"floor":14,"key":"Regen Potion"},{"floor":18,"key":"Swift Potion"},{"floor":21,"key":"Ancient Potion"}],"is_trial":false,"path_per_floor":["M","M","?","M","T","E","M","R","T","E","R","M","M","E","R","B",null,"M","$","?","M","?","E","M"],"character_chosen":"THE_CURSED","items_purchased":["Frozen Egg 2","TheCursedMod:CollectTribute+1","TheCursedMod:RapidMovement"],"campfire_rested":0,"item_purchase_floors":[19,19,19],"current_hp_per_floor":[81,80,73,73,73,56,54,54,54,39,39,39,39,46,46,39,82,82,82,82,72,72,7,0,0],"gold":73,"neow_bonus":"TEN_PERCENT_HP_BONUS","is_daily":false,"chose_seed":false,"campfire_upgraded":3,"win_rate":0.0,"timestamp":1612033030,"path_taken":["M","M","?","M","?","E","M","R","T","E","R","M","M","E","R","BOSS","M","$","?","?","?","E","?"],"items_purchased_type":["Relic","Card","Card"],"build_version":"2020-12-22","purchased_purges":0,"victory":false,"max_hp_per_floor":[82,82,82,82,82,82,82,82,82,82,82,82,82,82,82,82,82,82,82,82,82,82,82,82,82],"card_choices":[{"not_picked":["TheCursedMod:WearCloak","TheCursedMod:Obscuration"],"picked":"TheCursedMod:CursedBlade","floor":1.0},{"not_picked":["TheCursedMod:CursedAmulet","TheCursedMod:CursedBlade"],"picked":"TheCursedMod:NeowsMight","floor":2.0},{"not_picked":["TheCursedMod:FuryStrike","TheCursedMod:Stigma"],"picked":"TheCursedMod:SmokeScreen","floor":4.0},{"not_picked":["TheCursedMod:Obscuration","TheCursedMod:Grudge"],"picked":"TheCursedMod:DemonicPact","floor":6.0},{"not_picked":["TheCursedMod:FleshFromBone","TheCursedMod:AshesToAshes"],"picked":"TheCursedMod:Grudge","floor":7.0},{"not_picked":["TheCursedMod:CollectTribute","TheCursedMod:CursedSpellbook"],"picked":"TheCursedMod:HellfireBreathing","floor":10.0},{"not_picked":["TheCursedMod:Stretching","TheCursedMod:TroublousMinions"],"picked":"TheCursedMod:CursedAmulet","floor":12.0},{"not_picked":["TheCursedMod:Torture","TheCursedMod:CursedShiv"],"picked":"TheCursedMod:ManaBullet","floor":13.0},{"not_picked":["TheCursedMod:Obscuration","TheCursedMod:Torture"],"picked":"TheCursedMod:BloodBarrier","floor":14},{"not_picked":["TheCursedMod:StunningStrike","TheCursedMod:CursedRelics"],"picked":"TheCursedMod:DemonSword","floor":16},{"not_picked":["TheCursedMod:BlessingInDisguise","TheCursedMod:CircleOfFlame"],"picked":"TheCursedMod:CircleOfCorruption","floor":18},{"not_picked":["TheCursedMod:CursedMace","TheCursedMod:CursedBlade"],"picked":"TheCursedMod:HellfireBreathing+1","floor":21},{"not_picked":["TheCursedMod:CircleOfCorruption","TheCursedMod:DoubleShield"],"picked":"TheCursedMod:WearCloak","floor":23}],"player_experience":1972426,"relics_obtained":[{"floor":5.0,"key":"Unceasing Top"},{"floor":6.0,"key":"War Paint"},{"floor":9.0,"key":"Toy Ornithopter"},{"floor":10.0,"key":"Matryoshka"},{"floor":14,"key":"hubris:SlimyHat"},{"floor":23,"key":"Lantern"}],"event_choices":[{"cards_removed":["TheCursedMod:Defend_TheCursed"],"damage_healed":0.0,"max_hp_gain":0.0,"max_hp_loss":0.0,"gold_gain":0.0,"event_name":"Golden Wing","player_choice":"Card Removal","floor":3.0,"gold_loss":0.0,"damage_taken":7.0},{"damage_healed":0,"gold_gain":0,"player_choice":"Traded Relic","damage_taken":0,"relics_obtained":["Nloth\u0027s Gift"],"max_hp_gain":0,"max_hp_loss":0,"event_name":"N\u0027loth","floor":20,"relics_lost":["hubris:GrandSneckoEye"],"gold_loss":0},{"damage_healed":0,"gold_gain":0,"player_choice":"2 cards matched","damage_taken":0,"max_hp_gain":0,"max_hp_loss":0,"event_name":"Match and Keep!","floor":22,"gold_loss":0,"cards_obtained":["TheCursedMod:SoulCrush","TheCursedMod:DemonicPact"]}],"is_beta":false,"boss_relics":[{"not_picked":["Ectoplasm","energizedSpire:MagnifyingGlass"],"picked":"hubris:GrandSneckoEye"}],"items_purged_floors":[],"is_endless":false,"potions_floor_spawned":[2,6,10,12,13,14,18,21],"killed_by":"Snake Plant","ascension_level":1}}