{"host":"bxn2em57qlx5u4i0","time":1612019819,"event":{"mods":["BaseMod","Colored Map","Colored Powertips","Highlight Path","Minty Spire (QoL Compilation)","Random Character Button","Relic Sorter","Relic Stats","StSLib","SuperFastMode"],"gold_per_floor":[116,116,116,134,152,180,180,180,180],"floor_reached":8,"language":"ENG","playtime":168,"items_purged":[],"score":112,"play_id":"62bde52d-c712-47a1-9a0d-561f8a22e2bb","local_time":"20210130101659","is_ascension_mode":true,"campfire_choices":[{"floor":7,"key":"REST"}],"circlet_count":0,"master_deck":["AscendersBane","Strike_G","Strike_G","Strike_G","Strike_G","Defend_G","Defend_G","Defend_G","Defend_G","Survivor","Neutralize","Infinite Blades","Predator","Dagger Spray","Terror"],"relics":["Ring of the Snake","Anchor","Art of War"],"acts_visited":["Exordium"],"potions_floor_usage":[6,6],"damage_taken":[{"damage":2,"enemies":"2 Louse","floor":1,"turns":3},{"damage":2,"enemies":"Jaw Worm","floor":4,"turns":5},{"damage":0,"enemies":"Cultist","floor":5,"turns":3},{"damage":22,"enemies":"3 Sentries","floor":6,"turns":7},{"damage":36,"enemies":"Gremlin Nob","floor":8,"turns":3}],"seed_played":"4963807135319121799","potions_obtained":[{"floor":1,"key":"DistilledChaos"},{"floor":5,"key":"Weak Potion"}],"is_trial":false,"path_per_floor":["M","?","?","M","M","E","R","E"],"character_chosen":"THE_SILENT","items_purchased":[],"campfire_rested":1,"item_purchase_floors":[],"current_hp_per_floor":[42,42,31,29,29,7,26,0,0],"gold":180,"neow_bonus":"REMOVE_TWO","is_daily":false,"chose_seed":false,"campfire_upgraded":0,"win_rate":0.0,"timestamp":1612019819,"path_taken":["M","?","?","M","?","E","R","E"],"items_purchased_type":[],"build_version":"2020-12-22","purchased_purges":0,"victory":false,"max_hp_per_floor":[66,66,66,66,66,66,66,66,66],"relic_stats":{"counters":[5,21],"Art of War":[0],"obtain_stats":[{"Anchor":3,"Art of War":6,"Ring of the Snake":0},{"Anchor":1,"Art of War":4,"Ring of the Snake":0},{"Anchor":3,"Art of War":18,"Ring of the Snake":0}],"Ring of the Snake":[10]},"card_choices":[{"not_picked":["Concentrate","Sucker Punch"],"picked":"Infinite Blades","floor":1},{"not_picked":["Blur","Expertise"],"picked":"Predator","floor":4},{"not_picked":["Blade Dance","Sucker Punch"],"picked":"Dagger Spray","floor":5},{"not_picked":["All Out Attack","Deflect"],"picked":"Terror","floor":6}],"player_experience":2977519,"relics_obtained":[{"floor":6,"key":"Art of War"}],"event_choices":[{"damage_healed":0,"gold_gain":0,"player_choice":"Ignored","damage_taken":0,"max_hp_gain":0,"max_hp_loss":0,"event_name":"Liars Game","floor":2,"gold_loss":0},{"damage_healed":0,"gold_gain":0,"player_choice":"Success","damage_taken":11,"relics_obtained":["Anchor"],"max_hp_gain":0,"max_hp_loss":0,"event_name":"Scrap Ooze","floor":3,"gold_loss":0}],"is_beta":false,"boss_relics":[],"items_purged_floors":[],"is_endless":false,"potions_floor_spawned":[1,5],"killed_by":"Gremlin Nob","ascension_level":20}}