{"host":"qswkx8hggytna0kc","time":1612022005,"event":{"mods":["Aspiration","BaseMod","BetterRewards","Colored Map","Colored Powertips","Highlight Path","Hubris","Mimic Mod","Minty Spire (QoL Compilation)","MostiFishMod","Quick Restart","Replay The Spire","StSLib","SuperFastMode"],"gold_per_floor":[115,130,142,158,169,169,198,198,223,223,248,104,122,135,135,237,237,249,267,287,301,313,339,339,339,370,405,424,-976,-945,-945,-945,-843,-843,-830,-814,-814,-796,-783,-783,-772,-740,-707,-707,-707,-707,-676,-664,-664,-664,-664,-664,-664,-639,-639],"floor_reached":56,"language":"ZHS","playtime":2242,"items_purged":["Strike_R","Strike_R","Strike_R"],"score":2140,"play_id":"5d8eebdf-1790-424b-902e-d81a44d963e6","local_time":"20210130235325","is_ascension_mode":true,"campfire_choices":[{"data":"Perfected Strike","floor":6.0,"key":"SMITH"},{"data":"Havoc","floor":8.0,"key":"SMITH"},{"floor":15.0,"key":"DIG"},{"data":"ReplayTheSpireMod:Strike From Hell","floor":32,"key":"SMITH"},{"floor":40,"key":"RECALL"},{"data":"Dark Embrace","floor":44,"key":"SMITH"},{"data":"MostiFishMod:HellRitual","floor":49,"key":"SMITH"},{"data":"hubris:StunningStrike","floor":52,"key":"SMITH"}],"circlet_count":0,"master_deck":["Strike_R","Defend_R","Defend_R","Defend_R","Bash","ReplayTheSpireMod:Stacked","ReplayTheSpireMod:Strike From Hell+1","Havoc+1","Perfected Strike+1","Burning Pact","Battle Trance","hubris:Insight","ReplayTheSpireMod:Stacked","ReplayTheSpireMod:Strike From Hell","Offering","MostiFishMod:HellRitual+1","Blood for Blood","Replay:Undeath\u0027s Touch","hubris:StunningStrike+1","Perfected Strike","Perfected Strike+1","Finesse","Clash","Battle Trance","Warcry","Anger+1","ReplayTheSpireMod:Limb From Limb","MostiFishMod:PerfectStrikeMKII","MostiFishMod:HellRitual","ReplayTheSpireMod:Strike From Hell+1","ReplayTheSpireMod:Strike From Hell+1","hubris:CleavingFinish+1","Burning Pact+1","Dark Embrace+1","Sword Boomerang","MostiFishMod:HellRitual","Feel No Pain+1","MostiFishMod:WingOfPhoenix"],"relics":["Black Blood","DaveBox","JellyFishMachine","aspiration:Nostalgia","Ring of the Snake","SynthV:TestCard","hubris:Metronome","Bronze Scales","Paper Frog","DiscerningMonocle","Pear","White Beast Statue","Mango","aspiration:FutureDiary","Pet Ghost","aspiration:StickyExplosives_weak","ReplayTheSpireMod:Shallot","HandDrill","Replay:Bottled Steam","Magic Flower","hubris:BottledRain","StoneCalendar","SynthV:MejaisSoulstealer","hubris:IronBody","Replay:Bottled Flurry","hubris:SlimyHat","hubris:SphereOfDissonance","Replay:Baseball"],"acts_visited":["Exordium","TheCity","TheBeyond","TheEnding"],"potions_floor_usage":[30,30,50,54,55],"damage_taken":[{"damage":0.0,"enemies":"Small Slimes","floor":1.0,"turns":3.0},{"damage":0.0,"enemies":"Cultist","floor":2.0,"turns":3.0},{"damage":0.0,"enemies":"2 Louse","floor":3.0,"turns":2.0},{"damage":0.0,"enemies":"Exordium Wildlife","floor":4.0,"turns":4.0},{"damage":0.0,"enemies":"2 Fungi Beasts","floor":5.0,"turns":3.0},{"damage":31.0,"enemies":"Replay:BlueRogue","floor":7.0,"turns":8.0},{"damage":0.0,"enemies":"Lagavulin","floor":11.0,"turns":3.0},{"damage":0.0,"enemies":"Looter","floor":13.0,"turns":1.0},{"damage":8.0,"enemies":"Blue Slaver","floor":14.0,"turns":3.0},{"damage":27.0,"enemies":"Fading Forest","floor":16.0,"turns":11.0},{"damage":12.0,"enemies":"Spheric Guardian","floor":18.0,"turns":3.0},{"damage":5.0,"enemies":"Shell Parasite","floor":19.0,"turns":4.0},{"damage":27.0,"enemies":"Sentry and Sphere","floor":20.0,"turns":5.0},{"damage":15.0,"enemies":"Snecko","floor":21.0,"turns":4.0},{"damage":14.0,"enemies":"Chosen and Byrds","floor":22.0,"turns":3.0},{"damage":25.0,"enemies":"Replay:Snechameleon","floor":23.0,"turns":7.0},{"damage":6,"enemies":"Shelled Parasite and Fungi","floor":26,"turns":4},{"damage":10,"enemies":"Slavers","floor":27,"turns":3},{"damage":6,"enemies":"Shelled Parasite and Fungi","floor":28,"turns":2},{"damage":6,"enemies":"Gremlin Leader","floor":30,"turns":4},{"damage":6,"enemies":"Pondfish","floor":33,"turns":5},{"damage":4,"enemies":"3 Shapes","floor":35,"turns":2},{"damage":6,"enemies":"3 Darklings","floor":36,"turns":3},{"damage":0,"enemies":"Maw","floor":38,"turns":4},{"damage":6,"enemies":"Transient","floor":39,"turns":5},{"damage":6,"enemies":"Spire Growth","floor":41,"turns":2},{"damage":6,"enemies":"R_Hoarder","floor":42,"turns":4},{"damage":6,"enemies":"Maw","floor":43,"turns":3},{"damage":6,"enemies":"Giant Head","floor":47,"turns":3},{"damage":6,"enemies":"Maw","floor":48,"turns":3},{"damage":41,"enemies":"Replay:Hell Engine","floor":50,"turns":5},{"damage":6,"enemies":"Shield and Spear","floor":54,"turns":3},{"damage":27,"enemies":"The Heart","floor":55,"turns":5}],"seed_played":"-3203125308681105773","potions_obtained":[{"floor":1.0,"key":"Energy Potion"},{"floor":2.0,"key":"LifebloodPotion"},{"floor":5.0,"key":"Fire Potion"},{"floor":19.0,"key":"DuplicationPotion"},{"floor":21.0,"key":"Explosive Potion"},{"floor":23.0,"key":"Fire Potion"},{"floor":26,"key":"Flashbang"},{"floor":30,"key":"SkillPotion"},{"floor":33,"key":"Energy Potion"},{"floor":54,"key":"BlessingOfTheForge"}],"is_trial":false,"path_per_floor":["M","M","M","M","M","R","E","R","T","?","E","$","M","M","R_BF","B",null,"M","M","M","M","M","E","$","?","MIM","E","M","$","E","?","R","B",null,"M","M","$","M","M","R","M","E","MIM","R","?","?","E","M","R","B",null,"R","$","E","B",null],"character_chosen":"IRONCLAD","items_purchased":["DiscerningMonocle","hubris:Insight","Pear","White Beast Statue","BloodPotion","ReplayTheSpireMod:Stacked","aspiration:StickyExplosives_weak","ReplayTheSpireMod:Shallot","HandDrill","Finesse","Clash","Battle Trance","Warcry","hubris:BottledRain","StoneCalendar","ReplayTheSpireMod:Limb From Limb","SynthV:MejaisSoulstealer"],"campfire_rested":0,"item_purchase_floors":[12,12,12,12,12,12,24,24,24,24,24,24,24,29,29,29,29],"current_hp_per_floor":[78,80,80,80,80,80,55,55,55,55,61,71,77,75,89,76,97,91,92,71,62,54,55,55,55,55,51,54,54,57,57,57,60,93,104,104,104,104,104,104,104,104,104,104,104,104,104,104,104,81,98,98,98,104,95],"gold":-639,"neow_bonus":"NOSTALGIA","is_daily":false,"chose_seed":false,"campfire_upgraded":6,"win_rate":0.0,"timestamp":1612022005,"path_taken":["M","M","M","M","M","R","E","R","T","?","E","?","M","M","R_BF","BOSS","M","M","M","M","M","E","$","?","MIM","E","M","$","E","?","R","BOSS","M","M","$","M","M","R","M","E","MIM","R","?","?","E","?","R","BOSS","R","$","E","BOSS"],"items_purchased_type":["Relic","Card","Relic","Relic","Potion","Card","Relic","Relic","Relic","Card","Card","Card","Card","Relic","Relic","Card","Relic"],"build_version":"2020-12-22","purchased_purges":3,"victory":true,"max_hp_per_floor":[80,80,80,80,80,80,80,80,80,80,80,90,90,90,104,104,104,104,104,104,104,104,104,104,104,104,104,104,104,104,104,104,104,104,104,104,104,104,104,104,104,104,104,104,104,104,104,104,104,104,104,104,104,104,104],"card_choices":[{"not_picked":["Carnage","Massacre"],"picked":"ReplayTheSpireMod:Stacked","floor":1.0},{"not_picked":["Flex","Heavy Blade","Wild Strike","Headbutt"],"picked":"ReplayTheSpireMod:Strike From Hell","floor":2.0},{"not_picked":["ReplayTheSpireMod:LeadingStrike","Shrug It Off","Anger","Uppercut"],"picked":"Havoc","floor":3.0},{"not_picked":["Armaments","Cleave","Sword Boomerang","Shrug It Off"],"picked":"Perfected Strike","floor":4.0},{"not_picked":["Sever Soul","Replay:Undeath\u0027s Touch","ReplayTheSpireMod:Strike From Hell","Cleave"],"picked":"Burning Pact","floor":5.0},{"not_picked":["Warcry","Headbutt","Bludgeon","Defy Death"],"picked":"Battle Trance","floor":7.0},{"not_picked":["Whirlwind","Run Through","Clothesline","ReplayTheSpireMod:Muscle Training","Searing Blow"],"picked":"SKIP","floor":11.0},{"not_picked":["Flex","Massacre","Rampage","Cleave"],"picked":"ReplayTheSpireMod:Strike From Hell","floor":13.0},{"not_picked":["Combust","Havoc","Hemokinesis","Heavy Blade"],"picked":"Offering","floor":14.0},{"not_picked":["MostiFishMod:CullingBlade","MostiFishMod:WingOfPhoenix","Limit Break","Feed"],"picked":"MostiFishMod:HellRitual","floor":16.0},{"not_picked":["Thunderclap","Twin Strike","Massacre","Heavy Blade","Headbutt"],"picked":"SKIP","floor":18.0},{"not_picked":["hubris:ReadiedAction+1","Iron Wave","Replay:Undeath\u0027s Touch","Thunderclap+1"],"picked":"Blood for Blood","floor":19.0},{"not_picked":["Dual Wield","Armaments","True Grit","Seeing Red"],"picked":"Replay:Undeath\u0027s Touch","floor":20.0},{"not_picked":["Thunderclap","Body Slam","Cleave","Run Through+1"],"picked":"hubris:StunningStrike","floor":21.0},{"not_picked":["Fire Breathing","Shrug It Off","MostiFishMod:#F4004","Ghostly Armor"],"picked":"Perfected Strike","floor":22.0},{"not_picked":["Bloodletting","Seeing Red","hubris:ReadiedAction+1","Massacre"],"picked":"Perfected Strike+1","floor":23.0},{"not_picked":["ReplayTheSpireMod:Strike From Hell","Burning Pact+1","Sentinel","True Grit"],"picked":"Anger+1","floor":26},{"not_picked":["hubris:ReadiedAction+1","ReplayTheSpireMod:Stacked","Sever Soul+1","Disarm","Heavy Blade"],"picked":"SKIP","floor":27},{"not_picked":["Thunderclap","Perfected Strike","Run Through","Cleave","Searing Blow"],"picked":"SKIP","floor":28},{"not_picked":["Clothesline","Reckless Charge","Shrug It Off","Cleave"],"picked":"MostiFishMod:PerfectStrikeMKII","floor":30},{"not_picked":["MostiFishMod:DarkDeal","Offering","MostiFishMod:PerfectStrikeMKII","MostiFishMod:FlyOverUtopia"],"picked":"MostiFishMod:HellRitual","floor":33},{"not_picked":["Warcry","Clash","Clothesline","Combust","Cleave"],"picked":"SKIP","floor":35},{"not_picked":["Infernal Blade","Replay:Undeath\u0027s Touch","hubris:ReadiedAction+1","Reckless Charge+1"],"picked":"ReplayTheSpireMod:Strike From Hell+1","floor":36},{"not_picked":["Sword Boomerang+1","True Grit","Searing Blow","Heavy Blade+1","Iron Wave+1"],"picked":"SKIP","floor":38},{"not_picked":["Clothesline","Wild Strike+1","Anger","True Grit"],"picked":"ReplayTheSpireMod:Strike From Hell+1","floor":39},{"not_picked":["Anger","Searing Blow+1","ReplayTheSpireMod:Strike From Hell","Power Through"],"picked":"hubris:CleavingFinish+1","floor":41},{"not_picked":["Whirlwind","Life Link","Reckless Charge","hubris:ReadiedAction+1"],"picked":"Burning Pact+1","floor":42},{"not_picked":["Sever Soul+1","ReplayTheSpireMod:Limb From Limb","Bloodletting","ReplayTheSpireMod:Corrosion Curse+1"],"picked":"Dark Embrace","floor":43},{"not_picked":["Sword Boomerang","Clothesline","Warcry+1","Thunderclap"],"picked":"MostiFishMod:HellRitual","floor":47},{"not_picked":["Flame Barrier+1","Perfected Strike","Twin Strike+1","ReplayTheSpireMod:Stacked"],"picked":"Feel No Pain+1","floor":48},{"not_picked":["MostiFishMod:#F4004","Uppercut+1","Warcry","Cleave+1"],"picked":"MostiFishMod:WingOfPhoenix","floor":54}],"player_experience":385324,"relics_obtained":[{"floor":1.0,"key":"SynthV:TestCard"},{"floor":7.0,"key":"hubris:Metronome"},{"floor":11.0,"key":"Paper Frog"},{"floor":15.0,"key":"Mango"},{"floor":23.0,"key":"Pet Ghost"},{"floor":26,"key":"Replay:Bottled Steam"},{"floor":27,"key":"Magic Flower"},{"floor":30,"key":"hubris:IronBody"},{"floor":42,"key":"Replay:Bottled Flurry"},{"floor":43,"key":"hubris:SlimyHat"},{"floor":47,"key":"hubris:SphereOfDissonance"},{"floor":54,"key":"Replay:Baseball"}],"event_choices":[{"damage_healed":0.0,"max_hp_gain":0.0,"max_hp_loss":0.0,"gold_gain":0.0,"event_name":"WeMeetAgain","player_choice":"Gave Potion","floor":10.0,"gold_loss":0.0,"damage_taken":0.0,"relics_obtained":["Bronze Scales"]},{"cards_removed":["Defend_R"],"damage_healed":0,"gold_gain":0,"player_choice":"Removed Skill","damage_taken":0,"max_hp_gain":0,"max_hp_loss":0,"event_name":"Falling","floor":45,"gold_loss":0},{"damage_healed":0,"gold_gain":0,"cards_transformed":["Strike_R"],"player_choice":"Transformed","damage_taken":0,"max_hp_gain":0,"max_hp_loss":0,"event_name":"Transmorgrifier","floor":46,"gold_loss":0,"cards_obtained":["Sword Boomerang"]}],"is_beta":false,"boss_relics":[{"not_picked":["Tiny House","hubris:CrackedHourglass"],"picked":"aspiration:FutureDiary"},{"not_picked":["Busted Crown","hubris:GrandSneckoEye"],"picked":"Black Blood"}],"items_purged_floors":[12,24,29],"is_endless":false,"potions_floor_spawned":[1,2,5,13,14,16,18,19,20,21,22,23,26,27,28,30,33,35,36,38,39,41,42,43,47,48,54],"ascension_level":9}}