{"host":"s2k2cf2d36evfy1t","time":1612042892,"event":{"mods":["BaseMod","Bestiary","Minty Spire (QoL Compilation)","Quick Restart","StSLib"],"gold_per_floor":[118,118,118,83,99,134,134,163,163,19,38,3,3,18,18,113,113,125,54,65,65,65,65,75,75,157,157,72,107,117,127,127,224,224,237,237,237,254,273,273,284,284,284,30,41,60,60,77,77,77,77],"floor_reached":50,"language":"ENG","playtime":2336,"items_purged":[],"score":639,"play_id":"31b8ad7f-1169-4949-8b44-311638c85e71","local_time":"20210131004132","is_ascension_mode":true,"campfire_choices":[{"data":"Survivor","floor":7.0,"key":"SMITH"},{"floor":15.0,"key":"REST"},{"floor":23.0,"key":"REST"},{"data":"Noxious Fumes","floor":25.0,"key":"SMITH"},{"floor":27.0,"key":"REST"},{"floor":32.0,"key":"REST"},{"floor":40,"key":"REST"},{"floor":42,"key":"REST"},{"floor":47,"key":"REST"},{"floor":49,"key":"REST"}],"circlet_count":0,"master_deck":["Defend_G","Defend_G","Defend_G","Defend_G","Defend_G","Survivor+1","Neutralize+1","Blade Dance","Dodge and Roll","Deadly Poison","Noxious Fumes","Dagger Spray","Noxious Fumes+1","Bane","Venomology+1","Footwork","Escape Plan","Escape Plan","Bite","Bite","Bite","Bite","Bite","Catalyst+1","Crippling Poison","Envenom","Madness","Madness","Poisoned Stab+1","Escape Plan+1","Parasite"],"relics":["Ring of the Snake","Bag of Marbles","Question Card","TungstenRod","Bottled Tornado","ClockworkSouvenir","SlaversCollar","Nilry\u0027s Codex","Pantograph","Singing Bowl","Mummified Hand","Busted Crown","StoneCalendar","Bronze Scales"],"acts_visited":["Exordium","TheCity","TheBeyond"],"potions_floor_usage":[38,39,39,41,41,45,45,45,45,45,45,46,48,50],"damage_taken":[{"damage":0.0,"enemies":"Small Slimes","floor":1.0,"turns":4.0},{"damage":0.0,"enemies":"Jaw Worm","floor":5.0,"turns":4.0},{"damage":18.0,"enemies":"3 Sentries","floor":6.0,"turns":13.0},{"damage":32.0,"enemies":"Gremlin Nob","floor":8.0,"turns":5.0},{"damage":0.0,"enemies":"Cultist","floor":11.0,"turns":3.0},{"damage":10.0,"enemies":"Exordium Thugs","floor":14.0,"turns":5.0},{"damage":21.0,"enemies":"Slime Boss","floor":16.0,"turns":8.0},{"damage":28.0,"enemies":"Shell Parasite","floor":18.0,"turns":7.0},{"damage":4.0,"enemies":"Chosen","floor":20.0,"turns":5.0},{"damage":5.0,"enemies":"Centurion and Healer","floor":24.0,"turns":8.0},{"damage":27.0,"enemies":"Slavers","floor":29.0,"turns":5.0},{"damage":4.0,"enemies":"Cultist and Chosen","floor":30.0,"turns":6.0},{"damage":21.0,"enemies":"Snake Plant","floor":31.0,"turns":3.0},{"damage":31.0,"enemies":"Champ","floor":33.0,"turns":9.0},{"damage":11,"enemies":"Orb Walker","floor":35,"turns":5},{"damage":25,"enemies":"3 Shapes","floor":38,"turns":5},{"damage":12,"enemies":"Transient","floor":39,"turns":5},{"damage":25,"enemies":"Jaw Worm Horde","floor":41,"turns":5},{"damage":30,"enemies":"Sphere and 2 Shapes","floor":45,"turns":5},{"damage":7,"enemies":"Spire Growth","floor":46,"turns":4},{"damage":35,"enemies":"Writhing Mass","floor":48,"turns":5},{"damage":66,"enemies":"Donu and Deca","floor":50,"turns":4}],"seed_played":"2410890995124710089","potions_obtained":[{"floor":5.0,"key":"CunningPotion"},{"floor":14.0,"key":"CultistPotion"},{"floor":18.0,"key":"SteroidPotion"},{"floor":30.0,"key":"DuplicationPotion"},{"floor":33.0,"key":"Explosive Potion"},{"floor":35,"key":"Dexterity Potion"},{"floor":39,"key":"CultistPotion"},{"floor":46,"key":"GamblersBrew"}],"is_trial":false,"path_per_floor":["M","?","?","?","M","E","R","E","T","$","M","$","?","M","R","B",null,"M","$","M","?","?","R","M","R","T","R","?","E","M","M","R","B",null,"M","?","?","M","M","R","M","R","T","$","M","M","R","M","R","B"],"character_chosen":"THE_SILENT","items_purchased":["ClockworkSouvenir","Noxious Fumes","Escape Plan","EntropicBrew","Bronze Scales"],"campfire_rested":8,"item_purchase_floors":[10,12,19,44,44],"current_hp_per_floor":[63,63,63,63,63,45,45,13,13,13,13,13,13,3,24,3,53,25,25,21,9,9,23,24,24,24,38,38,17,31,18,33,28,47,46,40,40,21,15,31,16,33,33,33,13,14,32,7,25,0,0],"gold":77,"neow_bonus":"RANDOM_COMMON_RELIC","is_daily":false,"chose_seed":false,"campfire_upgraded":2,"win_rate":0.0,"timestamp":1612042892,"path_taken":["M","?","?","?","M","E","R","E","T","?","?","$","?","M","R","BOSS","M","$","M","?","?","R","M","R","T","R","?","E","?","M","R","BOSS","M","?","?","M","M","R","M","R","T","$","M","?","R","M","R","BOSS"],"items_purchased_type":["Relic","Card","Card","Potion","Relic"],"build_version":"2020-12-22","purchased_purges":0,"victory":false,"max_hp_per_floor":[70,70,70,70,70,70,70,70,70,70,70,70,70,70,70,70,70,70,70,70,70,49,49,49,49,49,49,49,51,51,53,53,53,53,55,55,55,55,55,55,57,57,57,57,59,61,61,63,63,63,63],"card_choices":[{"not_picked":["Backflip","Deadly Poison"],"picked":"Blade Dance","floor":1.0},{"not_picked":["Underhanded Strike","Riddle With Holes"],"picked":"Dodge and Roll","floor":5.0},{"not_picked":["Blade Dance","Underhanded Strike"],"picked":"Deadly Poison","floor":6.0},{"not_picked":["Deflect","Expertise","Venomology"],"picked":"Noxious Fumes","floor":8.0},{"not_picked":["Terror","Flechettes","Sucker Punch"],"picked":"Dagger Spray","floor":11.0},{"not_picked":["Accuracy","Sucker Punch","PiercingWail"],"picked":"Bane","floor":14.0},{"not_picked":["Bullet Time","Doppelganger","Adrenaline"],"picked":"Venomology","floor":16.0},{"not_picked":["Backflip+1","Flying Knee","Predator"],"picked":"Footwork","floor":18.0},{"not_picked":["Blade Dance","Slice","Bane"],"picked":"Escape Plan","floor":20.0},{"not_picked":["Malaise","Dagger Spray+1","Backflip"],"picked":"Catalyst+1","floor":24.0},{"not_picked":["Finisher","Doppelganger","Eviscerate+1","Caltrops"],"picked":"Singing Bowl","floor":29.0},{"not_picked":["Prepared","Quick Slash","Caltrops+1"],"picked":"Crippling Poison","floor":30.0},{"not_picked":["Slice","Poisoned Stab+1","Noxious Fumes","Quick Slash"],"picked":"Singing Bowl","floor":31.0},{"not_picked":["Wraith Form v2","Storm of Steel","Bullet Time"],"picked":"Envenom","floor":33.0},{"not_picked":["Escape Plan","Underhanded Strike+1"],"picked":"Singing Bowl","floor":35},{"not_picked":["Quick Slash+1"],"picked":"Poisoned Stab+1","floor":38},{"not_picked":["Deadly Poison"],"picked":"Escape Plan+1","floor":39},{"not_picked":["Setup","Tactician"],"picked":"Singing Bowl","floor":41},{"not_picked":["Quick Slash+1","Concentrate"],"picked":"Singing Bowl","floor":45},{"not_picked":["Acrobatics","Dash+1"],"picked":"Singing Bowl","floor":46},{"not_picked":["Bouncing Flask+1","Dagger Throw+1"],"picked":"Singing Bowl","floor":48}],"player_experience":237406,"relics_obtained":[{"floor":6.0,"key":"Question Card"},{"floor":8.0,"key":"TungstenRod"},{"floor":9.0,"key":"Bottled Tornado"},{"floor":21.0,"key":"Nilry\u0027s Codex"},{"floor":26.0,"key":"Pantograph"},{"floor":29.0,"key":"Mummified Hand"},{"floor":43,"key":"StoneCalendar"}],"event_choices":[{"damage_healed":0.0,"max_hp_gain":0.0,"max_hp_loss":0.0,"gold_gain":0.0,"event_name":"Golden Wing","player_choice":"Ignored","floor":2.0,"gold_loss":0.0,"damage_taken":0.0},{"damage_healed":0.0,"max_hp_gain":0.0,"max_hp_loss":0.0,"gold_gain":0.0,"event_name":"Living Wall","player_choice":"Grow","floor":3.0,"gold_loss":0.0,"damage_taken":0.0,"cards_upgraded":["Neutralize"]},{"damage_healed":0.0,"max_hp_gain":0.0,"max_hp_loss":0.0,"gold_gain":0.0,"event_name":"World of Goop","player_choice":"Left Gold","floor":4.0,"gold_loss":35.0,"damage_taken":0.0},{"damage_healed":0.0,"max_hp_gain":0.0,"max_hp_loss":0.0,"gold_gain":0.0,"event_name":"Dead Adventurer","player_choice":"Searched \u00270\u0027 times","floor":13.0,"gold_loss":0.0,"damage_taken":0.0},{"damage_healed":0.0,"max_hp_gain":0.0,"max_hp_loss":0.0,"gold_gain":0.0,"event_name":"Cursed Tome","player_choice":"Obtained Book","floor":21.0,"gold_loss":0.0,"damage_taken":16.0},{"damage_healed":0.0,"max_hp_gain":0.0,"max_hp_loss":21.0,"gold_gain":0.0,"event_name":"Vampires","player_choice":"Became a vampire","floor":22.0,"gold_loss":0.0,"damage_taken":0.0,"cards_obtained":["Bite","Bite","Bite","Bite","Bite"]},{"damage_healed":0.0,"max_hp_gain":0.0,"max_hp_loss":0.0,"gold_gain":0.0,"event_name":"Addict","player_choice":"Obtained Relic","floor":28.0,"gold_loss":85.0,"damage_taken":0.0,"relics_obtained":["Singing Bowl"]},{"damage_healed":0,"gold_gain":0,"player_choice":"Embrace Madness","damage_taken":7,"max_hp_gain":0,"max_hp_loss":0,"event_name":"Winding Halls","floor":36,"gold_loss":0,"cards_obtained":["Madness","Madness"]},{"damage_healed":0,"gold_gain":0,"player_choice":"Upgraded","damage_taken":0,"max_hp_gain":0,"max_hp_loss":0,"event_name":"Upgrade Shrine","floor":37,"gold_loss":0,"cards_upgraded":["Venomology"]}],"is_beta":false,"boss_relics":[{"not_picked":["Black Star","Ectoplasm"],"picked":"SlaversCollar"},{"not_picked":["Sozu","HoveringKite"],"picked":"Busted Crown"}],"items_purged_floors":[],"is_endless":false,"potions_floor_spawned":[5,14,18,30,33,35,39,46],"killed_by":"Donu and Deca","ascension_level":6}}