{"host":"mnpd8gh7cwxsn5kh","time":1612024961,"event":{"mods":["BaseMod","Bestiary","Block Reminder","Colored Map","Colored Powertips","Highlight Path","Minty Spire (QoL Compilation)","Relic Sorter","Relic Stats"],"gold_per_floor":[368,368,386,100,100,135,135,165,190,160,160,191,266,313,313,412,412,424,424,443,493,511,545,621,543,624,658,275,303,303,321,321,321,321],"floor_reached":33,"language":"ENG","playtime":3169,"items_purged":[],"score":527,"play_id":"d057035b-8685-4e98-9c37-d7e0153f8d3a","local_time":"20210130174241","is_ascension_mode":true,"campfire_choices":[{"data":"Metallicize","floor":7,"key":"SMITH"},{"floor":11,"key":"REST"},{"data":"Entrench","floor":15,"key":"SMITH"},{"data":"Barricade","floor":32,"key":"SMITH"}],"circlet_count":0,"master_deck":["Strike_R","Strike_R","Strike_R","Strike_R","Strike_R","Defend_R","Defend_R","Defend_R","Defend_R","Bash","Body Slam+1","Rampage","Metallicize+1","Entrench+1","Shrug It Off","Demon Form","Ghostly Armor","Barricade+1","Uppercut","Entrench+1","Pummel","Metallicize+1","Body Slam","Warcry","Shrug It Off","Shrug It Off","Battle Trance","Metallicize","Metallicize"],"relics":["Burning Blood","PreservedInsect","Art of War","Ancient Tea Set","Boot","Juzu Bracelet","Tiny Chest","Anchor","Coffee Dripper","Vajra","Potion Belt","Meat on the Bone","White Beast Statue","Regal Pillow","Dead Branch","Paper Frog"],"acts_visited":["Exordium","TheCity"],"potions_floor_usage":[8,12,16,22,27,28,33,33],"damage_taken":[{"damage":8,"enemies":"2 Louse","floor":1,"turns":2},{"damage":6,"enemies":"Cultist","floor":3,"turns":4},{"damage":32,"enemies":"3 Sentries","floor":6,"turns":11},{"damage":40,"enemies":"Lagavulin","floor":8,"turns":12},{"damage":7,"enemies":"3 Sentries","floor":12,"turns":5},{"damage":0,"enemies":"Hexaghost","floor":16,"turns":9},{"damage":0,"enemies":"Shell Parasite","floor":18,"turns":5},{"damage":0,"enemies":"2 Thieves","floor":20,"turns":4},{"damage":0,"enemies":"Shelled Parasite and Fungi","floor":22,"turns":4},{"damage":30,"enemies":"Gremlin Leader","floor":23,"turns":7},{"damage":10,"enemies":"Book of Stabbing","floor":27,"turns":5},{"damage":12,"enemies":"Slavers","floor":29,"turns":6},{"damage":0,"enemies":"Centurion and Healer","floor":31,"turns":7},{"damage":74,"enemies":"Automaton","floor":33,"turns":10}],"seed_played":"-6408130103392238903","potions_obtained":[{"floor":3,"key":"Weak Potion"},{"floor":6,"key":"Ancient Potion"},{"floor":10,"key":"LiquidMemories"},{"floor":10,"key":"SkillPotion"},{"floor":16,"key":"DistilledChaos"},{"floor":20,"key":"HeartOfIron"},{"floor":27,"key":"Fruit Juice"},{"floor":29,"key":"SmokeBomb"},{"floor":31,"key":"FearPotion"}],"is_trial":false,"path_per_floor":["M","?","M","$","T","E","R","E","T","?","R","E","?","T","R","B",null,"M","?","M","T","M","E","T","$","T","E","$","E","?","M","R","B"],"character_chosen":"IRONCLAD","items_purchased":["Metallicize","Entrench","PreservedInsect","Body Slam","Warcry","Shrug It Off","Battle Trance","Dead Branch"],"campfire_rested":1,"item_purchase_floors":[4,4,4,25,25,28,28,28],"current_hp_per_floor":[70,70,70,70,70,44,44,10,10,10,31,30,19,19,19,25,60,66,66,72,72,72,48,48,48,48,44,49,55,55,61,61,0,0],"gold":321,"neow_bonus":"TWO_FIFTY_GOLD","is_daily":false,"chose_seed":false,"campfire_upgraded":3,"win_rate":0.0,"timestamp":1612024961,"path_taken":["M","?","M","$","?","E","R","E","T","?","R","E","?","?","R","BOSS","M","?","M","?","M","E","?","$","T","E","?","E","?","M","R","BOSS"],"items_purchased_type":["Card","Card","Relic","Card","Card","Card","Card","Relic"],"build_version":"2020-12-22","purchased_purges":0,"victory":false,"max_hp_per_floor":[72,72,72,72,72,72,72,72,72,72,72,72,72,72,72,72,72,72,72,72,72,72,72,72,72,72,72,77,77,77,77,77,77,77],"relic_stats":{"Regal Pillow":0,"counters":[14,91],"Dead Branch":[5],"Tiny Chest":1,"PreservedInsect":218,"Art of War":[7],"Juzu Bracelet":2,"Boot":[31],"obtain_stats":[{"Potion Belt":23,"Regal Pillow":27,"Dead Branch":28,"Vajra":21,"PreservedInsect":4,"Juzu Bracelet":9,"Ancient Tea Set":6,"Boot":8,"Burning Blood":0,"White Beast Statue":26,"Anchor":14,"Tiny Chest":12,"Art of War":5,"Coffee Dripper":17,"Meat on the Bone":24,"Paper Frog":29},{"Potion Belt":10,"Regal Pillow":11,"Dead Branch":11,"Vajra":8,"PreservedInsect":2,"Juzu Bracelet":4,"Ancient Tea Set":3,"Boot":4,"Burning Blood":0,"White Beast Statue":10,"Anchor":5,"Tiny Chest":5,"Art of War":2,"Coffee Dripper":6,"Meat on the Bone":10,"Paper Frog":12},{"Potion Belt":63,"Regal Pillow":68,"Dead Branch":68,"Vajra":52,"PreservedInsect":6,"Juzu Bracelet":29,"Ancient Tea Set":17,"Boot":29,"Burning Blood":0,"White Beast Statue":63,"Anchor":34,"Tiny Chest":34,"Art of War":6,"Coffee Dripper":43,"Meat on the Bone":63,"Paper Frog":74}],"Burning Blood":72,"Meat on the Bone":12},"card_choices":[{"not_picked":["True Grit","Rupture"],"picked":"Body Slam","floor":1},{"not_picked":["Uppercut","Wild Strike"],"picked":"Rampage","floor":3},{"not_picked":["Heavy Blade","Anger"],"picked":"Shrug It Off","floor":6},{"not_picked":["Anger","Uppercut"],"picked":"Demon Form","floor":8},{"not_picked":["Entrench","Impervious"],"picked":"Ghostly Armor","floor":12},{"not_picked":["Reaper","Juggernaut"],"picked":"Barricade","floor":16},{"not_picked":["Heavy Blade","Headbutt"],"picked":"Uppercut","floor":18},{"not_picked":["Sever Soul","Blood for Blood"],"picked":"Pummel","floor":20},{"not_picked":["Rage","Thunderclap","Anger"],"picked":"SKIP","floor":22},{"not_picked":["Rampage","Iron Wave"],"picked":"Metallicize+1","floor":23},{"not_picked":["Limit Break","Warcry"],"picked":"Shrug It Off","floor":27},{"not_picked":["Clash","Infernal Blade"],"picked":"Metallicize","floor":29},{"not_picked":["Clothesline+1","Thunderclap+1"],"picked":"Metallicize","floor":31}],"player_experience":200869,"relics_obtained":[{"floor":5,"key":"Art of War"},{"floor":6,"key":"Ancient Tea Set"},{"floor":8,"key":"Boot"},{"floor":9,"key":"Juzu Bracelet"},{"floor":12,"key":"Tiny Chest"},{"floor":14,"key":"Anchor"},{"floor":21,"key":"Vajra"},{"floor":23,"key":"Potion Belt"},{"floor":24,"key":"Meat on the Bone"},{"floor":26,"key":"White Beast Statue"},{"floor":27,"key":"Regal Pillow"},{"floor":29,"key":"Paper Frog"}],"event_choices":[{"damage_healed":0,"gold_gain":0,"player_choice":"Upgraded","damage_taken":0,"max_hp_gain":0,"max_hp_loss":0,"event_name":"Upgrade Shrine","floor":2,"gold_loss":0,"cards_upgraded":["Body Slam"]},{"damage_healed":0,"gold_gain":0,"player_choice":"Bought 2 Potions","damage_taken":0,"max_hp_gain":0,"max_hp_loss":0,"event_name":"The Woman in Blue","floor":10,"gold_loss":0},{"damage_healed":0,"gold_gain":75,"player_choice":"Gather Gold","damage_taken":11,"max_hp_gain":0,"max_hp_loss":0,"event_name":"World of Goop","floor":13,"gold_loss":0},{"damage_healed":0,"gold_gain":0,"player_choice":"Copied","damage_taken":0,"max_hp_gain":0,"max_hp_loss":0,"event_name":"Duplicator","floor":19,"gold_loss":0,"cards_obtained":["Entrench"]},{"damage_healed":0,"gold_gain":0,"player_choice":"Ignored","damage_taken":0,"max_hp_gain":0,"max_hp_loss":0,"event_name":"The Mausoleum","floor":30,"gold_loss":0}],"is_beta":false,"boss_relics":[{"not_picked":["SlaversCollar","Fusion Hammer"],"picked":"Coffee Dripper"}],"items_purged_floors":[],"is_endless":false,"potions_floor_spawned":[3,6,16,20,27,29,31],"killed_by":"Automaton","ascension_level":6}}