{"host":"sc0o2qwpf9j16a4i","time":1612026320,"event":{"mods":["AchievementEnabler","BaseMod","BetterRewards","Block Reminder","Colored Map","Colored Powertips","Custom Start","Highlight Path","Minty Spire (QoL Compilation)","Relic Stats"],"gold_per_floor":[118,118,131,143,143,143,177,177,177,192,226,261,261,294,294,393,393,412,0,20,20,20,46,8,35,59,78,78,111,129,155,155,256,256,273,293,293,309,322,354,354,367,415,430,0,11,43,70,70,70],"floor_reached":51,"language":"ENG","playtime":2070,"items_purged":[],"score":1370,"play_id":"95bf6060-333d-4aab-bf2d-98665d40e083","local_time":"20210130190520","daily_mods":["SealedDeck","Time Dilation","DeadlyEvents"],"is_ascension_mode":false,"campfire_choices":[{"data":"True Grit","floor":6,"key":"SMITH"},{"data":"Armaments","floor":8,"key":"SMITH"},{"data":"Disarm","floor":13,"key":"SMITH"},{"data":"Uppercut","floor":15,"key":"SMITH"},{"data":"Feel No Pain","floor":28,"key":"SMITH"},{"data":"Impervious","floor":32,"key":"SMITH"},{"floor":41,"key":"REST"},{"floor":49,"key":"REST"}],"circlet_count":0,"master_deck":["Burning Pact","Shrug It Off","Body Slam","Anger","Sword Boomerang","Armaments+1","Sentinel","True Grit+1","Carnage","Shockwave","Infernal Blade","Uppercut+1","Metallicize","Flame Barrier","Pommel Strike+1","Rampage+1","Disarm+1","Disarm","Impervious+1","Feel No Pain+1","Jack Of All Trades","Entrench","Bludgeon+1","Disarm","Corruption","Uppercut+1","Feed+1","Feed+1","Spot Weakness","Flame Barrier+1","True Grit+1","Fiend Fire+1","Shrug It Off+1","Feel No Pain+1","Dark Embrace+1","True Grit"],"relics":["Burning Blood","FossilizedHelix","Molten Egg 2","Question Card","Ancient Tea Set","Omamori","Snecko Eye","Membership Card","Bag of Preparation","Pantograph","Paper Frog","Shuriken","Pen Nib","Blue Candle","HornCleat","Fusion Hammer","Orichalcum","Art of War","Red Mask","Centennial Puzzle","Vajra"],"acts_visited":["Exordium","TheCity","TheBeyond"],"potions_floor_usage":[11,12,16,29,30,33,42,48,50],"damage_taken":[{"damage":7,"enemies":"Small Slimes","floor":1,"turns":3},{"damage":11,"enemies":"Jaw Worm","floor":3,"turns":2},{"damage":0,"enemies":"Cultist","floor":4,"turns":2},{"damage":11,"enemies":"3 Sentries","floor":7,"turns":7},{"damage":0,"enemies":"Looter","floor":10,"turns":3},{"damage":0,"enemies":"Lagavulin","floor":11,"turns":4},{"damage":0,"enemies":"3 Sentries","floor":12,"turns":8},{"damage":0,"enemies":"Lagavulin","floor":14,"turns":6},{"damage":0,"enemies":"The Guardian","floor":16,"turns":8},{"damage":0,"enemies":"Chosen","floor":18,"turns":3},{"damage":0,"enemies":"Shell Parasite","floor":20,"turns":4},{"damage":0,"enemies":"Slavers","floor":23,"turns":5},{"damage":12,"enemies":"Gremlin Leader","floor":25,"turns":6},{"damage":0,"enemies":"Centurion and Healer","floor":27,"turns":3},{"damage":0,"enemies":"Slavers","floor":29,"turns":3},{"damage":0,"enemies":"Shelled Parasite and Fungi","floor":30,"turns":2},{"damage":0,"enemies":"Gremlin Leader","floor":31,"turns":2},{"damage":0,"enemies":"Champ","floor":33,"turns":7},{"damage":0,"enemies":"Orb Walker","floor":35,"turns":1},{"damage":0,"enemies":"3 Darklings","floor":36,"turns":2},{"damage":0,"enemies":"Writhing Mass","floor":38,"turns":4},{"damage":0,"enemies":"4 Shapes","floor":39,"turns":2},{"damage":0,"enemies":"Reptomancer","floor":40,"turns":3},{"damage":0,"enemies":"Sphere and 2 Shapes","floor":42,"turns":4},{"damage":0,"enemies":"Writhing Mass","floor":44,"turns":4},{"damage":0,"enemies":"Maw","floor":46,"turns":7},{"damage":0,"enemies":"Giant Head","floor":47,"turns":5},{"damage":0,"enemies":"Nemesis","floor":48,"turns":3},{"damage":0,"enemies":"Time Eater","floor":50,"turns":8}],"seed_played":"8323629262065689509","potions_obtained":[{"floor":3,"key":"LiquidBronze"},{"floor":10,"key":"SkillPotion"},{"floor":11,"key":"Swift Potion"},{"floor":12,"key":"BlessingOfTheForge"},{"floor":20,"key":"Weak Potion"},{"floor":27,"key":"BloodPotion"},{"floor":29,"key":"DistilledChaos"},{"floor":31,"key":"Dexterity Potion"},{"floor":36,"key":"AttackPotion"},{"floor":48,"key":"Fire Potion"}],"is_trial":true,"path_per_floor":["M","?","M","M","?","R","E","R","T","M","E","E","R","E","R","B",null,"M","$","M","?","?","E","$","E","T","M","R","E","M","E","R","B",null,"M","M","?","M","M","E","R","M","T","M","?","M","E","E","R","B",null],"character_chosen":"IRONCLAD","items_purchased":["Membership Card","Feel No Pain","Bag of Preparation","Pantograph","Jack Of All Trades","Disarm"],"campfire_rested":2,"item_purchase_floors":[19,19,19,19,19,24],"current_hp_per_floor":[79,79,74,80,80,80,75,75,75,80,80,80,80,80,80,80,80,80,80,80,80,65,71,71,65,65,71,71,85,85,85,85,89,89,89,89,89,89,97,97,97,105,105,105,105,109,113,117,117,117],"gold":70,"neow_bonus":"","is_daily":false,"chose_seed":false,"campfire_upgraded":6,"win_rate":0.0,"timestamp":1612026320,"path_taken":["M","?","M","M","?","R","E","R","T","M","?","E","R","?","R","BOSS","M","$","M","?","?","E","?","?","T","?","R","?","M","E","R","BOSS","M","M","?","?","M","E","R","M","T","M","?","M","E","?","R","BOSS"],"items_purchased_type":["Relic","Card","Relic","Relic","Card","Card"],"build_version":"2020-12-22","purchased_purges":0,"victory":true,"max_hp_per_floor":[80,80,80,80,80,80,80,80,80,80,80,80,80,80,80,80,80,80,80,80,80,85,85,85,85,85,85,85,85,85,85,85,89,89,89,89,89,89,97,97,97,105,105,105,105,109,113,117,117,117],"relic_stats":{"counters":[29,121],"Blue Candle":[0],"Pen Nib":[10],"Bag of Preparation":[38],"Orichalcum":[12],"Question Card":22,"Burning Blood":47,"Centennial Puzzle":[0],"Shuriken":[15],"Pantograph":0,"Snecko Eye":[161,180,161,188],"Art of War":[6],"obtain_stats":[{"Blue Candle":29,"Vajra":48,"Pen Nib":26,"Omamori":14,"Bag of Preparation":19,"Orichalcum":40,"Question Card":11,"Ancient Tea Set":12,"Burning Blood":0,"Centennial Puzzle":47,"HornCleat":31,"Shuriken":25,"Pantograph":19,"Snecko Eye":17,"Molten Egg 2":9,"Fusion Hammer":34,"Art of War":43,"Red Mask":45,"Membership Card":19,"FossilizedHelix":7,"Paper Frog":23},{"Blue Candle":15,"Vajra":28,"Pen Nib":13,"Omamori":8,"Bag of Preparation":10,"Orichalcum":23,"Question Card":6,"Ancient Tea Set":7,"Burning Blood":0,"Centennial Puzzle":27,"HornCleat":17,"Shuriken":13,"Pantograph":10,"Snecko Eye":9,"Molten Egg 2":4,"Fusion Hammer":18,"Art of War":24,"Red Mask":25,"Membership Card":10,"FossilizedHelix":4,"Paper Frog":12},{"Blue Candle":67,"Vajra":113,"Pen Nib":61,"Omamori":35,"Bag of Preparation":46,"Orichalcum":90,"Question Card":21,"Ancient Tea Set":29,"Burning Blood":0,"Centennial Puzzle":110,"HornCleat":71,"Shuriken":61,"Pantograph":46,"Snecko Eye":43,"Molten Egg 2":14,"Fusion Hammer":78,"Art of War":94,"Red Mask":98,"Membership Card":46,"FossilizedHelix":14,"Paper Frog":55}]},"card_choices":[{"not_picked":["Armaments","Warcry"],"picked":"Infernal Blade","floor":1},{"not_picked":["Dropkick","Anger"],"picked":"Uppercut","floor":3},{"not_picked":["Clash","Anger"],"picked":"Metallicize","floor":4},{"not_picked":["Carnage","Combust"],"picked":"Flame Barrier","floor":7},{"not_picked":["Perfected Strike+1","Limit Break"],"picked":"Pommel Strike+1","floor":10},{"not_picked":["Cleave+1","Perfected Strike+1"],"picked":"Rampage+1","floor":11},{"not_picked":["Rampage+1","Anger+1","Battle Trance"],"picked":"Disarm","floor":12},{"not_picked":["Combust","Pommel Strike+1","Heavy Blade+1"],"picked":"Disarm","floor":14},{"not_picked":["Reaper+1","Corruption","Brutality"],"picked":"Impervious","floor":16},{"not_picked":["Hemokinesis+1","Pommel Strike+1","Twin Strike+1","Sword Boomerang+1"],"picked":"SKIP","floor":18},{"not_picked":["True Grit","Evolve+1","Blood for Blood+1"],"picked":"Entrench","floor":20},{"not_picked":["Thunderclap+1","Shrug It Off","Havoc"],"picked":"Bludgeon+1","floor":23},{"not_picked":["Spot Weakness","Shockwave","Feel No Pain+1"],"picked":"Corruption","floor":25},{"not_picked":["Anger+1","Heavy Blade+1","Thunderclap+1","Clothesline+1"],"picked":"SKIP","floor":27},{"not_picked":["Rupture+1","Heavy Blade+1","Pommel Strike+1"],"picked":"Uppercut+1","floor":29},{"not_picked":["Dropkick+1","Anger+1","Carnage+1"],"picked":"Feed+1","floor":30},{"not_picked":["Bloodletting","Limit Break","Rupture"],"picked":"Feed+1","floor":31},{"not_picked":["Fiend Fire+1","Limit Break","Juggernaut"],"picked":"Reaper+1","floor":33},{"not_picked":["Cleave+1","Havoc","Pommel Strike+1"],"picked":"Spot Weakness","floor":35},{"not_picked":["Sword Boomerang+1","Twin Strike+1","Iron Wave+1","Clash+1"],"picked":"SKIP","floor":36},{"not_picked":["Pommel Strike+1","Clothesline+1","Rampage+1"],"picked":"Flame Barrier+1","floor":38},{"not_picked":["Cleave+1","Havoc+1","Fire Breathing"],"picked":"True Grit+1","floor":39},{"not_picked":["Headbutt+1","Rampage+1","Hemokinesis+1"],"picked":"Fiend Fire+1","floor":40},{"not_picked":["Uppercut+1","Flex+1","Body Slam+1"],"picked":"Shrug It Off+1","floor":42},{"not_picked":["Armaments","Pommel Strike+1","Twin Strike+1"],"picked":"Feel No Pain+1","floor":44},{"not_picked":["Shockwave+1","Thunderclap+1","Heavy Blade+1"],"picked":"Dark Embrace+1","floor":46},{"not_picked":["Searing Blow+1","Armaments","Anger+1","Rage+1"],"picked":"SKIP","floor":47},{"not_picked":["Warcry","Brutality","Evolve"],"picked":"True Grit","floor":48}],"player_experience":1098420,"relics_obtained":[{"floor":7,"key":"FossilizedHelix"},{"floor":9,"key":"Molten Egg 2"},{"floor":11,"key":"Question Card"},{"floor":12,"key":"Ancient Tea Set"},{"floor":14,"key":"Omamori"},{"floor":23,"key":"Paper Frog"},{"floor":25,"key":"Shuriken"},{"floor":26,"key":"Pen Nib"},{"floor":29,"key":"Blue Candle"},{"floor":31,"key":"HornCleat"},{"floor":40,"key":"Orichalcum"},{"floor":43,"key":"Art of War"},{"floor":47,"key":"Centennial Puzzle"},{"floor":48,"key":"Vajra"}],"event_choices":[{"damage_healed":0,"gold_gain":0,"player_choice":"Leave","damage_taken":0,"max_hp_gain":0,"max_hp_loss":0,"event_name":"The Cleric","floor":2,"gold_loss":0},{"damage_healed":0,"gold_gain":0,"player_choice":"Ignored","damage_taken":0,"max_hp_gain":0,"max_hp_loss":0,"event_name":"Purifier","floor":5,"gold_loss":0},{"damage_healed":0,"gold_gain":0,"player_choice":"Ignored","damage_taken":0,"max_hp_gain":0,"max_hp_loss":0,"event_name":"Vampires","floor":21,"gold_loss":0},{"damage_healed":0,"gold_gain":0,"player_choice":"Shed Blood","damage_taken":20,"max_hp_gain":5,"max_hp_loss":0,"event_name":"Forgotten Altar","floor":22,"gold_loss":0},{"cards_removed":["Reaper"],"damage_healed":0,"gold_gain":0,"player_choice":"Removed Attack","damage_taken":0,"max_hp_gain":0,"max_hp_loss":0,"event_name":"Falling","floor":37,"gold_loss":0},{"damage_healed":0,"gold_gain":0,"player_choice":"Paid","damage_taken":0,"relics_obtained":["Red Mask"],"max_hp_gain":0,"max_hp_loss":0,"event_name":"Tomb of Lord Red Mask","floor":45,"gold_loss":430}],"is_beta":false,"boss_relics":[{"not_picked":["Ectoplasm","Runic Dome"],"picked":"Snecko Eye"},{"not_picked":["Cursed Key","Black Star"],"picked":"Fusion Hammer"}],"items_purged_floors":[],"is_endless":false,"potions_floor_spawned":[3,10,11,12,20,27,29,31,36,38,39,48],"ascension_level":0}}