{"host":"pi8b3ffzwvxqztac","time":1612042737,"event":{"mods":["BaseMod","Colored Map","Custom Start","Downfall","Minty Spire (QoL Compilation)","StSLib"],"gold_per_floor":[13,13,29,48,71,71,86,86,141,141,141,141,17,42,42,170,170,194,194,194,218,237,237,260,260,335,358,358,397,397,420,420,539,539,552,577,577,577,577,577,600,659,684,684,703,703,748,761,761,761],"floor_reached":51,"language":"ENG","playtime":2369,"items_purged":["Strike_G"],"score":833,"play_id":"b79f9afb-0ca9-4317-9a0c-eda8d5497b4c","local_time":"20210131103857","is_ascension_mode":true,"campfire_choices":[{"data":"Backflip","floor":6,"key":"SMITH"},{"data":"Neutralize","floor":8,"key":"SMITH"},{"data":"Accuracy","floor":10,"key":"SMITH"},{"data":"Blade Dance","floor":15,"key":"SMITH"},{"data":"A Thousand Cuts","floor":23,"key":"SMITH"},{"data":"Choke","floor":28,"key":"SMITH"},{"data":"Backflip","floor":30,"key":"SMITH"},{"data":"Deflect","floor":32,"key":"SMITH"},{"data":"Bullet Time","floor":40,"key":"SMITH"},{"data":"1","floor":44,"key":"LIFT"},{"data":"2","floor":46,"key":"LIFT"},{"data":"3","floor":49,"key":"LIFT"}],"circlet_count":0,"master_deck":["Strike_G","Defend_G","Defend_G","Defend_G","Defend_G","Defend_G","Survivor","Neutralize+1","Choke+1","Masterful Stab","Blade Dance+1","Backflip+1","Accuracy+1","Blade Dance","Deflect","Backflip+1","A Thousand Cuts+1","Acrobatics+1","Distraction+1","Deflect+1","Blade Dance","Slice","Bullet Time+1","Choke+1"],"relics":["Ring of the Snake","Golden Idol","Guardian:PocketSentry","bronze:DecasWashers","Coffee Dripper","MutagenicStrength","Blue Candle","Pantograph","Busted Crown","Girya","Anchor","Ancient Tea Set"],"acts_visited":["Exordium","TheCity","TheBeyond"],"potions_floor_usage":[3,18,33,41,48,50,50],"damage_taken":[{"damage":2,"enemies":"Small Slimes","floor":1,"turns":3},{"damage":0,"enemies":"2 Louse","floor":3,"turns":2},{"damage":0,"enemies":"Jaw Worm","floor":4,"turns":3},{"damage":7,"enemies":"Exordium Wildlife","floor":5,"turns":4},{"damage":0,"enemies":"Exordium Thugs","floor":7,"turns":4},{"damage":0,"enemies":"Large Slime","floor":14,"turns":4},{"damage":0,"enemies":"Slime Boss","floor":16,"turns":7},{"damage":0,"enemies":"2 Thieves","floor":18,"turns":2},{"damage":0,"enemies":"3 Byrds","floor":21,"turns":3},{"damage":0,"enemies":"Centurion and Healer","floor":22,"turns":4},{"damage":0,"enemies":"Chosen and Byrds","floor":24,"turns":3},{"damage":0,"enemies":"Snake Plant","floor":27,"turns":3},{"damage":6,"enemies":"Slavers","floor":29,"turns":5},{"damage":0,"enemies":"Cultist and Chosen","floor":31,"turns":3},{"damage":1,"enemies":"Champ","floor":33,"turns":6},{"damage":0,"enemies":"3 Darklings","floor":35,"turns":4},{"damage":0,"enemies":"Orb Walker","floor":36,"turns":2},{"damage":0,"enemies":"Maw","floor":41,"turns":4},{"damage":14,"enemies":"2 Orb Walkers","floor":42,"turns":3},{"damage":0,"enemies":"3 Darklings","floor":45,"turns":2},{"damage":0,"enemies":"Jaw Worm Horde","floor":48,"turns":3},{"damage":54,"enemies":"Time Eater","floor":50,"turns":9}],"seed_played":"5842707019159652885","potions_obtained":[{"floor":3,"key":"Fruit Juice"},{"floor":4,"key":"BlessingOfTheForge"},{"floor":5,"key":"sneckomod:MuddlingPotion"},{"floor":18,"key":"SpeedPotion"},{"floor":24,"key":"Guardian:BlockOnCardUsePotion"},{"floor":25,"key":"Fire Potion"},{"floor":25,"key":"GamblersBrew"},{"floor":31,"key":"Strength Potion"},{"floor":35,"key":"Fire Potion"},{"floor":42,"key":"PowerPotion"}],"is_trial":false,"path_per_floor":["M","?","M","M","M","R","M","R","T","R","?","?","$","M","R","B",null,"M","?","?","M","M","R","M","?","T","M","R","E","R","M","R","B",null,"M","M","?","?","?","R","M","?","T","R","M","R","T","M","R","B",null],"character_chosen":"THE_SILENT","items_purchased":["Deflect"],"campfire_rested":0,"item_purchase_floors":[13],"current_hp_per_floor":[68,51,56,56,49,49,49,49,49,49,31,31,31,31,31,31,75,75,75,75,75,75,75,75,75,75,75,75,69,69,69,69,74,75,75,75,75,75,75,75,75,61,61,61,61,61,61,61,61,21],"gold":761,"neow_bonus":"TRANSFORM_TWO_CARDS","is_daily":false,"chose_seed":false,"campfire_upgraded":9,"win_rate":0.0,"timestamp":1612042737,"path_taken":["M","?","M","M","M","R","M","R","T","R","?","?","?","?","R","BOSS","M","?","?","M","M","R","M","?","T","M","R","E","R","?","R","BOSS","M","M","?","?","?","R","M","?","T","R","M","R","?","?","R","BOSS"],"items_purchased_type":["Card"],"build_version":"2020-12-22","purchased_purges":1,"victory":true,"max_hp_per_floor":[70,70,75,75,75,75,75,75,75,75,75,75,75,75,75,75,75,75,75,75,75,75,75,75,75,75,75,75,75,75,75,75,75,75,75,75,75,75,75,75,75,75,75,75,75,75,75,75,75,75],"card_choices":[{"not_picked":["Deadly Poison","Distraction"],"picked":"Blade Dance","floor":1},{"not_picked":["Deflect","Cloak And Dagger"],"picked":"Backflip","floor":3},{"not_picked":["Skewer","Backstab"],"picked":"Accuracy","floor":4},{"not_picked":["Leg Sweep","Poisoned Stab"],"picked":"Blade Dance","floor":5},{"not_picked":["Sucker Punch","Unload","Calculated Gamble"],"picked":"SKIP","floor":7},{"not_picked":["Underhanded Strike","Flechettes"],"picked":"Backflip","floor":14},{"not_picked":["Die Die Die","Storm of Steel"],"picked":"A Thousand Cuts","floor":16},{"not_picked":["Dagger Throw","Deadly Poison"],"picked":"Acrobatics+1","floor":18},{"not_picked":["Slice","Quick Slash"],"picked":"Distraction+1","floor":21},{"not_picked":["Noxious Fumes","Endless Agony","Outmaneuver"],"picked":"SKIP","floor":22},{"not_picked":["Quick Slash","Underhanded Strike"],"picked":"Deflect","floor":24},{"not_picked":["Flying Knee+1","Prepared","Well Laid Plans+1"],"picked":"SKIP","floor":27},{"not_picked":["Burst","Slice"],"picked":"Blade Dance","floor":29},{"not_picked":["Bouncing Flask+1","Skewer"],"picked":"Slice","floor":31},{"not_picked":["Night Terror","Glass Knife"],"picked":"Bullet Time","floor":33},{"not_picked":["Flying Knee+1"],"picked":"SKIP","floor":35},{"not_picked":["Poisoned Stab+1"],"picked":"SKIP","floor":36},{"not_picked":["PiercingWail"],"picked":"SKIP","floor":41},{"not_picked":[],"picked":"Choke+1","floor":45},{"not_picked":["Quick Slash+1"],"picked":"SKIP","floor":48}],"player_experience":673883,"relics_obtained":[{"floor":9,"key":"Guardian:PocketSentry"},{"floor":26,"key":"Blue Candle"},{"floor":29,"key":"Pantograph"},{"floor":42,"key":"Girya"},{"floor":43,"key":"Anchor"},{"floor":47,"key":"Ancient Tea Set"}],"event_choices":[{"damage_healed":0,"gold_gain":0,"player_choice":"Take Damage","damage_taken":17,"relics_obtained":["Golden Idol"],"max_hp_gain":0,"max_hp_loss":0,"event_name":"Golden Idol","floor":2,"gold_loss":0},{"damage_healed":0,"gold_gain":0,"player_choice":"Success","damage_taken":18,"relics_obtained":["bronze:DecasWashers"],"max_hp_gain":0,"max_hp_loss":0,"event_name":"Scrap Ooze","floor":11,"gold_loss":0},{"damage_healed":0,"gold_gain":0,"player_choice":"Ignored","damage_taken":0,"max_hp_gain":0,"max_hp_loss":0,"event_name":"Liars Game","floor":12,"gold_loss":0},{"damage_healed":0,"gold_gain":0,"player_choice":"Inject Mutagens","damage_taken":0,"relics_obtained":["MutagenicStrength"],"max_hp_gain":0,"max_hp_loss":0,"event_name":"Drug Dealer","floor":19,"gold_loss":0},{"damage_healed":0,"gold_gain":0,"player_choice":"Ignored","damage_taken":0,"max_hp_gain":0,"max_hp_loss":0,"event_name":"Cursed Tome","floor":20,"gold_loss":0},{"damage_healed":0,"gold_gain":0,"player_choice":"Got Potions","damage_taken":0,"max_hp_gain":0,"max_hp_loss":0,"event_name":"Lab","floor":25,"gold_loss":0},{"damage_healed":0,"gold_gain":0,"player_choice":"Ignored","damage_taken":0,"max_hp_gain":0,"max_hp_loss":0,"event_name":"Tomb of Lord Red Mask","floor":37,"gold_loss":0},{"damage_healed":0,"gold_gain":0,"player_choice":"Memory 1","damage_taken":0,"max_hp_gain":0,"max_hp_loss":0,"event_name":"SensoryStone","floor":38,"gold_loss":0},{"cards_removed":["Strike_G"],"damage_healed":0,"gold_gain":0,"player_choice":"Removed Attack","damage_taken":0,"max_hp_gain":0,"max_hp_loss":0,"event_name":"Falling","floor":39,"gold_loss":0},{"damage_healed":0,"gold_gain":0,"player_choice":"Fight","damage_taken":0,"max_hp_gain":0,"max_hp_loss":0,"event_name":"Mysterious Sphere","floor":42,"gold_loss":0}],"is_beta":false,"boss_relics":[{"not_picked":["Runic Pyramid","Snecko Eye"],"picked":"Coffee Dripper"},{"not_picked":["Astrolabe","bronze:MakeshiftBattery"],"picked":"Busted Crown"}],"items_purged_floors":[13],"is_endless":false,"potions_floor_spawned":[3,4,5,18,24,31,35,36,42],"ascension_level":3}}