{"host":"qgrlfjrqk9z96gfi","time":1612032768,"event":{"mods":["BaseMod","Block Reminder","Colored Map","Custom Start","DeckTracker","Minty Spire (QoL Compilation)"],"gold_per_floor":[109,109,128,142,160,189,189,189,189],"floor_reached":8,"language":"ENG","playtime":214,"items_purged":[],"score":116,"play_id":"bf5350cf-085b-448a-90cf-cb13f2d571ff","local_time":"20210130085248","is_ascension_mode":true,"campfire_choices":[{"floor":7,"key":"REST"}],"circlet_count":0,"master_deck":["AscendersBane","Strike_G","Strike_G","Strike_G","Strike_G","Strike_G","Defend_G","Defend_G","Defend_G","Defend_G","Defend_G","Survivor","Neutralize","Blade Dance","Wraith Form v2","All Out Attack","Riddle With Holes"],"relics":["Ring of the Snake","NeowsBlessing","Pantograph"],"acts_visited":["Exordium"],"potions_floor_usage":[6],"damage_taken":[{"damage":0,"enemies":"Jaw Worm","floor":1,"turns":1},{"damage":0,"enemies":"Cultist","floor":3,"turns":1},{"damage":0,"enemies":"2 Louse","floor":4,"turns":1},{"damage":4,"enemies":"2 Fungi Beasts","floor":5,"turns":3},{"damage":37,"enemies":"Gremlin Nob","floor":6,"turns":4},{"damage":54,"enemies":"Lagavulin","floor":8,"turns":9}],"seed_played":"5688740360484139921","potions_obtained":[{"floor":4,"key":"ColorlessPotion"}],"is_trial":false,"path_per_floor":["M","?","M","M","M","E","R","E"],"character_chosen":"THE_SILENT","items_purchased":[],"campfire_rested":1,"item_purchase_floors":[],"current_hp_per_floor":[59,59,59,59,55,18,37,0,0],"gold":189,"neow_bonus":"THREE_ENEMY_KILL","is_daily":false,"chose_seed":false,"campfire_upgraded":0,"win_rate":0.0,"timestamp":1612032768,"path_taken":["M","?","M","M","?","E","R","E"],"items_purchased_type":[],"build_version":"2020-12-22","purchased_purges":0,"victory":false,"max_hp_per_floor":[66,66,66,66,66,66,66,66,66],"card_choices":[{"not_picked":["Distraction","Accuracy"],"picked":"Blade Dance","floor":1},{"not_picked":["Deflect","Dagger Throw"],"picked":"All Out Attack","floor":3},{"not_picked":["Concentrate","Reflex","Deflect"],"picked":"SKIP","floor":4},{"not_picked":["Reflex","Deflect","Setup"],"picked":"SKIP","floor":5},{"not_picked":["Blur","Sucker Punch"],"picked":"Riddle With Holes","floor":6}],"player_experience":1084828,"relics_obtained":[{"floor":6,"key":"Pantograph"}],"event_choices":[{"damage_healed":0,"gold_gain":0,"player_choice":"1 cards matched","damage_taken":0,"max_hp_gain":0,"max_hp_loss":0,"event_name":"Match and Keep!","floor":2,"gold_loss":0,"cards_obtained":["Wraith Form v2"]}],"is_beta":false,"boss_relics":[],"items_purged_floors":[],"is_endless":false,"potions_floor_spawned":[4],"killed_by":"Lagavulin","ascension_level":20}}