{"host":"jggt5i9rbuoqvque","time":1612028336,"event":{"mods":["BaseMod","Colored Map","Minty Spire (QoL Compilation)","StSLib"],"gold_per_floor":[114,114,132,143,156,156,186,111,111,111,111],"floor_reached":10,"language":"KOR","playtime":257,"items_purged":["Strike_R"],"score":92,"play_id":"be10fa90-5a0c-437c-8662-1857b52ad6be","local_time":"20210131023856","is_ascension_mode":true,"campfire_choices":[{"data":"Bash","floor":6,"key":"SMITH"}],"circlet_count":0,"master_deck":["Strike_R","Strike_R","Strike_R","Strike_R","Defend_R","Defend_R","Defend_R","Defend_R","Bash+1","Iron Wave","Rampage"],"relics":["Burning Blood","NeowsBlessing","Letter Opener","Prayer Wheel","Du-Vu Doll"],"acts_visited":["Exordium"],"potions_floor_usage":[10],"damage_taken":[{"damage":0,"enemies":"Cultist","floor":1,"turns":1},{"damage":0,"enemies":"2 Louse","floor":3,"turns":1},{"damage":0,"enemies":"Small Slimes","floor":4,"turns":1},{"damage":17,"enemies":"Gremlin Gang","floor":5,"turns":5},{"damage":50,"enemies":"3 Sentries","floor":7,"turns":12},{"damage":20,"enemies":"Lagavulin","floor":10,"turns":4}],"seed_played":"-6870226524603233360","potions_obtained":[{"floor":1,"key":"PowerPotion"},{"floor":7,"key":"DuplicationPotion"}],"is_trial":false,"path_per_floor":["M","?","M","M","M","R","E","$","T","E"],"character_chosen":"IRONCLAD","items_purchased":[],"campfire_rested":0,"item_purchase_floors":[],"current_hp_per_floor":[78,78,80,80,69,69,25,25,25,5,5],"gold":111,"neow_bonus":"THREE_ENEMY_KILL","is_daily":false,"chose_seed":false,"campfire_upgraded":1,"win_rate":0.0,"timestamp":1612028336,"path_taken":["M","?","M","?","M","R","E","$","T","E"],"items_purchased_type":[],"build_version":"2020-12-22","purchased_purges":1,"victory":false,"max_hp_per_floor":[80,80,80,80,80,80,80,80,80,80,80],"card_choices":[{"not_picked":["True Grit","Clothesline","Wild Strike"],"picked":"SKIP","floor":1},{"not_picked":["Burning Pact","Bloodletting","Flex"],"picked":"SKIP","floor":3},{"not_picked":["Barricade","Second Wind"],"picked":"Iron Wave","floor":4},{"not_picked":["Warcry","True Grit","Shrug It Off"],"picked":"SKIP","floor":5},{"not_picked":["Rage","Clash"],"picked":"Rampage","floor":7}],"player_experience":343134,"relics_obtained":[{"floor":7,"key":"Prayer Wheel"},{"floor":9,"key":"Du-Vu Doll"}],"event_choices":[{"damage_healed":0,"gold_gain":0,"player_choice":"Gave Potion","damage_taken":0,"relics_obtained":["Letter Opener"],"max_hp_gain":0,"max_hp_loss":0,"event_name":"WeMeetAgain","floor":2,"gold_loss":0}],"is_beta":false,"boss_relics":[],"items_purged_floors":[8],"is_endless":false,"potions_floor_spawned":[1,7],"killed_by":"Lagavulin","ascension_level":7}}