{"host":"2se5dq1do2gp0x9k","time":1612029851,"event":{"mods":["AchievementEnabler","BaseMod","Block Reminder","Colored Map","Colored Powertips","Minty Spire (QoL Compilation)","Relic Stats","StSLib","SuperFastMode"],"gold_per_floor":[118,132,143,17,17,42,60,60,108,121,121,152,170,196,196,268,268,283,183,183,195,214,214,248,248,248,248,260,288,300,300,300],"floor_reached":31,"language":"ENG","playtime":1295,"items_purged":["Strike_B","Strike_B"],"score":694,"play_id":"d2a3e5c4-61ce-476a-b42c-41aa9efd4fd3","local_time":"20210130100411","is_ascension_mode":true,"campfire_choices":[{"data":"Defragment","floor":8,"key":"SMITH"},{"data":"Chaos","floor":11,"key":"SMITH"},{"data":"Conserve Battery","floor":15,"key":"SMITH"},{"floor":23,"key":"RECALL"},{"floor":25,"key":"REST"},{"floor":27,"key":"REST"}],"circlet_count":0,"master_deck":["AscendersBane","Strike_B","Strike_B","Defend_B","Defend_B","Defend_B","Defend_B","Zap","Dualcast","Leap","Chaos+1","Defragment+1","Compile Driver","Ball Lightning","White Noise","Conserve Battery+1","Coolheaded","Undo","Biased Cognition","Core Surge","Conserve Battery","Ghostly","Ghostly","Ghostly","Cold Snap","Hello World+1","Echo Form","Hologram","Capacitor+1","Cold Snap"],"relics":["Cracked Core","NeowsBlessing","Meat on the Bone","Anchor","Juzu Bracelet","Kunai","Fusion Hammer","Omamori","Lizard Tail","DataDisk"],"acts_visited":["Exordium","TheCity"],"potions_floor_usage":[14,16,24],"damage_taken":[{"damage":0,"enemies":"Cultist","floor":1,"turns":1},{"damage":0,"enemies":"2 Louse","floor":2,"turns":1},{"damage":0,"enemies":"Jaw Worm","floor":3,"turns":1},{"damage":29,"enemies":"Lagavulin","floor":6,"turns":8},{"damage":13,"enemies":"Blue Slaver","floor":7,"turns":3},{"damage":4,"enemies":"Looter","floor":10,"turns":4},{"damage":39,"enemies":"Gremlin Nob","floor":12,"turns":4},{"damage":0,"enemies":"Exordium Wildlife","floor":13,"turns":5},{"damage":14,"enemies":"3 Sentries","floor":14,"turns":8},{"damage":0,"enemies":"The Guardian","floor":16,"turns":10},{"damage":14,"enemies":"Shell Parasite","floor":18,"turns":5},{"damage":1,"enemies":"Chosen","floor":21,"turns":4},{"damage":5,"enemies":"Snecko","floor":22,"turns":7},{"damage":23,"enemies":"Gremlin Leader","floor":24,"turns":11},{"damage":2,"enemies":"Centurion and Healer","floor":28,"turns":7},{"damage":47,"enemies":"Slavers","floor":29,"turns":8},{"damage":11,"enemies":"Cultist and Chosen","floor":30,"turns":8},{"damage":24,"enemies":"Snecko","floor":31,"turns":4}],"seed_played":"4493394002199140955","potions_obtained":[{"floor":6,"key":"BlessingOfTheForge"},{"floor":7,"key":"FearPotion"},{"floor":14,"key":"BlessingOfTheForge"},{"floor":18,"key":"FocusPotion"}],"is_trial":false,"path_per_floor":["M","M","M","$","$","E","M","R","T","M","R","E","M","E","R","B",null,"M","$","?","M","M","R","E","R","T","R","M","E","M","M"],"character_chosen":"DEFECT","items_purchased":["Compile Driver"],"campfire_rested":2,"item_purchase_floors":[4],"current_hp_per_floor":[64,64,64,64,64,35,34,34,34,42,42,15,27,25,25,37,63,49,49,35,34,29,29,18,28,28,35,33,29,18,0,0],"gold":300,"neow_bonus":"THREE_ENEMY_KILL","is_daily":false,"chose_seed":false,"campfire_upgraded":3,"win_rate":0.0,"timestamp":1612029851,"path_taken":["M","M","M","?","$","E","M","R","T","M","R","E","M","E","R","BOSS","M","$","?","M","M","R","E","R","T","R","M","E","M","M"],"items_purchased_type":["Card"],"build_version":"2020-12-22","purchased_purges":2,"victory":false,"max_hp_per_floor":[71,71,71,71,71,71,71,71,71,71,71,71,71,71,71,71,71,71,71,35,35,35,35,35,35,35,35,35,35,35,35,35],"relic_stats":{"Lizard Tail":17,"counters":[18,99],"Juzu Bracelet":0,"Kunai":[7],"obtain_stats":[{"Anchor":9,"Lizard Tail":26,"DataDisk":29,"NeowsBlessing":0,"Fusion Hammer":17,"Juzu Bracelet":12,"Omamori":24,"Kunai":14,"Cracked Core":0,"Meat on the Bone":6},{"Anchor":5,"Lizard Tail":14,"DataDisk":16,"NeowsBlessing":0,"Fusion Hammer":10,"Juzu Bracelet":7,"Omamori":14,"Kunai":9,"Cracked Core":0,"Meat on the Bone":4},{"Anchor":14,"Lizard Tail":72,"DataDisk":87,"NeowsBlessing":0,"Fusion Hammer":45,"Juzu Bracelet":22,"Omamori":72,"Kunai":35,"Cracked Core":0,"Meat on the Bone":11}],"Meat on the Bone":96},"card_choices":[{"not_picked":["Stack","Streamline"],"picked":"Leap","floor":1},{"not_picked":["Compile Driver","Auto Shields"],"picked":"Chaos","floor":2},{"not_picked":["Ball Lightning","Heatsinks"],"picked":"Defragment","floor":3},{"not_picked":["Rebound","Conserve Battery"],"picked":"Ball Lightning","floor":6},{"not_picked":["Tempest","Streamline"],"picked":"White Noise","floor":7},{"not_picked":["BootSequence","Compile Driver"],"picked":"Conserve Battery","floor":10},{"not_picked":["Beam Cell","Sweeping Beam"],"picked":"Coolheaded","floor":12},{"not_picked":["Sweeping Beam","Leap"],"picked":"Undo","floor":13},{"not_picked":["Steam","Storm"],"picked":"Biased Cognition","floor":14},{"not_picked":["Reboot","Thunder Strike"],"picked":"Core Surge","floor":16},{"not_picked":["Go for the Eyes","Barrage"],"picked":"Conserve Battery","floor":18},{"not_picked":["Heatsinks","Stack"],"picked":"Cold Snap","floor":21},{"not_picked":["Rebound","Sweeping Beam"],"picked":"Hello World+1","floor":22},{"not_picked":["Compile Driver+1","Sunder"],"picked":"Echo Form","floor":24},{"not_picked":["Redo","Sweeping Beam"],"picked":"Hologram","floor":28},{"not_picked":["Darkness","Lockon"],"picked":"Capacitor+1","floor":29},{"not_picked":["Aggregate","Streamline"],"picked":"Cold Snap","floor":30}],"player_experience":3993562,"relics_obtained":[{"floor":6,"key":"Meat on the Bone"},{"floor":9,"key":"Anchor"},{"floor":12,"key":"Juzu Bracelet"},{"floor":14,"key":"Kunai"},{"floor":24,"key":"Omamori"},{"floor":26,"key":"Lizard Tail"},{"floor":29,"key":"DataDisk"}],"event_choices":[{"damage_healed":0,"gold_gain":0,"player_choice":"Became a Ghost","damage_taken":0,"max_hp_gain":0,"max_hp_loss":36,"event_name":"Ghosts","floor":20,"gold_loss":0,"cards_obtained":["Ghostly","Ghostly","Ghostly"]}],"is_beta":false,"boss_relics":[{"not_picked":["Velvet Choker","Ectoplasm"],"picked":"Fusion Hammer"}],"items_purged_floors":[4,19],"is_endless":false,"potions_floor_spawned":[6,7,10,14,18,22],"killed_by":"Snecko","ascension_level":20}}