{"host":"c44ey07ufggfw2m8","time":1612009522,"event":{"mods":["2.2 Compatiblity","BaseMod","Colored Map","DeckTracker","Highlight Path","Keyboard Shortcuts","Minty Spire (QoL Compilation)","Permanent Neow","Quick Restart","StSLib","SuperFastMode","UnlockEverythingMod"],"gold_per_floor":[110,110,122,159,184,196,222,234,324,367,397,444,456,504,516,658,670,702,714,749,784,810,822,858,870,870],"floor_reached":25,"language":"KOR","playtime":1022,"items_purged":[],"score":338,"play_id":"6d88be85-3487-4ef0-b644-e53ec9126bdb","local_time":"20210130212522","is_ascension_mode":true,"campfire_choices":[{"data":"Cloak And Dagger","floor":6.0,"key":"SMITH"},{"data":"A Thousand Cuts","floor":8.0,"key":"SMITH"},{"data":"Cloak And Dagger","floor":15.0,"key":"SMITH"},{"data":"Bullet Time","floor":23.0,"key":"SMITH"}],"circlet_count":0,"master_deck":["AscendersBane","Strike_G","Strike_G","Strike_G","Strike_G","Defend_G","Defend_G","Defend_G","Defend_G","Defend_G","Survivor","Neutralize","Cloak And Dagger+1","A Thousand Cuts+1","Backflip","Cloak And Dagger+1","Backstab","Bullet Time+1","Escape Plan+1","Footwork+1","Predator+1","Terror+1","Corpse Explosion","Well Laid Plans","Noxious Fumes"],"relics":["Ring of the Snake","Strawberry","MawBank","Golden Idol","StrikeDummy","MealTicket","Bronze Scales","Bag of Preparation","Astrolabe"],"acts_visited":["Exordium","TheCity"],"potions_floor_usage":[24],"damage_taken":[{"damage":0.0,"enemies":"Small Slimes","floor":1.0,"turns":4.0},{"damage":0.0,"enemies":"Cultist","floor":4.0,"turns":3.0},{"damage":3.0,"enemies":"2 Louse","floor":5.0,"turns":3.0},{"damage":2.0,"enemies":"Exordium Wildlife","floor":7.0,"turns":4.0},{"damage":20.0,"enemies":"Gremlin Nob","floor":10.0,"turns":4.0},{"damage":13.0,"enemies":"Large Slime","floor":11.0,"turns":5.0},{"damage":13.0,"enemies":"3 Sentries","floor":12.0,"turns":6.0},{"damage":10.0,"enemies":"Lagavulin","floor":14.0,"turns":8.0},{"damage":2.0,"enemies":"Hexaghost","floor":16.0,"turns":9.0},{"damage":6.0,"enemies":"Chosen","floor":18.0,"turns":4.0},{"damage":0.0,"enemies":"3 Byrds","floor":20.0,"turns":3.0},{"damage":12.0,"enemies":"Snake Plant","floor":21.0,"turns":5.0},{"damage":15.0,"enemies":"Snecko","floor":22.0,"turns":5.0},{"damage":2,"enemies":"Shelled Parasite and Fungi","floor":24,"turns":4},{"damage":9,"enemies":"Book of Stabbing","floor":25,"turns":5}],"seed_played":"-1952976201496616372","potions_obtained":[{"floor":1.0,"key":"Swift Potion"},{"floor":5.0,"key":"Dexterity Potion"},{"floor":14.0,"key":"PowerPotion"},{"floor":16.0,"key":"PowerPotion"},{"floor":18.0,"key":"PowerPotion"}],"is_trial":false,"path_per_floor":["M","?","?","M","M","R","M","R","T","E","M","E","$","E","R","B",null,"M","?","M","M","M","R","M","E"],"character_chosen":"THE_SILENT","items_purchased":[],"campfire_rested":0,"item_purchase_floors":[],"current_hp_per_floor":[70,67,67,67,64,64,62,62,62,42,29,16,31,21,21,19,58,52,52,52,40,25,25,23,14,14],"gold":870,"neow_bonus":"RANDOM_COMMON_RELIC","is_daily":false,"chose_seed":false,"campfire_upgraded":4,"win_rate":0.0,"timestamp":1612009522,"path_taken":["M","?","?","M","M","R","M","R","T","E","M","E","$","E","R","BOSS","M","?","M","?","M","R","M","E"],"items_purchased_type":[],"build_version":"2020-12-22","purchased_purges":0,"victory":false,"max_hp_per_floor":[77,77,71,71,71,71,71,71,71,71,71,71,71,71,71,71,71,71,71,71,71,71,71,71,71,71],"card_choices":[{"not_picked":["Outmaneuver","Deflect"],"picked":"Riddle With Holes","floor":1.0},{"not_picked":["Outmaneuver","Prepared"],"picked":"Cloak And Dagger","floor":4.0},{"not_picked":["Heel Hook","Leg Sweep"],"picked":"Sucker Punch","floor":5.0},{"not_picked":["Sucker Punch","Finisher"],"picked":"A Thousand Cuts","floor":7.0},{"not_picked":["Prepared","Deflect"],"picked":"Backflip","floor":10.0},{"not_picked":["Dagger Throw","Catalyst"],"picked":"Cloak And Dagger","floor":11.0},{"not_picked":["Sucker Punch","Dagger Throw","Cloak And Dagger"],"picked":"SKIP","floor":12.0},{"not_picked":["Terror","Footwork"],"picked":"Backstab","floor":14.0},{"not_picked":["Malaise","Tools of the Trade"],"picked":"Bullet Time","floor":16.0},{"not_picked":["PiercingWail","Concentrate+1"],"picked":"Terror+1","floor":18.0},{"not_picked":["Acrobatics","Reflex+1"],"picked":"Well Laid Plans","floor":20.0},{"not_picked":["Terror","Bane","Catalyst+1"],"picked":"SKIP","floor":21.0},{"not_picked":["Underhanded Strike","Accuracy"],"picked":"Noxious Fumes","floor":22.0},{"not_picked":["All Out Attack+1","Reflex","Catalyst+1"],"picked":"SKIP","floor":24}],"player_experience":93404,"relics_obtained":[{"floor":9.0,"key":"StrikeDummy"},{"floor":10.0,"key":"MealTicket"},{"floor":12.0,"key":"Bronze Scales"},{"floor":14.0,"key":"Bag of Preparation"}],"event_choices":[{"damage_healed":0.0,"max_hp_gain":0.0,"max_hp_loss":0.0,"gold_gain":0.0,"event_name":"Scrap Ooze","player_choice":"Success","floor":2.0,"gold_loss":0.0,"damage_taken":3.0,"relics_obtained":["MawBank"]},{"damage_healed":0.0,"max_hp_gain":0.0,"max_hp_loss":6.0,"gold_gain":0.0,"event_name":"Golden Idol","player_choice":"Lose Max HP","floor":3.0,"gold_loss":0.0,"damage_taken":0.0,"relics_obtained":["Golden Idol"]},{"damage_healed":0.0,"max_hp_gain":0.0,"max_hp_loss":0.0,"gold_gain":0.0,"event_name":"Match and Keep!","player_choice":"1 cards matched","floor":19.0,"gold_loss":0.0,"damage_taken":0.0,"cards_obtained":["Corpse Explosion"]}],"is_beta":false,"boss_relics":[{"not_picked":["Tiny House","Calling Bell"],"picked":"Astrolabe"}],"items_purged_floors":[],"is_endless":false,"potions_floor_spawned":[1,5,14,16,18],"killed_by":"Book of Stabbing","ascension_level":10}}