{"host":"39erygfi9n0tobyn","time":1612042012,"event":{"mods":["2.2 Compatiblity","BaseMod","Bestiary","Colored Map","Colored Powertips","Curses Come First","Highlight Path","Keyboard Shortcuts","Minty Spire (QoL Compilation)","Relic Stats","StSLib","SuperFastMode"],"gold_per_floor":[112,112,128,140,415,441,441,467,490,510,525,525,450,40,40,139,139,154,154,4,18,18,18,47,47,47],"floor_reached":25,"language":"ENG","playtime":1657,"items_purged":["Regret"],"score":240,"play_id":"1a2fa6da-20a9-4a5a-be29-9854de55c4d3","local_time":"20210130182652","is_ascension_mode":true,"campfire_choices":[{"floor":7,"key":"REST"},{"floor":12,"key":"REST"},{"floor":15,"key":"REST"},{"floor":23,"key":"REST"}],"circlet_count":0,"master_deck":["Strike_R","Strike_R","Strike_R","Strike_R","Defend_R","Defend_R","Defend_R","Defend_R","Bash","Searing Blow","Shrug It Off","Anger","Flame Barrier","Pommel Strike","Combust","Corruption","Metallicize","Offering","Berserk","Cleave","Heavy Blade","Rampage"],"relics":["Burning Blood","NeowsBlessing","Strawberry","Tiny Chest","Letter Opener","Philosopher\u0027s Stone","OrangePellets","Meat on the Bone","HornCleat"],"acts_visited":["Exordium","TheCity"],"potions_floor_usage":[24],"damage_taken":[{"damage":0,"enemies":"2 Louse","floor":1,"turns":1},{"damage":0,"enemies":"Cultist","floor":3,"turns":1},{"damage":0,"enemies":"Jaw Worm","floor":4,"turns":1},{"damage":47,"enemies":"Lagavulin","floor":6,"turns":9},{"damage":36,"enemies":"3 Sentries","floor":8,"turns":11},{"damage":30,"enemies":"Exordium Thugs","floor":10,"turns":6},{"damage":10,"enemies":"Lots of Slimes","floor":11,"turns":3},{"damage":44,"enemies":"Slime Boss","floor":16,"turns":13},{"damage":34,"enemies":"Shell Parasite","floor":18,"turns":7},{"damage":27,"enemies":"3 Byrds","floor":21,"turns":4},{"damage":49,"enemies":"Book of Stabbing","floor":24,"turns":7},{"damage":33,"enemies":"Snake Plant","floor":25,"turns":4}],"seed_played":"3197280522103269591","potions_obtained":[{"floor":6,"key":"LiquidBronze"},{"floor":10,"key":"SpeedPotion"},{"floor":16,"key":"HeartOfIron"},{"floor":21,"key":"EntropicBrew"}],"is_trial":false,"path_per_floor":["M","?","M","M","?","E","R","E","T","M","M","R","$","$","R","B",null,"M","?","$","M","T","R","E","M"],"character_chosen":"IRONCLAD","items_purchased":["Letter Opener","Metallicize","Offering","OrangePellets"],"campfire_rested":4,"item_purchase_floors":[14,14,14,20],"current_hp_per_floor":[80,73,79,80,80,46,72,42,42,18,14,40,40,40,66,28,87,59,59,59,38,38,64,33,0,0],"gold":47,"neow_bonus":"THREE_ENEMY_KILL","is_daily":false,"chose_seed":false,"campfire_upgraded":0,"win_rate":0.0,"timestamp":1612042012,"path_taken":["M","?","M","M","?","E","R","E","T","M","?","R","?","$","R","BOSS","M","?","$","M","?","R","E","M"],"items_purchased_type":["Relic","Card","Card","Relic"],"build_version":"2020-12-22","purchased_purges":1,"victory":false,"max_hp_per_floor":[80,80,80,80,80,87,87,87,87,87,87,87,87,87,87,87,87,87,87,87,87,87,87,87,87,87],"relic_stats":{"OrangePellets":[3],"counters":[12,67],"Tiny Chest":1,"Letter Opener":[15],"obtain_stats":[{"OrangePellets":20,"HornCleat":24,"NeowsBlessing":0,"Strawberry":6,"Tiny Chest":8,"Philosopher\u0027s Stone":17,"Letter Opener":14,"Burning Blood":0,"Meat on the Bone":22},{"OrangePellets":9,"HornCleat":11,"NeowsBlessing":0,"Strawberry":4,"Tiny Chest":5,"Philosopher\u0027s Stone":8,"Letter Opener":7,"Burning Blood":0,"Meat on the Bone":10},{"OrangePellets":52,"HornCleat":63,"NeowsBlessing":0,"Strawberry":12,"Tiny Chest":23,"Philosopher\u0027s Stone":45,"Letter Opener":32,"Burning Blood":0,"Meat on the Bone":56}],"Burning Blood":55,"Meat on the Bone":12},"card_choices":[{"not_picked":["Armaments","Clothesline"],"picked":"Searing Blow","floor":1},{"not_picked":["Burning Pact","True Grit"],"picked":"Shrug It Off","floor":3},{"not_picked":["Searing Blow","Dual Wield"],"picked":"Anger","floor":4},{"not_picked":["Headbutt","Clothesline"],"picked":"Flame Barrier","floor":6},{"not_picked":["Anger","Clothesline"],"picked":"Pommel Strike","floor":8},{"not_picked":["Bloodletting","Wild Strike"],"picked":"Combust","floor":10},{"not_picked":["Sentinel","Anger"],"picked":"Corruption","floor":11},{"not_picked":["Fiend Fire","Limit Break"],"picked":"Berserk","floor":16},{"not_picked":["Heavy Blade","Anger"],"picked":"Cleave","floor":18},{"not_picked":["Body Slam","Reckless Charge"],"picked":"Heavy Blade","floor":21},{"not_picked":["Feed","Shrug It Off"],"picked":"Rampage","floor":24}],"player_experience":76501,"relics_obtained":[{"floor":6,"key":"Strawberry"},{"floor":8,"key":"Tiny Chest"},{"floor":22,"key":"Meat on the Bone"},{"floor":24,"key":"HornCleat"}],"event_choices":[{"cards_removed":["Strike_R"],"damage_healed":0,"gold_gain":0,"player_choice":"Card Removal","damage_taken":7,"max_hp_gain":0,"max_hp_loss":0,"event_name":"Golden Wing","floor":2,"gold_loss":0},{"damage_healed":0,"gold_gain":275,"player_choice":"Desecrate","damage_taken":0,"max_hp_gain":0,"max_hp_loss":0,"event_name":"Golden Shrine","floor":5,"gold_loss":0,"cards_obtained":["Regret"]},{"damage_healed":0,"gold_gain":0,"player_choice":"Ignored","damage_taken":0,"max_hp_gain":0,"max_hp_loss":0,"event_name":"Beggar","floor":19,"gold_loss":0}],"is_beta":false,"boss_relics":[{"not_picked":["SacredBark","Mark of Pain"],"picked":"Philosopher\u0027s Stone"}],"items_purged_floors":[13],"is_endless":false,"potions_floor_spawned":[6,10,16,21],"killed_by":"Snake Plant","ascension_level":1}}