{"host":"kqjncq1jgqa58i7s","time":1612044453,"event":{"mods":["AchievementEnabler","BaseMod","Colored Map","Minty Spire (QoL Compilation)","Relic Stats"],"gold_per_floor":[116,129,129,139,85,114,114,128,128,228,228,262,272,282,282,282,282],"floor_reached":16,"language":"ENG","playtime":696,"items_purged":[],"score":224,"play_id":"ac0cb174-3a6c-4336-868b-3a6cc02acaa5","local_time":"20210130230733","is_ascension_mode":true,"campfire_choices":[{"data":"Dagger Spray","floor":7,"key":"SMITH"},{"floor":11,"key":"REST"},{"data":"Skewer","floor":15,"key":"SMITH"}],"circlet_count":0,"master_deck":["AscendersBane","Strike_G","Strike_G","Strike_G","Strike_G","Strike_G","Defend_G","Defend_G","Defend_G","Defend_G","Defend_G","Survivor","Neutralize","Dagger Spray+1","Cloak And Dagger","Accuracy","Bullet Time","Dodge and Roll","Deflect","Deadly Poison","Deadly Poison","Skewer+1","Backstab","Backflip"],"relics":["Ring of the Snake","Akabeko","Juzu Bracelet","Sundial"],"acts_visited":["Exordium"],"potions_floor_usage":[12,16,16],"damage_taken":[{"damage":0.0,"enemies":"2 Louse","floor":1.0,"turns":4.0},{"damage":4.0,"enemies":"Cultist","floor":2.0,"turns":4.0},{"damage":20,"enemies":"Jaw Worm","floor":4,"turns":6},{"damage":18,"enemies":"3 Sentries","floor":6,"turns":11},{"damage":6,"enemies":"Lots of Slimes","floor":8,"turns":4},{"damage":13,"enemies":"Lagavulin","floor":12,"turns":5},{"damage":0,"enemies":"Exordium Wildlife","floor":13,"turns":2},{"damage":0,"enemies":"Looter","floor":14,"turns":2},{"damage":30,"enemies":"Slime Boss","floor":16,"turns":6}],"seed_played":"6178533943004559506","potions_obtained":[{"floor":2.0,"key":"Poison Potion"},{"floor":4,"key":"EssenceOfSteel"},{"floor":14,"key":"Dexterity Potion"}],"is_trial":false,"path_per_floor":["M","M","?","M","$","E","R","M","T","?","R","E","M","M","R","B"],"character_chosen":"THE_SILENT","items_purchased":["Deadly Poison"],"campfire_rested":1,"item_purchase_floors":[5],"current_hp_per_floor":[65,61,61,41,41,23,23,17,17,17,38,25,25,25,25,0,0],"gold":282,"neow_bonus":"TEN_PERCENT_HP_BONUS","is_daily":false,"chose_seed":false,"campfire_upgraded":2,"win_rate":0.0,"timestamp":1612044453,"path_taken":["M","M","?","M","?","E","R","M","T","?","R","E","M","M","R","BOSS"],"items_purchased_type":["Card"],"build_version":"2020-12-22","purchased_purges":0,"victory":false,"max_hp_per_floor":[72,72,72,72,72,72,72,72,72,72,72,72,72,72,72,72,72],"relic_stats":{"counters":[9,44],"Sundial":[0],"Juzu Bracelet":0,"obtain_stats":[{"Sundial":12,"Juzu Bracelet":9,"Akabeko":6,"Ring of the Snake":0},{"Sundial":6,"Juzu Bracelet":5,"Akabeko":4,"Ring of the Snake":0},{"Sundial":34,"Juzu Bracelet":29,"Akabeko":25,"Ring of the Snake":0}],"Ring of the Snake":[18]},"card_choices":[{"not_picked":["Slice","Bane"],"picked":"Dagger Spray","floor":1.0},{"not_picked":["Infinite Blades","Flying Knee"],"picked":"Cloak And Dagger","floor":2.0},{"not_picked":["Distraction","Sucker Punch"],"picked":"Deflect","floor":4},{"not_picked":["Bane","Dagger Spray"],"picked":"Deadly Poison","floor":6},{"not_picked":["Infinite Blades","Slice"],"picked":"Skewer","floor":8},{"not_picked":["Slice","Underhanded Strike","Unload"],"picked":"SKIP","floor":12},{"not_picked":["Infinite Blades","Distraction"],"picked":"Backstab","floor":13},{"not_picked":["Slice","Expertise"],"picked":"Backflip","floor":14}],"player_experience":1642853,"relics_obtained":[{"floor":6,"key":"Akabeko"},{"floor":9,"key":"Juzu Bracelet"},{"floor":12,"key":"Sundial"}],"event_choices":[{"damage_healed":0,"gold_gain":0,"player_choice":"3 cards matched","damage_taken":0,"max_hp_gain":0,"max_hp_loss":0,"event_name":"Match and Keep!","floor":3,"gold_loss":0,"cards_obtained":["Accuracy","Bullet Time","Dodge and Roll"]},{"damage_healed":0,"gold_gain":100,"player_choice":"Gold","damage_taken":0,"max_hp_gain":0,"max_hp_loss":0,"event_name":"Wheel of Change","floor":10,"gold_loss":0}],"is_beta":false,"boss_relics":[],"items_purged_floors":[],"is_endless":false,"potions_floor_spawned":[2,4,8,14],"killed_by":"Slime Boss","ascension_level":20}}