{"host":"xz7n3qy1zq36rzpg","time":1612045078,"event":{"mods":["BaseMod","Colored Map","Colored Powertips","Highlight Path","Minty Spire (QoL Compilation)","Quick Restart","Shop Mod"],"gold_per_floor":[111,138,150,182,4,4,31,46,46,76,76,92,107,182,182,283,283,298,109,109,109,9,9,9,9,56,131,166,7,34,51,51,51,51],"floor_reached":33,"language":"ENG","playtime":1783,"items_purged":["Regret","Strike_G","Defend_G+1","Strike_G+1"],"score":347,"play_id":"3ae5abbc-4d60-4dbd-a535-9ec63c82d502","local_time":"20210130231758","is_ascension_mode":true,"campfire_choices":[{"data":"Infinite Blades","floor":6.0,"key":"SMITH"},{"floor":11.0,"key":"REST"},{"floor":15.0,"key":"REST"},{"data":"Wraith Form v2","floor":23,"key":"SMITH"},{"floor":24,"key":"REST"},{"data":"Flash of Steel","floor":25,"key":"SMITH"},{"floor":32,"key":"REST"}],"circlet_count":0,"master_deck":["Strike_G+1","Strike_G+1","Strike_G+1","Defend_G+1","Defend_G+1","Defend_G+1","Defend_G+1","Survivor","Neutralize","Quick Slash","Caltrops","Leg Sweep","Infinite Blades+1","Dash","Cloak And Dagger","Blur","Blade Dance","Wraith Form v2+1","Backflip","Endless Agony","Flash of Steel+1","Quick Slash+1"],"relics":["Runic Pyramid","MawBank","Question Card","Tiny Chest","The Courier","WingedGreaves","Bottled Tornado","SlaversCollar","Oddly Smooth Stone","Gremlin Horn","InkBottle","MealTicket"],"acts_visited":["Exordium","TheCity"],"potions_floor_usage":[30,33],"damage_taken":[{"damage":2.0,"enemies":"Cultist","floor":1.0,"turns":4.0},{"damage":8.0,"enemies":"Small Slimes","floor":4.0,"turns":4.0},{"damage":23.0,"enemies":"Gremlin Nob","floor":7.0,"turns":5.0},{"damage":0.0,"enemies":"Jaw Worm","floor":8.0,"turns":4.0},{"damage":6.0,"enemies":"3 Sentries","floor":10.0,"turns":9.0},{"damage":0.0,"enemies":"2 Fungi Beasts","floor":12.0,"turns":5.0},{"damage":13.0,"enemies":"Blue Slaver","floor":13.0,"turns":3.0},{"damage":12.0,"enemies":"The Guardian","floor":16.0,"turns":14.0},{"damage":35,"enemies":"Spheric Guardian","floor":18,"turns":7},{"damage":28,"enemies":"Book of Stabbing","floor":28,"turns":7},{"damage":11,"enemies":"Slavers","floor":30,"turns":7},{"damage":0,"enemies":"Chosen","floor":31,"turns":6},{"damage":47,"enemies":"Automaton","floor":33,"turns":8}],"seed_played":"-8324416530636305936","potions_obtained":[{"floor":4.0,"key":"Weak Potion"},{"floor":8.0,"key":"Weak Potion"},{"floor":12.0,"key":"LiquidBronze"},{"floor":13.0,"key":"Energy Potion"},{"floor":30,"key":"Dexterity Potion"}],"is_trial":false,"path_per_floor":["M","T","?","M","$","R","E","M","T","E","R","M","M","T","R","B",null,"M","$","?","?","$","R","R","R","T","T","E","$","E","M","R","B"],"character_chosen":"THE_SILENT","items_purchased":["Leg Sweep","Infinite Blades","Endless Agony","Flash of Steel","Fire Potion"],"campfire_rested":4,"item_purchase_floors":[5,5,19,19,29],"current_hp_per_floor":[68,68,68,60,60,60,37,37,37,31,52,52,39,39,60,48,70,35,35,35,35,35,35,56,56,56,56,28,28,17,17,38,0,0],"gold":51,"neow_bonus":"BOSS_RELIC","is_daily":false,"chose_seed":false,"campfire_upgraded":3,"win_rate":0.0,"timestamp":1612045078,"path_taken":["M","?","?","M","$","R","E","M","T","E","R","M","M","?","R","BOSS","M","$","?","?","$","R","R","R","T","?","E","?","E","M","R","BOSS"],"items_purchased_type":["Card","Card","Card","Card","Potion"],"build_version":"2020-12-22","purchased_purges":4,"victory":false,"max_hp_per_floor":[70,70,70,70,70,70,70,70,70,70,70,70,70,70,70,70,70,70,70,70,70,70,70,70,70,70,70,70,70,70,70,70,70,70],"card_choices":[{"not_picked":["Slice","Eviscerate"],"picked":"Quick Slash","floor":1.0},{"not_picked":["Crippling Poison","Reflex","Quick Slash"],"picked":"Caltrops","floor":4.0},{"not_picked":["Eviscerate","Accuracy","A Thousand Cuts"],"picked":"Dash","floor":7.0},{"not_picked":["Poisoned Stab","Quick Slash","Backflip"],"picked":"Cloak And Dagger","floor":8.0},{"not_picked":["Acrobatics","Noxious Fumes","Flying Knee"],"picked":"Blur","floor":10.0},{"not_picked":["Catalyst","Flying Knee","Dagger Throw"],"picked":"Blade Dance","floor":12.0},{"not_picked":["Blur","Bane","Dagger Spray","Backflip"],"picked":"SKIP","floor":13.0},{"not_picked":["Unload","Die Die Die","Venomology"],"picked":"Wraith Form v2","floor":16.0},{"not_picked":["Bane","Noxious Fumes","Concentrate"],"picked":"Backflip","floor":18},{"not_picked":["Choke","Deflect","Dagger Spray","Catalyst"],"picked":"SKIP","floor":28},{"not_picked":["Slice","Eviscerate","Escape Plan","Flechettes"],"picked":"SKIP","floor":30},{"not_picked":["Dagger Spray+1","Escape Plan+1","Deadly Poison"],"picked":"Quick Slash+1","floor":31}],"player_experience":398289,"relics_obtained":[{"floor":2.0,"key":"MawBank"},{"floor":7.0,"key":"Tiny Chest"},{"floor":9.0,"key":"The Courier"},{"floor":10.0,"key":"WingedGreaves"},{"floor":14.0,"key":"Bottled Tornado"},{"floor":26,"key":"Oddly Smooth Stone"},{"floor":27,"key":"Gremlin Horn"},{"floor":28,"key":"InkBottle"},{"floor":30,"key":"MealTicket"}],"event_choices":[{"damage_healed":0.0,"max_hp_gain":0.0,"max_hp_loss":0.0,"gold_gain":0.0,"event_name":"Big Fish","player_choice":"Box","floor":3.0,"gold_loss":0.0,"damage_taken":0.0,"relics_obtained":["Question Card"],"cards_obtained":["Regret"]},{"damage_healed":0,"gold_gain":0,"player_choice":"Simplicity","damage_taken":0,"max_hp_gain":0,"max_hp_loss":0,"event_name":"Back to Basics","floor":20,"gold_loss":0,"cards_upgraded":["Strike_G","Strike_G","Strike_G","Strike_G","Defend_G","Defend_G","Defend_G","Defend_G","Defend_G"]},{"damage_healed":0,"gold_gain":0,"player_choice":"Ignored","damage_taken":0,"max_hp_gain":0,"max_hp_loss":0,"event_name":"Ghosts","floor":21,"gold_loss":0}],"is_beta":false,"boss_relics":[{"not_picked":["HoveringKite","Black Star"],"picked":"SlaversCollar"}],"items_purged_floors":[5,19,22,29],"is_endless":false,"potions_floor_spawned":[4,8,12,13,30],"killed_by":"Automaton","ascension_level":4}}