{"host":"5t6k5h959q0wkklw","time":1612050511,"event":{"mods":["BaseMod","BetterRewards","Conspire","Downfall","Hubris","Infinite Spire","Marisa????????","Minty Spire (QoL Compilation)","Replay The Spire","StSLib","The Necromancer","The Poker Player","The Servant 0.9.4"],"gold_per_floor":[117,133,133,149,149,166,166,166,166,241,241,254,270,341,341,341,341],"floor_reached":16,"language":"ENG","playtime":1452,"items_purged":["CommonCold"],"score":117,"play_id":"5faf5c04-4c24-4bd9-a899-3c733a1c3a3c","local_time":"20210130184831","is_ascension_mode":false,"campfire_choices":[{"data":"DeepEcoloBomb","floor":7,"key":"SMITH"},{"data":"UpSweep","floor":11,"key":"SMITH"}],"circlet_count":0,"master_deck":["Strike_MRS","Strike_MRS","Strike_MRS","Strike_MRS","Defend_MRS","Defend_MRS","Defend_MRS","Defend_MRS","MasterSpark","UpSweep+1","DeepEcoloBomb+1","MilkyWay+1","EarthLightRay","DragonMeteor","ManaRampage","MagicChant","ShootTheMoon"],"relics":["MiniHakkero","Ice Cream","Replay:Ringing Soul","ReplayTheSpireMod:CursedCoin"],"acts_visited":["Exordium"],"potions_floor_usage":[],"damage_taken":[{"damage":1,"enemies":"Jaw Worm","floor":1,"turns":3},{"damage":2,"enemies":"Cultist","floor":2,"turns":3},{"damage":0,"enemies":"conspire:RoseBush","floor":4,"turns":3},{"damage":4,"enemies":"Blue Slaver","floor":6,"turns":4},{"damage":0,"enemies":"Looter","floor":12,"turns":2},{"damage":8,"enemies":"Red Slaver","floor":13,"turns":2},{"damage":102,"enemies":"Fading Forest","floor":16,"turns":10}],"seed_played":"-979866164389994294","potions_obtained":[{"floor":4,"key":"FearPotion"},{"floor":6,"key":"sneckomod:MuddlingPotion"}],"is_trial":false,"path_per_floor":["M","M","?","M","?","M","R","?","T","$","R","M","M","?","R","B"],"character_chosen":"MARISA","items_purchased":["ReplayTheSpireMod:CursedCoin"],"campfire_rested":0,"item_purchase_floors":[10],"current_hp_per_floor":[81,79,79,79,76,76,76,76,76,79,79,82,77,77,91,0,0],"gold":341,"neow_bonus":"TEN_PERCENT_HP_BONUS","is_daily":false,"chose_seed":false,"campfire_upgraded":2,"win_rate":0.0,"timestamp":1612050511,"path_taken":["M","M","?","?","?","M","R","?","T","$","R","M","?","?","R","BOSS"],"items_purchased_type":["Relic"],"build_version":"2020-12-22","purchased_purges":1,"victory":false,"max_hp_per_floor":[82,82,82,82,82,82,82,82,82,85,85,88,91,91,91,91,91],"card_choices":[{"not_picked":["WitchOfGreed","MachineGunSpark"],"picked":"DeepEcoloBomb","floor":1},{"not_picked":["NonDirectionalLaser","AsteroidBelt"],"picked":"MilkyWay","floor":2},{"not_picked":["StarBarrage","GrandCross"],"picked":"EarthLightRay","floor":4},{"not_picked":["StarBarrage","MeteoricShower"],"picked":"DragonMeteor","floor":6},{"not_picked":["OneTimeOff","GrandCross"],"picked":"MagicChant","floor":12},{"not_picked":["WitchLeyline","DarkMatter"],"picked":"ShootTheMoon","floor":13}],"player_experience":127221,"relics_obtained":[{"floor":9,"key":"Replay:Ringing Soul"}],"event_choices":[{"damage_healed":0,"gold_gain":0,"player_choice":"Bought 0 Potions","damage_taken":0,"max_hp_gain":0,"max_hp_loss":0,"event_name":"The Woman in Blue","floor":3,"gold_loss":0},{"damage_healed":0,"gold_gain":0,"player_choice":"Success","damage_taken":3,"relics_obtained":["Ice Cream"],"max_hp_gain":0,"max_hp_loss":0,"event_name":"Scrap Ooze","floor":5,"gold_loss":0},{"damage_healed":0,"gold_gain":0,"player_choice":"1 cards matched","damage_taken":0,"max_hp_gain":0,"max_hp_loss":0,"event_name":"Match and Keep!","floor":8,"gold_loss":0,"cards_obtained":["ManaRampage"]},{"damage_healed":0,"gold_gain":71,"player_choice":"Gained Gold","damage_taken":0,"max_hp_gain":0,"max_hp_loss":0,"event_name":"Golden Wing","floor":14,"gold_loss":0}],"is_beta":false,"boss_relics":[],"items_purged_floors":[10],"is_endless":false,"potions_floor_spawned":[4,6],"killed_by":"Fading Forest","ascension_level":0}}