{"host":"94aus4jnk6thj94q","time":1612019424,"event":{"mods":["BaseMod","Minty Spire (QoL Compilation)","Quick Restart","StSLib"],"gold_per_floor":[116,126,137,102,57,94,123,123,146,146,35,35,58,58,58,190,190,177,186,208,208,208],"floor_reached":21,"language":"ENG","playtime":5605,"items_purged":[],"score":179,"play_id":"5595c2a9-07a2-450e-b64d-dc220e5fdc7b","local_time":"20210130171024","is_ascension_mode":false,"campfire_choices":[{"floor":8.0,"key":"REST"},{"floor":10.0,"key":"REST"},{"floor":15.0,"key":"REST"}],"circlet_count":0,"master_deck":["Strike_G","Strike_G","Strike_G","Strike_G","Strike_G","Defend_G","Defend_G","Defend_G","Defend_G","Defend_G","Survivor","Neutralize","Deflect","Deflect","Cloak And Dagger","Deflect","Noxious Fumes","Noxious Fumes+1","Poisoned Stab","Infinite Blades","Blade Dance","Blade Dance","Venomology","Poisoned Stab+1","Dagger Spray","All Out Attack"],"relics":["Black Star","CeramicFish","Nunchaku","Omamori","Golden Idol","SlaversCollar"],"acts_visited":["Exordium","TheCity"],"potions_floor_usage":[],"damage_taken":[{"damage":5.0,"enemies":"Cultist","floor":1.0,"turns":5.0},{"damage":2.0,"enemies":"Jaw Worm","floor":2.0,"turns":5.0},{"damage":0.0,"enemies":"Small Slimes","floor":3.0,"turns":5.0},{"damage":0.0,"enemies":"Looter","floor":5.0,"turns":5.0},{"damage":48.0,"enemies":"Gremlin Nob","floor":6.0,"turns":7.0},{"damage":2.0,"enemies":"Exordium Thugs","floor":7.0,"turns":5.0},{"damage":1.0,"enemies":"Red Slaver","floor":13.0,"turns":4.0},{"damage":33.0,"enemies":"Hexaghost","floor":16.0,"turns":10.0},{"damage":21.0,"enemies":"2 Thieves","floor":18.0,"turns":5.0},{"damage":17.0,"enemies":"Chosen","floor":20.0,"turns":5.0},{"damage":0,"enemies":"Snecko","floor":21,"turns":1}],"seed_played":"-3221403414550253856","potions_obtained":[{"floor":3.0,"key":"Weak Potion"},{"floor":6.0,"key":"CunningPotion"},{"floor":13.0,"key":"Dexterity Potion"},{"floor":20.0,"key":"Energy Potion"}],"is_trial":false,"path_per_floor":["M","M","M","?","M","E","M","R","T","R","$","?","M","?","R","B",null,"M","?","M","M"],"character_chosen":"THE_SILENT","items_purchased":["Infinite Blades","Blade Dance"],"campfire_rested":3,"item_purchase_floors":[11,11],"current_hp_per_floor":[65,63,63,70,70,22,20,41,41,62,62,62,61,61,70,37,70,49,49,32,32,32],"gold":208,"neow_bonus":"BOSS_RELIC","is_daily":false,"chose_seed":false,"campfire_upgraded":0,"win_rate":0.0,"timestamp":1612019424,"path_taken":["M","M","?","?","M","E","M","R","T","R","$","?","M","?","R","BOSS","M","?","M","M"],"items_purchased_type":["Card","Card"],"build_version":"2020-12-22","purchased_purges":0,"victory":false,"max_hp_per_floor":[70,70,70,70,70,70,70,70,70,70,70,70,70,70,70,70,70,70,70,70,70,70],"card_choices":[{"not_picked":["Concentrate","Acrobatics"],"picked":"Deflect","floor":1.0},{"not_picked":["Concentrate","Acrobatics"],"picked":"Deflect","floor":1.0},{"not_picked":["Reflex","Slice"],"picked":"Cloak And Dagger","floor":2.0},{"not_picked":["Dagger Spray","Bane"],"picked":"Deflect","floor":3.0},{"not_picked":["Prepared","Deadly Poison"],"picked":"Noxious Fumes","floor":5.0},{"not_picked":["Finisher","Accuracy"],"picked":"Noxious Fumes","floor":6.0},{"not_picked":["Sucker Punch","Phantasmal Killer"],"picked":"Poisoned Stab","floor":7.0},{"not_picked":["Backflip","Catalyst"],"picked":"Blade Dance","floor":13.0},{"not_picked":["Bullet Time","Glass Knife"],"picked":"Venomology","floor":16.0},{"not_picked":["Deadly Poison","Blade Dance+1"],"picked":"Poisoned Stab+1","floor":18.0},{"not_picked":["Quick Slash","Dodge and Roll"],"picked":"All Out Attack","floor":20.0}],"player_experience":6016105,"relics_obtained":[{"floor":6.0,"key":"CeramicFish"},{"floor":6.0,"key":"Nunchaku"},{"floor":9.0,"key":"Omamori"}],"event_choices":[{"damage_healed":17.0,"max_hp_gain":0.0,"max_hp_loss":0.0,"gold_gain":0.0,"event_name":"The Cleric","player_choice":"Healed","floor":4.0,"gold_loss":35.0,"damage_taken":0.0},{"damage_healed":0.0,"max_hp_gain":0.0,"max_hp_loss":0.0,"gold_gain":0.0,"event_name":"Golden Idol","player_choice":"Take Wound","floor":12.0,"gold_loss":0.0,"damage_taken":0.0,"relics_obtained":["Golden Idol"],"cards_obtained":["Injury"]},{"damage_healed":0.0,"max_hp_gain":0.0,"max_hp_loss":0.0,"gold_gain":0.0,"event_name":"Living Wall","player_choice":"Grow","floor":14.0,"gold_loss":0.0,"damage_taken":0.0,"cards_upgraded":["Noxious Fumes"]},{"damage_healed":0.0,"max_hp_gain":0.0,"max_hp_loss":0.0,"gold_gain":0.0,"event_name":"Match and Keep!","player_choice":"1 cards matched","floor":19.0,"gold_loss":0.0,"damage_taken":0.0,"cards_obtained":["Dagger Spray"]}],"is_beta":false,"boss_relics":[{"not_picked":["SacredBark","Ectoplasm"],"picked":"SlaversCollar"}],"items_purged_floors":[],"is_endless":false,"potions_floor_spawned":[3,6,13,20],"killed_by":"Snecko","ascension_level":0}}