{"host":"tp44ibfkhs2l94sg","time":1612034996,"event":{"mods":["BaseMod","Downfall","Minty Spire (QoL Compilation)","StSLib"],"gold_per_floor":[99,118,137,152,152,177,250,55,205,205,223,235,235,249,265,265,265,265],"floor_reached":16,"language":"ENG","playtime":1104,"items_purged":["bronze:ShipIt"],"score":104,"play_id":"939c327a-8ef6-4198-bf23-33ecb9c55b49","local_time":"20210130112956","is_ascension_mode":false,"campfire_choices":[{"data":"bronze:Goto","floor":1.0,"key":"SMITH"},{"data":"bronze:Branch","floor":10.0,"key":"SMITH"},{"data":"bronze:Branch","floor":13.0,"key":"SMITH"}],"circlet_count":0,"master_deck":["bronze:Strike","bronze:Strike","bronze:Strike","bronze:Strike","bronze:Defend","bronze:Defend","bronze:Defend","bronze:Defend","bronze:Replicate+1","bronze:Goto+1","bronze:Fortify+1","bronze:CutThrough+1","bronze:Branch+1","bronze:Branch+1","bronze:ClassDefault","bronze:ChosenStrike","downfall:Icky","bronze:BronzeOrb","bronze:HardenedForm"],"relics":["bronze:BronzeCore","Bag of Marbles","Matryoshka"],"acts_visited":["Exordium"],"potions_floor_usage":[16],"damage_taken":[{"damage":1.0,"enemies":"Cultist","floor":2.0,"turns":3.0},{"damage":6.0,"enemies":"2 Louse","floor":3.0,"turns":3.0},{"damage":6.0,"enemies":"Jaw Worm","floor":4.0,"turns":3.0},{"damage":10.0,"enemies":"3 Sentries","floor":6.0,"turns":7.0},{"damage":0.0,"enemies":"downfall:FleeingMerchant","floor":8.0,"turns":4.0},{"damage":1.0,"enemies":"2 Fungi Beasts","floor":11.0,"turns":2.0},{"damage":7.0,"enemies":"Blue Slaver","floor":12.0,"turns":3.0},{"damage":0,"enemies":"Exordium Wildlife","floor":14,"turns":3},{"damage":0,"enemies":"3 Louse","floor":15,"turns":2},{"damage":47,"enemies":"SI_SHIV_ARCHETYPE","floor":16,"turns":8}],"seed_played":"7654322379826145226","potions_obtained":[{"floor":2.0,"key":"bronze:FreeFunctionsPotion"},{"floor":3.0,"key":"BlessingOfTheForge"},{"floor":11.0,"key":"Fire Potion"}],"is_trial":false,"path_per_floor":["R","M","M","M","?","E","T","$","?","R","M","M","R","M","M","B"],"character_chosen":"THE_AUTOMATON","items_purchased":["bronze:ClassDefault","bronze:ChosenStrike"],"campfire_rested":0,"item_purchase_floors":[8,8],"current_hp_per_floor":[77,76,70,64,64,54,54,54,54,54,53,46,46,46,46,0,0,0],"gold":265,"neow_bonus":"TEN_PERCENT_HP_BONUS","is_daily":false,"chose_seed":false,"campfire_upgraded":3,"win_rate":0.0,"timestamp":1612034996,"path_taken":["R","M","M","M","?","E","T","?","?","R","M","M","R","M","M","BOSS"],"items_purchased_type":["Card","Card"],"build_version":"2020-12-22","purchased_purges":1,"victory":false,"max_hp_per_floor":[77,77,77,77,77,77,77,77,77,77,77,77,77,77,77,77,77,77],"card_choices":[{"not_picked":["bronze:ForLoop","bronze:DelayedSlice"],"picked":"bronze:Fortify","floor":2.0},{"not_picked":["bronze:WildBeam","bronze:WhirlingStrike"],"picked":"bronze:CutThrough","floor":3.0},{"not_picked":["bronze:Deprecate","bronze:NullPointer"],"picked":"bronze:Branch","floor":4.0},{"not_picked":["bronze:FineTuning","bronze:DelayedGuard"],"picked":"bronze:ShipIt","floor":6.0},{"not_picked":["bronze:BitShift","bronze:Turbo"],"picked":"bronze:Branch","floor":8.0},{"not_picked":["bronze:Safeguard","bronze:WhirlingStrike","bronze:BugBarrage"],"picked":"SKIP","floor":11.0},{"not_picked":["bronze:CloningBeam","bronze:Repulsor","bronze:BugBarrage"],"picked":"SKIP","floor":12.0},{"not_picked":["bronze:DelayedGuard","bronze:Deprecate"],"picked":"bronze:BronzeOrb","floor":14},{"not_picked":["bronze:WildBeam","bronze:Overheat"],"picked":"bronze:HardenedForm","floor":15}],"player_experience":1126068,"relics_obtained":[{"floor":6.0,"key":"Bag of Marbles"},{"floor":7.0,"key":"Matryoshka"}],"event_choices":[],"is_beta":false,"boss_relics":[],"items_purged_floors":[8],"is_endless":false,"potions_floor_spawned":[2,3,11],"killed_by":"SI_SHIV_ARCHETYPE","ascension_level":0}}