{"host":"zxkjcgzis4pm3za5","time":1612011630,"event":{"mods":["AchievementEnabler","Act Like it!","BaseMod","Colored Map","Colored Powertips","Friendly Minions","GifTheSpireLib","Minty Spire (QoL Compilation)","Quick Restart","RNG Fix","Random Character Button","Relic Filter Mod","Relic Sorter","Relic Stats","StSLib"],"gold_per_floor":[109,159,233,20,39,39,74,74,156,156,185,185,198,210,210,288,288,298,311,113,125,175,200,200,219,242,242,272,287,314,326,326,399,399,418,144,144,144,155,155,155,175,175,175,230,255,271,306,306,306,306],"floor_reached":50,"language":"ENG","playtime":2460,"items_purged":["Grand Finale+1"],"score":1066,"play_id":"82c41ea7-f2cf-4a33-acb7-f74ee7de2032","local_time":"20210130183030","is_ascension_mode":true,"campfire_choices":[{"data":"Noxious Fumes","floor":6.0,"key":"SMITH"},{"data":"Sadistic Nature","floor":8.0,"key":"SMITH"},{"floor":10.0,"key":"REST"},{"floor":15.0,"key":"REST"},{"floor":24.0,"key":"REST"},{"data":"Adrenaline","floor":27.0,"key":"SMITH"},{"data":"Malaise","floor":32.0,"key":"SMITH"},{"data":"Apotheosis","floor":40,"key":"SMITH"},{"floor":44,"key":"REST"},{"floor":49,"key":"REST"}],"circlet_count":0,"master_deck":["AscendersBane","Survivor","Neutralize","Sadistic Nature+1","PiercingWail","Noxious Fumes+1","Poisoned Stab","Sucker Punch","Catalyst+1","Predator","Well Laid Plans","Adrenaline+1","Quick Slash","Sucker Punch","Leg Sweep","Crippling Poison","Cloak And Dagger","Malaise+1","Terror","Leg Sweep","Cloak And Dagger","Blade Dance","Outmaneuver","Blade Dance+1","Doppelganger","Acrobatics","Caltrops","Doppelganger","Crippling Poison+1","Accuracy","Apotheosis+1","Secret Technique","Backflip","PiercingWail","Deflect+1","Adrenaline+1"],"relics":["Ring of the Snake","Question Card","OrangePellets","Bottled Lightning","Gremlin Horn","CaptainsWheel","Pandora\u0027s Box","Regal Pillow","Bottled Flame","Orichalcum","Red Mask","Ginger","Astrolabe","Smiling Mask","Vajra","Toxic Egg 2","Akabeko"],"acts_visited":["TheCity","TheBeyond"],"potions_floor_usage":[48,50,50],"damage_taken":[{"damage":4.0,"enemies":"Jaw Worm","floor":1.0,"turns":4.0},{"damage":3.0,"enemies":"2 Louse","floor":5.0,"turns":2.0},{"damage":11.0,"enemies":"Lagavulin","floor":7.0,"turns":5.0},{"damage":32.0,"enemies":"3 Sentries","floor":11.0,"turns":6.0},{"damage":0.0,"enemies":"Small Slimes","floor":13.0,"turns":3.0},{"damage":0.0,"enemies":"Blue Slaver","floor":14.0,"turns":3.0},{"damage":10.0,"enemies":"Slime Boss","floor":16.0,"turns":5.0},{"damage":0.0,"enemies":"3 Byrds","floor":18.0,"turns":1.0},{"damage":0.0,"enemies":"Spheric Guardian","floor":19.0,"turns":4.0},{"damage":4.0,"enemies":"Centurion and Healer","floor":21.0,"turns":8.0},{"damage":23.0,"enemies":"Book of Stabbing","floor":23.0,"turns":6.0},{"damage":11.0,"enemies":"Shelled Parasite and Fungi","floor":25.0,"turns":7.0},{"damage":7.0,"enemies":"Masked Bandits","floor":28.0,"turns":3.0},{"damage":0.0,"enemies":"Cultist and Chosen","floor":29.0,"turns":5.0},{"damage":4.0,"enemies":"Gremlin Leader","floor":30.0,"turns":6.0},{"damage":0.0,"enemies":"Centurion and Healer","floor":31.0,"turns":4.0},{"damage":44.0,"enemies":"Collector","floor":33.0,"turns":9.0},{"damage":0.0,"enemies":"3 Shapes","floor":35.0,"turns":2.0},{"damage":13,"enemies":"Orb Walker","floor":39,"turns":4},{"damage":22,"enemies":"Maw","floor":42,"turns":7},{"damage":42,"enemies":"Giant Head","floor":46,"turns":7},{"damage":1,"enemies":"Sphere and 2 Shapes","floor":47,"turns":5},{"damage":24,"enemies":"Nemesis","floor":48,"turns":9},{"damage":67,"enemies":"Donu and Deca","floor":50,"turns":7}],"seed_played":"8033049370464245867","potions_obtained":[{"floor":1.0,"key":"CultistPotion"},{"floor":7.0,"key":"SteroidPotion"},{"floor":13.0,"key":"Explosive Potion"},{"floor":16.0,"key":"Explosive Potion"},{"floor":21.0,"key":"LiquidMemories"},{"floor":23.0,"key":"FairyPotion"},{"floor":31.0,"key":"PowerPotion"},{"floor":33.0,"key":"LiquidBronze"},{"floor":47,"key":"Regen Potion"},{"floor":48,"key":"Regen Potion"}],"is_trial":false,"path_per_floor":["M","?","T","$","M","R","E","R","T","R","E","?","M","M","R","B",null,"M","M","$","M","?","E","R","M","T","R","?","M","E","M","R","B",null,"M","$","?","T","M","R","?","M","T","R","T","E","M","E","R","B"],"character_chosen":"THE_SILENT","items_purchased":["Noxious Fumes","OrangePellets","Blade Dance","Regal Pillow","Apotheosis"],"campfire_rested":5,"item_purchase_floors":[4,4,20,20,36],"current_hp_per_floor":[40,34,34,34,31,31,20,20,20,39,7,7,7,7,26,16,54,54,54,54,50,50,27,61,50,50,50,43,43,39,39,39,19,54,54,54,54,54,41,41,41,19,19,53,53,11,10,1,35,0,0],"gold":306,"neow_bonus":"RANDOM_COLORLESS_2","is_daily":false,"chose_seed":false,"campfire_upgraded":5,"win_rate":0.0,"timestamp":1612011630,"path_taken":["M","?","?","$","M","R","E","R","T","R","E","?","?","M","R","BOSS","M","M","$","M","?","E","R","M","T","R","?","M","E","?","R","BOSS","M","$","?","?","?","R","?","M","T","R","?","E","M","E","R","BOSS"],"items_purchased_type":["Card","Relic","Card","Relic","Card"],"build_version":"2020-12-22","purchased_purges":1,"victory":false,"max_hp_per_floor":[66,66,66,66,66,66,66,66,66,66,66,66,66,66,66,66,66,66,66,66,66,66,66,66,66,66,66,66,66,66,66,66,66,66,66,66,66,66,66,66,66,66,66,66,66,66,66,66,66,66,66],"relic_stats":{"OrangePellets":[9],"Regal Pillow":45,"Gremlin Horn":[24,24],"counters":[24,122],"Astrolabe":["Predator","Crippling Poison","Grand Finale"],"Pandora\u0027s Box":["All Out Attack","Quick Slash","Sucker Punch","Tools of the Trade","Well Laid Plans","Leg Sweep","Crippling Poison","Cloak And Dagger","Malaise","Terror"],"Ginger":[10],"Orichalcum":[138],"Question Card":23,"Smiling Mask":0,"obtain_stats":[{"Regal Pillow":20,"Gremlin Horn":9,"Astrolabe":34,"Vajra":45,"Ginger":30,"Orichalcum":26,"Question Card":3,"Smiling Mask":43,"Akabeko":48,"OrangePellets":4,"CaptainsWheel":11,"Bottled Flame":23,"Pandora\u0027s Box":17,"Red Mask":28,"Bottled Lightning":7,"Toxic Egg 2":46,"Ring of the Snake":0},{"Regal Pillow":9,"Gremlin Horn":3,"Astrolabe":17,"Vajra":20,"Ginger":15,"Orichalcum":12,"Question Card":1,"Smiling Mask":20,"Akabeko":23,"OrangePellets":1,"CaptainsWheel":4,"Bottled Flame":11,"Pandora\u0027s Box":7,"Red Mask":13,"Bottled Lightning":3,"Toxic Egg 2":21,"Ring of the Snake":0},{"Regal Pillow":33,"Gremlin Horn":11,"Astrolabe":81,"Vajra":94,"Ginger":68,"Orichalcum":54,"Question Card":4,"Smiling Mask":94,"Akabeko":115,"OrangePellets":4,"CaptainsWheel":17,"Bottled Flame":47,"Pandora\u0027s Box":28,"Red Mask":57,"Bottled Lightning":11,"Toxic Egg 2":101,"Ring of the Snake":0}],"Ring of the Snake":[48]},"card_choices":[{"not_picked":["Mayhem","The Bomb"],"picked":"Sadistic Nature","floor":0.0},{"not_picked":["Infinite Blades","Dodge and Roll"],"picked":"PiercingWail","floor":1.0},{"not_picked":["Well Laid Plans","Eviscerate","Deflect"],"picked":"Poisoned Stab","floor":5.0},{"not_picked":["Blur","Expertise","Cloak And Dagger"],"picked":"Sucker Punch","floor":7.0},{"not_picked":["Poisoned Stab","Dagger Throw","A Thousand Cuts"],"picked":"Catalyst","floor":11.0},{"not_picked":["Dagger Spray","Quick Slash","Slice"],"picked":"Predator","floor":13.0},{"not_picked":["Flying Knee","Expertise","Slice"],"picked":"Well Laid Plans","floor":14.0},{"not_picked":["Envenom","After Image","Tools of the Trade"],"picked":"Adrenaline","floor":16.0},{"not_picked":["Bane","Noxious Fumes","Underhanded Strike"],"picked":"Leg Sweep","floor":18.0},{"not_picked":["Prepared","Backstab","Distraction"],"picked":"Cloak And Dagger","floor":19.0},{"not_picked":["Heel Hook","Prepared","Flying Knee"],"picked":"Outmaneuver","floor":21.0},{"not_picked":["Bane","Accuracy","Masterful Stab"],"picked":"Blade Dance+1","floor":23.0},{"not_picked":["Prepared","Blade Dance","Setup"],"picked":"Doppelganger","floor":25.0},{"not_picked":["Dagger Throw","Dash","Noxious Fumes+1"],"picked":"Acrobatics","floor":28.0},{"not_picked":["Distraction","Prepared","Quick Slash","Dagger Spray"],"picked":"SKIP","floor":29.0},{"not_picked":["Dagger Throw","Tools of the Trade","Flying Knee"],"picked":"Caltrops","floor":30.0},{"not_picked":["Bane","Riddle With Holes","Deflect","Prepared"],"picked":"SKIP","floor":31.0},{"not_picked":["Grand Finale","Tools of the Trade","Unload"],"picked":"Doppelganger","floor":33.0},{"not_picked":["Flying Knee","Blade Dance","Sucker Punch"],"picked":"Accuracy","floor":35.0},{"not_picked":["Sadistic Nature","Discovery","Impatience"],"picked":"Secret Technique","floor":37.0},{"not_picked":["Heel Hook","Cloak And Dagger","Flying Knee"],"picked":"Backflip","floor":39},{"not_picked":["Acrobatics","Well Laid Plans","Backstab"],"picked":"PiercingWail","floor":42},{"not_picked":["Well Laid Plans","All Out Attack","PiercingWail+1"],"picked":"Deflect+1","floor":46},{"not_picked":["Deflect+1","Slice+1","Accuracy","Sucker Punch"],"picked":"SKIP","floor":47},{"not_picked":["Acrobatics+1","Expertise+1","Underhanded Strike+1"],"picked":"Adrenaline+1","floor":48}],"player_experience":290158,"relics_obtained":[{"floor":3.0,"key":"Question Card"},{"floor":7.0,"key":"Bottled Lightning"},{"floor":9.0,"key":"Gremlin Horn"},{"floor":11.0,"key":"CaptainsWheel"},{"floor":23.0,"key":"Bottled Flame"},{"floor":26.0,"key":"Orichalcum"},{"floor":28.0,"key":"Red Mask"},{"floor":30.0,"key":"Ginger"},{"floor":43,"key":"Smiling Mask"},{"floor":45,"key":"Vajra"},{"floor":46,"key":"Toxic Egg 2"},{"floor":48,"key":"Akabeko"}],"event_choices":[{"damage_healed":0.0,"max_hp_gain":0.0,"max_hp_loss":0.0,"gold_gain":50.0,"event_name":"FaceTrader","player_choice":"Touch","floor":2.0,"gold_loss":0.0,"damage_taken":6.0},{"damage_healed":0.0,"max_hp_gain":0.0,"max_hp_loss":0.0,"gold_gain":0.0,"event_name":"Living Wall","player_choice":"Grow","floor":12.0,"gold_loss":0.0,"damage_taken":0.0,"cards_upgraded":["Catalyst"]},{"damage_healed":0.0,"max_hp_gain":0.0,"max_hp_loss":0.0,"gold_gain":50.0,"event_name":"Nest","player_choice":"Stole From Cult","floor":22.0,"gold_loss":0.0,"damage_taken":0.0},{"damage_healed":0.0,"max_hp_gain":0.0,"max_hp_loss":0.0,"gold_gain":0.0,"event_name":"Masked Bandits","player_choice":"Fought Bandits","floor":28.0,"gold_loss":0.0,"damage_taken":0.0},{"damage_healed":0.0,"max_hp_gain":0.0,"max_hp_loss":0.0,"gold_gain":0.0,"event_name":"SensoryStone","player_choice":"Memory 1","floor":37.0,"gold_loss":0.0,"damage_taken":0.0},{"cards_removed":["Predator"],"damage_healed":0,"gold_gain":0,"player_choice":"Removed Attack","damage_taken":0,"max_hp_gain":0,"max_hp_loss":0,"event_name":"Falling","floor":41,"gold_loss":0}],"is_beta":false,"boss_relics":[{"not_picked":["SacredBark","Ectoplasm"],"picked":"Pandora\u0027s Box"},{"not_picked":["Runic Dome","Empty Cage"],"picked":"Astrolabe"}],"items_purged_floors":[36],"is_endless":false,"potions_floor_spawned":[1,7,13,16,21,23,31,33,47,48],"killed_by":"Donu and Deca","ascension_level":18}}