{"host":"y3h3n3f7seyagppx","time":1612043679,"event":{"mods":["AlwaysNeverKeys","BaseMod","Better Vampires","Colored Powertips","DeckTracker","Emptier Cage","Minty Spire (QoL Compilation)","Permanent Neow","Quick Restart","Rare Cards Sparkle","Relic Sorter","Relic Stats","StSLib","Transform Curses"],"gold_per_floor":[119,119,139,157,157,188,188,227,227,227,268,20,20,91,91,181,181,205,205,223,238,256,292,292,335,412,412,427,462,462,40,40,136,136,150,174,174,235,16,49,63,104,182,195,195,37,57,92,92,92,92,92,92,15,15,15],"floor_reached":55,"language":"ENG","playtime":47970,"items_purged":["Strike_R","Strike_R"],"score":2037,"play_id":"0cb7ce4d-8a21-42f6-8cff-7357478a1934","local_time":"20210130165439","is_ascension_mode":true,"campfire_choices":[{"data":"Bash","floor":7.0,"key":"SMITH"},{"data":"Armaments","floor":10.0,"key":"SMITH"},{"data":"Shrug It Off","floor":15.0,"key":"SMITH"},{"data":"Uppercut","floor":24.0,"key":"SMITH"},{"data":"Pommel Strike","floor":27.0,"key":"SMITH"},{"data":"Limit Break","floor":32.0,"key":"SMITH"},{"data":"Impervious","floor":45.0,"key":"SMITH"},{"data":"Power Through","floor":49.0,"key":"SMITH"},{"data":"Shrug It Off","floor":53.0,"key":"SMITH"}],"circlet_count":0,"master_deck":["AscendersBane","Strike_R","Strike_R","Strike_R","Defend_R","Defend_R","Defend_R","Defend_R","Bash+1","Shrug It Off+1","Perfected Strike","Anger","Ghostly Armor","Armaments+1","Power Through+1","Limit Break","Burning Pact+1","Rupture+1","Pommel Strike+1","Uppercut+1","Brutality","Limit Break+1","Impervious+1","Madness","Madness","Disarm","Fiend Fire","Sword Boomerang+1","Disarm","Limit Break","Shrug It Off+1","Havoc+1","Whirlwind","Entrench"],"relics":["Burning Blood","Golden Idol","Paper Frog","Gremlin Horn","Ornamental Fan","Lizard Tail","HandDrill","Champion Belt","Vajra","Coffee Dripper","Calipers","MealTicket","Sundial","Bottled Flame","PreservedInsect","DollysMirror","Runic Pyramid","Torii","Medical Kit","Ginger","Ice Cream","Bottled Lightning","Orrery","Blood Vial"],"acts_visited":["Exordium","TheCity","TheBeyond","TheEnding"],"potions_floor_usage":[55],"damage_taken":[{"damage":9.0,"enemies":"Jaw Worm","floor":1.0,"turns":3.0},{"damage":4.0,"enemies":"Small Slimes","floor":3.0,"turns":5.0},{"damage":1.0,"enemies":"2 Louse","floor":4.0,"turns":3.0},{"damage":38.0,"enemies":"Gremlin Nob","floor":6.0,"turns":5.0},{"damage":22.0,"enemies":"Lagavulin","floor":8.0,"turns":6.0},{"damage":8.0,"enemies":"Gremlin Nob","floor":11.0,"turns":3.0},{"damage":44.0,"enemies":"Lagavulin Event","floor":14.0,"turns":8.0},{"damage":1.0,"enemies":"The Guardian","floor":16.0,"turns":7.0},{"damage":2.0,"enemies":"Chosen","floor":18.0,"turns":5.0},{"damage":2.0,"enemies":"3 Byrds","floor":20.0,"turns":8.0},{"damage":5.0,"enemies":"3 Cultists","floor":21.0,"turns":6.0},{"damage":3.0,"enemies":"Snake Plant","floor":22.0,"turns":4.0},{"damage":30.0,"enemies":"Slavers","floor":23.0,"turns":8.0},{"damage":8.0,"enemies":"Gremlin Leader","floor":25.0,"turns":7.0},{"damage":11.0,"enemies":"Shelled Parasite and Fungi","floor":28.0,"turns":6.0},{"damage":31.0,"enemies":"Book of Stabbing","floor":29.0,"turns":5.0},{"damage":15.0,"enemies":"Champ","floor":33.0,"turns":9.0},{"damage":14.0,"enemies":"3 Darklings","floor":35.0,"turns":6.0},{"damage":3.0,"enemies":"Orb Walker","floor":36.0,"turns":4.0},{"damage":23.0,"enemies":"2 Orb Walkers","floor":38.0,"turns":5.0},{"damage":16.0,"enemies":"Nemesis","floor":40.0,"turns":5.0},{"damage":2.0,"enemies":"3 Darklings","floor":41.0,"turns":7.0},{"damage":30.0,"enemies":"Reptomancer","floor":42.0,"turns":4.0},{"damage":23.0,"enemies":"Spire Growth","floor":44.0,"turns":5.0},{"damage":3.0,"enemies":"4 Shapes","floor":47.0,"turns":9.0},{"damage":3.0,"enemies":"Giant Head","floor":48.0,"turns":5.0},{"damage":12.0,"enemies":"Donu and Deca","floor":50.0,"turns":7.0},{"damage":10.0,"enemies":"Time Eater","floor":51.0,"turns":10.0},{"damage":125,"enemies":"Shield and Spear","floor":55,"turns":6}],"seed_played":"8669704391275025785","potions_obtained":[{"floor":3.0,"key":"Ancient Potion"},{"floor":8.0,"key":"LiquidMemories"},{"floor":14.0,"key":"PowerPotion"},{"floor":16.0,"key":"BloodPotion"},{"floor":20.0,"key":"SpeedPotion"},{"floor":22.0,"key":"SteroidPotion"},{"floor":25.0,"key":"Strength Potion"},{"floor":30.0,"key":"BloodPotion"},{"floor":30.0,"key":"Fire Potion"},{"floor":35.0,"key":"BloodPotion"},{"floor":41.0,"key":"Weak Potion"},{"floor":44.0,"key":"PowerPotion"}],"is_trial":false,"path_per_floor":["M","?","M","M","?","E","R","E","T","R","E","$","?","?","R","B",null,"M","?","M","M","M","E","R","E","T","R","M","E","?","$","R","B",null,"M","M","?","?","$","E","M","E","T","M","R","$","M","E","R","B","B",null,"R","$","E"],"character_chosen":"IRONCLAD","items_purchased":["HandDrill","PreservedInsect","DollysMirror","Medical Kit","AttackPotion","Orrery","Entrench"],"campfire_rested":0,"item_purchase_floors":[12,31,31,39,39,46,54],"current_hp_per_floor":[72,77,79,84,79,47,47,31,31,31,29,29,3,15,15,20,64,68,62,79,79,79,55,55,53,53,53,48,23,38,53,53,44,70,62,65,51,34,49,39,43,19,19,17,17,32,35,38,38,34,32,67,67,79,0,0],"gold":15,"neow_bonus":"TEN_PERCENT_HP_BONUS","is_daily":false,"chose_seed":false,"campfire_upgraded":9,"win_rate":0.0,"timestamp":1612043679,"path_taken":["M","?","M","M","?","E","R","E","T","R","E","$","?","?","R","BOSS","M","?","M","M","M","E","R","E","T","R","?","E","?","$","R","BOSS","M","?","?","?","$","E","M","E","T","?","R","$","M","E","R","BOSS","BOSS","R","$","E"],"items_purchased_type":["Relic","Relic","Relic","Relic","Potion","Relic","Card"],"build_version":"2020-12-22","purchased_purges":2,"victory":false,"max_hp_per_floor":[82,87,87,87,79,79,79,79,79,79,79,79,79,79,79,79,79,79,79,79,79,79,79,79,79,79,79,79,79,79,79,79,79,79,79,79,79,79,79,79,79,79,79,79,79,79,79,79,79,79,79,79,79,79,79,79],"relic_stats":{"Gremlin Horn":[31,31],"Torii":10,"counters":[29,171],"Golden Idol":200,"PreservedInsect":318,"Ginger":[5],"Medical Kit":[24],"Burning Blood":164,"Blood Vial":4,"Lizard Tail":39,"Ornamental Fan":[124],"Sundial":[12],"MealTicket":57,"HandDrill":[50],"Champion Belt":[70],"obtain_stats":[{"Ice Cream":42,"Calipers":23,"Gremlin Horn":8,"Torii":38,"Golden Idol":5,"Vajra":14,"PreservedInsect":31,"Ginger":40,"Medical Kit":39,"Burning Blood":0,"Blood Vial":48,"Lizard Tail":11,"Bottled Flame":29,"Ornamental Fan":9,"Sundial":26,"DollysMirror":31,"Orrery":46,"MealTicket":25,"HandDrill":12,"Coffee Dripper":17,"Champion Belt":13,"Bottled Lightning":43,"Paper Frog":6,"Runic Pyramid":34},{"Ice Cream":23,"Calipers":13,"Gremlin Horn":5,"Torii":20,"Golden Idol":3,"Vajra":7,"PreservedInsect":16,"Ginger":21,"Medical Kit":20,"Burning Blood":0,"Blood Vial":26,"Lizard Tail":6,"Bottled Flame":16,"Ornamental Fan":5,"Sundial":14,"DollysMirror":16,"Orrery":24,"MealTicket":14,"HandDrill":6,"Coffee Dripper":8,"Champion Belt":6,"Bottled Lightning":23,"Paper Frog":4,"Runic Pyramid":17},{"Ice Cream":129,"Calipers":71,"Gremlin Horn":22,"Torii":113,"Golden Idol":11,"Vajra":33,"PreservedInsect":89,"Ginger":118,"Medical Kit":113,"Burning Blood":0,"Blood Vial":148,"Lizard Tail":25,"Bottled Flame":89,"Ornamental Fan":22,"Sundial":78,"DollysMirror":89,"Orrery":134,"MealTicket":78,"HandDrill":25,"Coffee Dripper":40,"Champion Belt":25,"Bottled Lightning":129,"Paper Frog":16,"Runic Pyramid":98}]},"card_choices":[{"not_picked":["Heavy Blade","Iron Wave"],"picked":"Shrug It Off","floor":1.0},{"not_picked":["Shockwave","Rampage"],"picked":"Perfected Strike","floor":3.0},{"not_picked":["Whirlwind","Searing Blow"],"picked":"Anger","floor":4.0},{"not_picked":["Flex","Wild Strike"],"picked":"Ghostly Armor","floor":6.0},{"not_picked":["Rupture","Disarm"],"picked":"Armaments","floor":8.0},{"not_picked":["Headbutt","Sword Boomerang"],"picked":"Power Through","floor":11.0},{"not_picked":["Brutality","Double Tap"],"picked":"Limit Break","floor":16.0},{"not_picked":["Dropkick+1","Inflame"],"picked":"Burning Pact+1","floor":18.0},{"not_picked":["Twin Strike","Seeing Red"],"picked":"Rupture+1","floor":20.0},{"not_picked":["Iron Wave","True Grit","Dual Wield"],"picked":"SKIP","floor":21.0},{"not_picked":["Carnage","Armaments"],"picked":"Pommel Strike","floor":22.0},{"not_picked":["Uppercut","Armaments","Twin Strike"],"picked":"SKIP","floor":23.0},{"not_picked":["Armaments","Twin Strike"],"picked":"Uppercut","floor":23.0},{"not_picked":["Cleave","Rage","Heavy Blade"],"picked":"SKIP","floor":25.0},{"not_picked":["Ghostly Armor","Clash","Iron Wave"],"picked":"SKIP","floor":28.0},{"not_picked":["Heavy Blade","Armaments"],"picked":"Brutality","floor":29.0},{"not_picked":["Feed","Bludgeon"],"picked":"Impervious","floor":33.0},{"not_picked":["Heavy Blade","Bloodletting","Evolve"],"picked":"SKIP","floor":35.0},{"not_picked":["Rampage","Perfected Strike","Reckless Charge"],"picked":"SKIP","floor":36.0},{"not_picked":["Burning Pact","Shrug It Off"],"picked":"Disarm","floor":40.0},{"not_picked":["Warcry+1","Rampage+1"],"picked":"Fiend Fire","floor":41.0},{"not_picked":["Anger","Hemokinesis","Perfected Strike"],"picked":"SKIP","floor":42.0},{"not_picked":["Clash","Clothesline+1","Evolve+1"],"picked":"SKIP","floor":44.0},{"not_picked":["Clash","Clothesline+1","Evolve+1"],"picked":"SKIP","floor":44.0},{"not_picked":["Rampage","Dual Wield"],"picked":"Sword Boomerang+1","floor":46.0},{"not_picked":["Fire Breathing+1","Heavy Blade"],"picked":"Disarm","floor":46.0},{"not_picked":["Disarm+1","Flame Barrier+1"],"picked":"Limit Break","floor":46.0},{"not_picked":["Pommel Strike","True Grit"],"picked":"Shrug It Off","floor":46.0},{"not_picked":["Blood for Blood+1","Heavy Blade"],"picked":"Havoc+1","floor":47.0},{"not_picked":["Clothesline","Thunderclap"],"picked":"Whirlwind","floor":48.0}],"player_experience":21805585,"relics_obtained":[{"floor":6.0,"key":"Paper Frog"},{"floor":8.0,"key":"Gremlin Horn"},{"floor":9.0,"key":"Ornamental Fan"},{"floor":11.0,"key":"Lizard Tail"},{"floor":14.0,"key":"Vajra"},{"floor":23.0,"key":"Calipers"},{"floor":25.0,"key":"MealTicket"},{"floor":26.0,"key":"Sundial"},{"floor":29.0,"key":"Bottled Flame"},{"floor":38.0,"key":"Torii"},{"floor":40.0,"key":"Ginger"},{"floor":42.0,"key":"Ice Cream"},{"floor":43.0,"key":"Bottled Lightning"},{"floor":48.0,"key":"Blood Vial"}],"event_choices":[{"damage_healed":0.0,"max_hp_gain":5.0,"max_hp_loss":0.0,"gold_gain":0.0,"event_name":"Big Fish","player_choice":"Donut","floor":2.0,"gold_loss":0.0,"damage_taken":0.0},{"damage_healed":0.0,"max_hp_gain":0.0,"max_hp_loss":8.0,"gold_gain":0.0,"event_name":"Golden Idol","player_choice":"Lose Max HP","floor":5.0,"gold_loss":0.0,"damage_taken":0.0,"relics_obtained":["Golden Idol"]},{"damage_healed":0.0,"max_hp_gain":0.0,"max_hp_loss":0.0,"gold_gain":0.0,"event_name":"Scrap Ooze","player_choice":"Success","floor":13.0,"gold_loss":0.0,"damage_taken":26.0,"relics_obtained":["Champion Belt"]},{"damage_healed":0.0,"max_hp_gain":0.0,"max_hp_loss":0.0,"gold_gain":30.0,"event_name":"Dead Adventurer","player_choice":"Searched \u00273\u0027 times","floor":14.0,"gold_loss":0.0,"damage_taken":0.0},{"damage_healed":0.0,"max_hp_gain":0.0,"max_hp_loss":0.0,"gold_gain":0.0,"event_name":"Knowing Skull","player_choice":"POTION POTION POTION POTION ","floor":19.0,"potions_obtained":["DistilledChaos","SmokeBomb","BloodPotion","BloodPotion"],"gold_loss":0.0,"damage_taken":36.0,"cards_obtained":[]},{"damage_healed":0.0,"max_hp_gain":0.0,"max_hp_loss":0.0,"gold_gain":0.0,"event_name":"Lab","player_choice":"Got Potions","floor":30.0,"gold_loss":0.0,"damage_taken":0.0},{"damage_healed":0.0,"max_hp_gain":0.0,"max_hp_loss":0.0,"gold_gain":0.0,"event_name":"Winding Halls","player_choice":"Embrace Madness","floor":37.0,"gold_loss":0.0,"damage_taken":14.0,"cards_obtained":["Madness","Madness"]},{"damage_healed":0.0,"max_hp_gain":0.0,"max_hp_loss":0.0,"gold_gain":0.0,"event_name":"Mysterious Sphere","player_choice":"Fight","floor":38.0,"gold_loss":0.0,"damage_taken":0.0}],"is_beta":false,"boss_relics":[{"not_picked":["Runic Cube","Pandora\u0027s Box"],"picked":"Coffee Dripper"},{"not_picked":["Astrolabe","Calling Bell"],"picked":"Runic Pyramid"}],"items_purged_floors":[12,31],"is_endless":false,"potions_floor_spawned":[3,8,14,16,20,22,25,33,35,41,44,47],"killed_by":"Shield and Spear","ascension_level":20}}