{"host":"5dk97cf2ubw2v967","time":1612018543,"event":{"mods":["AlwaysNeverKeys","BaseMod","Better Altar","Better Vampires","Block Reminder","Card Filter","Colored Powertips","Downfall","Googly Eyes","Highlight Path","Minty Spire (QoL Compilation)","Permanent Neow","Potion Indicator Mod","Quick Restart","Relic Filter","Relic Stats","Say the Spire","Spicy Shops","StSLib","Waifu the Spire","everything is the same but u backflip on backflip"],"gold_per_floor":[99,114,114,124,144,144,194,208,108,118,149,149,184,198,216,216,216,216],"floor_reached":16,"language":"ENG","playtime":667,"items_purged":[],"score":194,"play_id":"37b8e330-5e1b-4e02-a2a6-288c6574158c","local_time":"20210130145543","is_ascension_mode":true,"campfire_choices":[{"data":"Guardian:TwinSlam","floor":1,"key":"SMITH"},{"floor":6,"key":"RECALL"},{"floor":9,"key":"REST"},{"data":"Guardian:StasisStrike","floor":12,"key":"SMITH"}],"circlet_count":0,"master_deck":["AscendersBane","Guardian:Strike_Guardian","Guardian:Strike_Guardian","Guardian:Strike_Guardian+1","Guardian:Defend_Guardian+1","Guardian:Defend_Guardian","Guardian:Defend_Guardian","Guardian:CurlUp","Guardian:TwinSlam+1","Guardian:FloatingOrbs+1","downfall:Haunted","Guardian:Preprogram","Guardian:SpikerProtocol","Guardian:PrimingBeam","Guardian:StasisStrike+1","Guardian:Clone","Guardian:Recover","Guardian:ArmoredProtocol"],"relics":["Guardian:ModeShifter","Tiny House","downfall:HeartBlessingRed","Shuriken","Bronze Scales"],"acts_visited":["Exordium"],"potions_floor_usage":[10,14,16,16],"damage_taken":[{"damage":5,"enemies":"Small Slimes","floor":2,"turns":4},{"damage":3,"enemies":"Cultist","floor":4,"turns":4},{"damage":0,"enemies":"2 Louse","floor":5,"turns":4},{"damage":10,"enemies":"Red Slaver","floor":8,"turns":3},{"damage":0,"enemies":"Large Slime","floor":10,"turns":5},{"damage":16,"enemies":"Gremlin Nob","floor":11,"turns":4},{"damage":12,"enemies":"3 Sentries","floor":13,"turns":6},{"damage":3,"enemies":"Exordium Thugs","floor":14,"turns":4},{"damage":14,"enemies":"3 Louse","floor":15,"turns":4},{"damage":7,"enemies":"WA_ARCHETYPE_RETAIN","floor":16,"turns":6}],"seed_played":"-6841988161566691076","potions_obtained":[{"floor":2,"key":"Guardian:BlockOnCardUsePotion"},{"floor":11,"key":"hexamod:SoulburnPotion"},{"floor":13,"key":"Block Potion"},{"floor":15,"key":"ColorlessPotion"}],"is_trial":false,"path_per_floor":["R","M","?","M","M","R","T","M","R","M","E","R","E","M","M","B"],"character_chosen":"GUARDIAN","items_purchased":[],"campfire_rested":1,"item_purchase_floors":[],"current_hp_per_floor":[47,42,42,39,39,39,44,34,57,57,41,41,29,26,12,5,5,5],"gold":216,"neow_bonus":"REMOVE_TWO","is_daily":false,"chose_seed":false,"campfire_upgraded":2,"win_rate":0.0,"timestamp":1612018543,"path_taken":["R","M","?","M","M","R","T","M","R","?","E","R","E","?","M","BOSS"],"items_purchased_type":[],"build_version":"2020-12-22","purchased_purges":0,"victory":false,"max_hp_per_floor":[72,72,72,72,72,72,77,77,77,77,77,77,77,77,77,77,77,77],"relic_stats":{"counters":[10,44],"Shuriken":[5],"Bronze Scales":[25],"obtain_stats":[{"Tiny House":7,"downfall:HeartBlessingRed":9,"Shuriken":11,"Bronze Scales":13,"Guardian:ModeShifter":0},{"Tiny House":3,"downfall:HeartBlessingRed":4,"Shuriken":6,"Bronze Scales":7,"Guardian:ModeShifter":0},{"Tiny House":12,"downfall:HeartBlessingRed":15,"Shuriken":24,"Bronze Scales":30,"Guardian:ModeShifter":0}]},"card_choices":[{"not_picked":["Guardian:Gem_Lightblue","Guardian:TemporalShield"],"picked":"Guardian:FloatingOrbs","floor":2},{"not_picked":["Guardian:TemporalShield","Guardian:VentSteam"],"picked":"Guardian:Preprogram","floor":4},{"not_picked":["Guardian:Harden","Guardian:Preprogram"],"picked":"Guardian:Gem_Cyan","floor":5},{"not_picked":["Guardian:RollAttack","Guardian:GuardianWhirl"],"picked":"Guardian:SpikerProtocol","floor":8},{"not_picked":["Guardian:Suspension","Guardian:WalkerClaw"],"picked":"Guardian:PrimingBeam","floor":10},{"not_picked":["Guardian:Suspension","Guardian:Gem_Red"],"picked":"Guardian:StasisStrike","floor":11},{"not_picked":["Guardian:PrimingBeam","Guardian:Planning"],"picked":"Guardian:Clone","floor":13},{"not_picked":["Guardian:ArmoredProtocol","Guardian:PrismaticBarrier"],"picked":"Guardian:Recover","floor":14},{"not_picked":["Guardian:DonusPower","Guardian:PrismaticBarrier"],"picked":"Guardian:ArmoredProtocol","floor":15}],"player_experience":1276891,"relics_obtained":[{"floor":7,"key":"Tiny House"},{"floor":11,"key":"Shuriken"},{"floor":13,"key":"Bronze Scales"}],"event_choices":[],"is_beta":false,"boss_relics":[],"items_purged_floors":[],"is_endless":false,"potions_floor_spawned":[2,11,13,15],"killed_by":"WA_ARCHETYPE_RETAIN","ascension_level":14}}