{"host":"l1bfbgeb3oxa8ieg","time":1612024181,"event":{"mods":["AlwaysNeverKeys","Aspiration","BaseMod","Beaked The Cultist","Better Match","Better Note","Better Third Choice","BetterRewards","Colored Powertips","Conspire","Energized Spire","Fiend Mod","Friendly Minions","Halation","Infinite Spire","Minty Spire (QoL Compilation)","Permanent Neow","Quick Restart","Replay The Spire","Shop Mod","Spicy Shops","Spikes Relics","StSLib","TestMod","The Blackbeard","The Mystic","The Necromancer","Uncapped","UnlockEverythingMod"],"gold_per_floor":[117,117,117,117,135,162,162,197,250,266,284,284,298,187,187,287,287,297,42,0,10,23,23,42,42,42,42,42,42,42,61,61,159,159,169,184,184,28,39,39,39],"floor_reached":40,"language":"ENG","playtime":4534,"items_purged":["Decay"],"score":496,"play_id":"a1ce7f84-3326-400f-9e43-2ddd2fbd3c89","local_time":"20210130172941","is_ascension_mode":false,"campfire_choices":[{"data":"Seeing Red","floor":7,"key":"SMITH"},{"data":"Searing Blow","floor":12,"key":"SMITH"},{"data":"Barricade","floor":15,"key":"SMITH"},{"data":"infinitespire:UltimateForm","floor":23,"key":"SMITH"},{"floor":25,"key":"REST"},{"data":"Heavy Blade","floor":28,"key":"SMITH"},{"floor":32,"key":"REST"}],"circlet_count":0,"master_deck":["Strike_R","Strike_R","Strike_R","Strike_R","Strike_R","Defend_R","Defend_R","Defend_R","Defend_R","Bash","Armaments+1","infinitespire:UltimateForm+1","ReplayReversal","Seeing Red+1","Anger","Searing Blow+1","Invigoration","Barricade+1","Impervious","Shrug It Off","Seeing Red+1","Heavy Blade+1","Limit Break","Iron Wave+1","Metallicize"],"relics":["Burning Blood","testmod-TestBox","Replay:Towering Pillar of Hats","Replay:Ringing Soul","Blue Doll","halation:PeacePiece","conspire:SlowCooker","infinitespire:BottledMercury","Mirror","Anchor","SacredBark"],"acts_visited":["Exordium","TheCity","TheBeyond"],"potions_floor_usage":[8,13,16,16,24,33,33,33],"damage_taken":[{"damage":0,"enemies":"conspire:RoseBush","floor":1,"turns":3},{"damage":7,"enemies":"2 Louse","floor":5,"turns":2},{"damage":9,"enemies":"Replay:BlueRogue","floor":6,"turns":7},{"damage":12,"enemies":"Gremlin Nob","floor":8,"turns":2},{"damage":1,"enemies":"Cultist","floor":10,"turns":3},{"damage":4,"enemies":"3 Louse","floor":11,"turns":3},{"damage":11,"enemies":"Exordium Wildlife","floor":13,"turns":3},{"damage":62,"enemies":"Hexaghost","floor":16,"turns":16},{"damage":0,"enemies":"Spheric Guardian","floor":18,"turns":11},{"damage":15,"enemies":"2 Thieves","floor":20,"turns":5},{"damage":42,"enemies":"Snake Plant","floor":21,"turns":8},{"damage":15,"enemies":"Centurion and Healer","floor":22,"turns":11},{"damage":10,"enemies":"Cultist and Chosen","floor":24,"turns":8},{"damage":10,"enemies":"Snecko","floor":31,"turns":5},{"damage":70,"enemies":"Collector","floor":33,"turns":19},{"damage":41,"enemies":"3 Shapes","floor":35,"turns":11},{"damage":13,"enemies":"3 Darklings","floor":36,"turns":14},{"damage":38,"enemies":"Sphere and 2 Shapes","floor":39,"turns":8},{"damage":44,"enemies":"Nemesis","floor":40,"turns":8}],"seed_played":"8693642358870943798","potions_obtained":[{"floor":4,"key":"Dexterity Potion"},{"floor":4,"key":"Dexterity Potion"},{"floor":4,"key":"Death Potion"},{"floor":11,"key":"Fire Potion"},{"floor":21,"key":"Adrenaline Potion"},{"floor":22,"key":"Weak Potion"},{"floor":24,"key":"EssenceOfSteel"},{"floor":31,"key":"SkillPotion"}],"is_trial":true,"path_per_floor":["M","?","?","?","M","E","R","E","T","M","M","R","M","$","R","B",null,"M","$","M","M","M","R","M","R","T","?","R","?","$","M","R","B",null,"M","M","?","$","M","E"],"character_chosen":"IRONCLAD","items_purchased":["halation:PeacePiece","infinitespire:BottledMercury","Metallicize"],"campfire_rested":2,"item_purchase_floors":[14,19,38],"current_hp_per_floor":[80,60,60,60,59,56,56,53,53,61,66,66,64,64,64,11,95,98,98,92,56,47,47,46,77,77,77,77,67,67,63,94,33,107,75,68,71,74,42,0,0],"gold":39,"neow_bonus":"","is_daily":false,"chose_seed":false,"campfire_upgraded":5,"win_rate":0.0,"timestamp":1612024181,"path_taken":["M","?","?","?","M","E","R","E","T","M","M","R","?","$","R","BOSS","M","$","M","M","M","R","M","R","T","?","R","?","$","M","R","BOSS","M","M","?","?","M","E"],"items_purchased_type":["Relic","Relic","Card"],"build_version":"2020-12-22","purchased_purges":1,"victory":false,"max_hp_per_floor":[80,80,80,80,80,80,80,83,83,86,89,89,92,92,92,95,95,98,98,101,101,101,101,104,104,104,104,104,104,104,104,104,107,107,110,110,113,116,116,116,116],"card_choices":[{"not_picked":["BarbarianYell","Warcry"],"picked":"Armaments","floor":1},{"not_picked":["infinitespire:Oblivion","infinitespire:TheBestDefense"],"picked":"infinitespire:UltimateForm","floor":2},{"not_picked":["Iron Wave","Pommel Strike"],"picked":"ReplayReversal","floor":5},{"not_picked":["ReplayTheSpireMod:Muscle Training","Evolve"],"picked":"Seeing Red","floor":6},{"not_picked":["Intimidate","ReplayTheSpireMod:LeadingStrike"],"picked":"Anger","floor":8},{"not_picked":["Pommel Strike","Clash"],"picked":"Searing Blow","floor":10},{"not_picked":["Twin Strike","Anger"],"picked":"Invigoration","floor":11},{"not_picked":["True Grit","Power Through"],"picked":"Barricade","floor":13},{"not_picked":["conspire:Purge","Double Tap"],"picked":"Impervious","floor":16},{"not_picked":["Flex","Thunderclap"],"picked":"Shrug It Off","floor":18},{"not_picked":["Replay:Undeath\u0027s Touch","Clash"],"picked":"Seeing Red+1","floor":20},{"not_picked":["True Grit","Havoc","Wild Strike"],"picked":"SKIP","floor":21},{"not_picked":["Anger","Havoc","conspire:Charge"],"picked":"SKIP","floor":22},{"not_picked":["Ghostly Armor","ReplayTheSpireMod:Stacked"],"picked":"Heavy Blade","floor":24},{"not_picked":["Brutality","Rage","True Grit"],"picked":"SKIP","floor":31},{"not_picked":["Immolate","Impervious"],"picked":"Limit Break","floor":33},{"not_picked":["Clothesline+1","Sentinel+1"],"picked":"Iron Wave+1","floor":35},{"not_picked":["Heavy Blade","ReplayTheSpireMod:Limb From Limb","Run Through+1"],"picked":"SKIP","floor":36},{"not_picked":["Replay:Undeath\u0027s Touch","True Grit+1","Run Through"],"picked":"SKIP","floor":39}],"player_experience":186564,"relics_obtained":[{"floor":6,"key":"Replay:Towering Pillar of Hats"},{"floor":8,"key":"Replay:Ringing Soul"},{"floor":9,"key":"Blue Doll"},{"floor":26,"key":"Mirror"}],"event_choices":[{"damage_healed":0,"gold_gain":0,"player_choice":"Got Potions","damage_taken":0,"max_hp_gain":0,"max_hp_loss":0,"event_name":"Lab","floor":4,"gold_loss":0},{"cards_removed":["Barricade"],"damage_healed":0,"gold_gain":0,"player_choice":"Give","damage_taken":0,"max_hp_gain":0,"max_hp_loss":0,"event_name":"betterNote:BetterNote","floor":27,"gold_loss":0,"cards_obtained":["Barricade"]},{"damage_healed":0,"gold_gain":0,"player_choice":"Anchor","damage_taken":0,"relics_obtained":["Anchor"],"max_hp_gain":0,"max_hp_loss":0,"event_name":"blackbeard:ShipwreckEvent","floor":29,"gold_loss":0},{"damage_healed":0,"gold_gain":0,"player_choice":"Cursed","damage_taken":0,"max_hp_gain":0,"max_hp_loss":0,"event_name":"Wheel of Change","floor":37,"gold_loss":0,"cards_obtained":["Decay"]}],"is_beta":false,"boss_relics":[{"not_picked":["Astrolabe","halation:PinkAlligatorPlush"],"picked":"conspire:SlowCooker"},{"not_picked":["Calling Bell","Velvet Choker"],"picked":"SacredBark"}],"items_purged_floors":[38],"is_endless":false,"potions_floor_spawned":[6,11,21,22,24,31],"killed_by":"Nemesis","ascension_level":0}}