{"host":"42xf941fomyavgzy","time":1612005576,"event":{"mods":["Act Like it!","Astrologer","BaseMod","Colored Map","Minty Spire (QoL Compilation)","Shop Mod","StSLib","SuperFastMode","The Cursed"],"gold_per_floor":[109,122,21,21,21,21,57,76,76,76,97,136,136,161,161,275,275,303,322,322,347,395,395,439,439,439,78,96,96,112,112,112],"floor_reached":31,"language":"JPN","playtime":1998,"items_purged":["astrologer:Strike"],"score":288,"play_id":"01bb05c8-48bf-420c-8f11-f8746c3a9ad5","local_time":"20210130201936","is_ascension_mode":false,"campfire_choices":[{"data":"astrologer:Eclipse","floor":6,"key":"SMITH"},{"data":"astrologer:Sunrise","floor":10,"key":"SMITH"},{"data":"astrologer:TheStar","floor":13,"key":"SMITH"},{"data":"astrologer:Starfield","floor":15,"key":"SMITH"},{"floor":23,"key":"REST"},{"data":"astrologer:Fate","floor":25,"key":"SMITH"}],"circlet_count":0,"master_deck":["astrologer:Strike","astrologer:Strike","astrologer:Defend","astrologer:Defend","astrologer:Defend","astrologer:NorthStar","astrologer:TheFool","astrologer:Eclipse+1","astrologer:CometStrike+1","astrologer:Conjunction","astrologer:Sunrise+1","astrologer:TheLovers","astrologer:TheStar+1","astrologer:Starfield+1","astrologer:Fate+1","astrologer:ShiningStar","astrologer:FrozenStar+1","astrologer:StarOfRegret+1","astrologer:Radiance+1","astrologer:TheHierophant","astrologer:Glimpse","astrologer:Sunrise"],"relics":["astrologer:SkyMirror","NeowsBlessing","CeramicFish","Pocketwatch","Ornamental Fan","Singing Bowl","Nloth\u0027s Gift","Omamori","Kunai","Molten Egg 2","Torii"],"acts_visited":["Exordium","TheCity"],"potions_floor_usage":[16,24],"damage_taken":[{"damage":0,"enemies":"2 Louse","floor":1,"turns":1},{"damage":0,"enemies":"Small Slimes","floor":2,"turns":1},{"damage":0,"enemies":"3 Sentries","floor":7,"turns":2},{"damage":0,"enemies":"Cultist","floor":8,"turns":2},{"damage":0,"enemies":"3 Louse","floor":11,"turns":3},{"damage":18,"enemies":"Lagavulin","floor":12,"turns":6},{"damage":0,"enemies":"Lots of Slimes","floor":14,"turns":3},{"damage":29,"enemies":"Slime Boss","floor":16,"turns":7},{"damage":0,"enemies":"3 Byrds","floor":18,"turns":5},{"damage":22,"enemies":"Spheric Guardian","floor":19,"turns":5},{"damage":37,"enemies":"Snake Plant","floor":21,"turns":5},{"damage":38,"enemies":"Book of Stabbing","floor":24,"turns":6},{"damage":12,"enemies":"Snecko","floor":30,"turns":5},{"damage":19,"enemies":"Centurion and Healer","floor":31,"turns":5}],"seed_played":"-5928385556152079079","potions_obtained":[{"floor":7,"key":"Dexterity Potion"},{"floor":11,"key":"FairyPotion"},{"floor":12,"key":"AttackPotion"},{"floor":21,"key":"Weak Potion"}],"is_trial":false,"path_per_floor":["M","M","$","?","?","R","E","M","T","R","M","E","R","M","R","B",null,"M","M","?","M","T","R","E","R","T","$","?","?","M","M"],"character_chosen":"ASTROLOGER","items_purchased":["astrologer:CometStrike","Torii","astrologer:TheHierophant"],"campfire_rested":1,"item_purchase_floors":[3,27,27],"current_hp_per_floor":[70,70,70,70,70,70,70,70,70,70,70,52,52,52,52,23,70,70,48,48,11,11,32,21,21,21,21,21,21,11,0,0],"gold":112,"neow_bonus":"THREE_ENEMY_KILL","is_daily":false,"chose_seed":false,"campfire_upgraded":5,"win_rate":0.0,"timestamp":1612005576,"path_taken":["M","M","$","?","?","R","E","?","T","R","M","E","R","M","R","BOSS","M","M","?","?","?","R","E","R","T","$","?","?","M","M"],"items_purchased_type":["Card","Relic","Card"],"build_version":"2020-12-22","purchased_purges":1,"victory":false,"max_hp_per_floor":[70,70,70,70,70,70,70,70,70,70,70,70,70,70,70,70,70,70,70,70,70,70,70,70,70,70,70,70,70,72,72,72],"card_choices":[{"not_picked":["astrologer:Stardust","astrologer:Conjunction"],"picked":"astrologer:SolarFlare","floor":1},{"not_picked":["astrologer:StarOfChange","astrologer:NeutronStar"],"picked":"astrologer:Eclipse","floor":2},{"not_picked":["astrologer:ReadTheStars","astrologer:Prismatic"],"picked":"astrologer:Conjunction","floor":7},{"not_picked":["astrologer:Still","astrologer:SpaceDust"],"picked":"astrologer:Sunrise","floor":8},{"not_picked":["astrologer:Observe","astrologer:TheMoon"],"picked":"astrologer:TheLovers","floor":11},{"not_picked":["astrologer:Moonlight","astrologer:Stardust"],"picked":"astrologer:TheStar","floor":12},{"not_picked":["astrologer:Prismatic","astrologer:Confirmation"],"picked":"astrologer:Starfield","floor":14},{"not_picked":["astrologer:Death","astrologer:Starfield"],"picked":"astrologer:Fate","floor":16},{"not_picked":["astrologer:CometStrike","astrologer:TheDevil"],"picked":"astrologer:ShiningStar","floor":18},{"not_picked":["astrologer:Still","astrologer:Observe"],"picked":"astrologer:FrozenStar+1","floor":19},{"not_picked":["astrologer:TheHangedMan+1","astrologer:ShootingStar"],"picked":"astrologer:StarOfRegret+1","floor":21},{"not_picked":["astrologer:Moonlight","astrologer:Prestidigitation"],"picked":"astrologer:Radiance+1","floor":24},{"not_picked":["astrologer:ReadTheStars","astrologer:ShootingStar","astrologer:LonelyStar"],"picked":"Singing Bowl","floor":30}],"player_experience":435150,"relics_obtained":[{"floor":7,"key":"Pocketwatch"},{"floor":9,"key":"Ornamental Fan"},{"floor":12,"key":"Singing Bowl"},{"floor":22,"key":"Omamori"},{"floor":24,"key":"Kunai"},{"floor":26,"key":"Molten Egg 2"}],"event_choices":[{"damage_healed":0,"gold_gain":0,"player_choice":"Grow","damage_taken":0,"max_hp_gain":0,"max_hp_loss":0,"event_name":"Living Wall","floor":4,"gold_loss":0,"cards_upgraded":["astrologer:CometStrike"]},{"cards_removed":["astrologer:SolarFlare"],"damage_healed":0,"gold_gain":0,"player_choice":"Gave Card","damage_taken":0,"relics_obtained":["CeramicFish"],"max_hp_gain":0,"max_hp_loss":0,"event_name":"WeMeetAgain","floor":5,"gold_loss":0},{"damage_healed":0,"gold_gain":0,"player_choice":"Traded Relic","damage_taken":0,"relics_obtained":["Nloth\u0027s Gift"],"max_hp_gain":0,"max_hp_loss":0,"event_name":"N\u0027loth","floor":20,"relics_lost":["Cursed Key"],"gold_loss":0},{"damage_healed":0,"gold_gain":0,"cards_transformed":["astrologer:Strike","astrologer:Defend"],"player_choice":"Became Test Subject","damage_taken":0,"max_hp_gain":0,"max_hp_loss":0,"event_name":"Drug Dealer","floor":28,"gold_loss":0,"cards_obtained":["astrologer:Glimpse","astrologer:Sunrise"]},{"damage_healed":0,"gold_gain":0,"player_choice":"Ignored","damage_taken":0,"max_hp_gain":0,"max_hp_loss":0,"event_name":"Vampires","floor":29,"gold_loss":0}],"is_beta":false,"boss_relics":[{"not_picked":["Fusion Hammer","Tiny House"],"picked":"Cursed Key"}],"items_purged_floors":[3],"is_endless":false,"potions_floor_spawned":[7,11,12,21],"killed_by":"Centurion and Healer","ascension_level":0}}