{"host":"7qqg3hyzrz6apiso","time":1612023138,"event":{"mods":["AchievementEnabler","BaseMod","Better Debug","Colored Map","Keyboard Shortcuts","Minty Spire (QoL Compilation)","Permanent Neow","Quick Restart","StSLib","SuperFastMode"],"gold_per_floor":[112,112,37,51,65,65,79,79,79,79,94,94,94,104,104,205,205,224,243,65,65,65],"floor_reached":21,"language":"KOR","playtime":760,"items_purged":["Strike_B","Strike_B"],"score":188,"play_id":"bc09388b-4020-48aa-890e-13034c3ca9a5","local_time":"20210131011218","is_ascension_mode":true,"campfire_choices":[{"data":"Zap","floor":6,"key":"SMITH"},{"data":"Hologram","floor":8,"key":"SMITH"},{"data":"Go for the Eyes","floor":10,"key":"SMITH"},{"data":"Conserve Battery","floor":12,"key":"SMITH"},{"data":"Capacitor","floor":15,"key":"SMITH"}],"circlet_count":0,"master_deck":["Strike_B","Strike_B","Defend_B","Defend_B","Defend_B","Defend_B","Zap+1","Dualcast","Sweeping Beam","Go for the Eyes+1","Conserve Battery+1","Hologram+1","Capacitor+1","Biased Cognition","Leap","Biased Cognition"],"relics":["Cracked Core","Omamori","Juzu Bracelet","Matryoshka","Ancient Tea Set","Black Star"],"acts_visited":["Exordium","TheCity"],"potions_floor_usage":[11,16,16,18,21],"damage_taken":[{"damage":1,"enemies":"Cultist","floor":1,"turns":3},{"damage":7,"enemies":"2 Louse","floor":4,"turns":2},{"damage":8,"enemies":"Jaw Worm","floor":5,"turns":4},{"damage":0,"enemies":"Looter","floor":7,"turns":3},{"damage":0,"enemies":"Large Slime","floor":11,"turns":5},{"damage":0,"enemies":"Exordium Wildlife","floor":14,"turns":2},{"damage":23,"enemies":"Slime Boss","floor":16,"turns":8},{"damage":34,"enemies":"3 Byrds","floor":18,"turns":5},{"damage":24,"enemies":"2 Thieves","floor":19,"turns":5},{"damage":17,"enemies":"Snecko","floor":21,"turns":5}],"seed_played":"8299827796440204384","potions_obtained":[{"floor":1,"key":"ColorlessPotion"},{"floor":5,"key":"Block Potion"},{"floor":7,"key":"DistilledChaos"},{"floor":11,"key":"Swift Potion"},{"floor":14,"key":"Explosive Potion"},{"floor":18,"key":"SteroidPotion"},{"floor":19,"key":"Block Potion"}],"is_trial":false,"path_per_floor":["M","T","$","M","M","R","M","R","T","R","M","R","?","M","R","B",null,"M","M","$","M"],"character_chosen":"DEFECT","items_purchased":["Biased Cognition"],"campfire_rested":0,"item_purchase_floors":[20],"current_hp_per_floor":[74,74,74,67,59,59,59,59,59,59,59,59,59,59,59,36,75,41,17,17,0,0],"gold":65,"neow_bonus":"RANDOM_COMMON_RELIC","is_daily":false,"chose_seed":false,"campfire_upgraded":5,"win_rate":0.0,"timestamp":1612023138,"path_taken":["M","?","$","M","M","R","M","R","T","R","M","R","?","M","R","BOSS","M","M","$","M"],"items_purchased_type":["Card"],"build_version":"2020-12-22","purchased_purges":2,"victory":false,"max_hp_per_floor":[75,75,75,75,75,75,75,75,75,75,75,75,75,75,75,75,75,75,75,75,75,75],"card_choices":[{"not_picked":["Doom and Gloom","Lockon"],"picked":"Sweeping Beam","floor":1},{"not_picked":["Hello World","Reinforced Body"],"picked":"Go for the Eyes","floor":4},{"not_picked":["Auto Shields","Compile Driver"],"picked":"Conserve Battery","floor":5},{"not_picked":["Undo","Recycle"],"picked":"Hologram","floor":7},{"not_picked":["Redo","Barrage","Rebound"],"picked":"SKIP","floor":11},{"not_picked":["Gash","Sweeping Beam"],"picked":"Capacitor","floor":14},{"not_picked":["Thunder Strike","Core Surge"],"picked":"Biased Cognition","floor":16},{"not_picked":["Steam","Redo","Barrage"],"picked":"SKIP","floor":18},{"not_picked":["Hologram","Recycle"],"picked":"Leap","floor":19}],"player_experience":173513,"relics_obtained":[{"floor":2,"key":"Juzu Bracelet"},{"floor":9,"key":"Matryoshka"},{"floor":13,"key":"Ancient Tea Set"}],"event_choices":[{"damage_healed":0,"gold_gain":0,"player_choice":"Relic","damage_taken":0,"max_hp_gain":0,"max_hp_loss":0,"event_name":"Wheel of Change","floor":13,"gold_loss":0}],"is_beta":false,"boss_relics":[{"not_picked":["SlaversCollar","Cursed Key"],"picked":"Black Star"}],"items_purged_floors":[3,20],"is_endless":false,"potions_floor_spawned":[1,5,7,11,14,18,19],"killed_by":"Snecko","ascension_level":2}}