{"host":"dn6kke80v5f7isus","time":1612043576,"event":{"mods":["AchievementEnabler","Act Like it!","BaseMod","Colored Powertips","Custom Start","Defuse TimeMaze Blight","Gremlin Skip","Highlight Path","Hubris","Infinite Spire","Marisa????????","Minty Spire (QoL Compilation)","Rare Cards Sparkle","Reliquary","Replay The Spire","StSLib","The Servant 0.9.4","Uncapped","Unceasing Turn Reminder"],"gold_per_floor":[116,291,291,311,3,33,33,33,33,46,46,71,84,119,119,220,220,160,160],"floor_reached":18,"language":"ENG","playtime":604,"items_purged":["Doubt"],"score":211,"play_id":"5c1015e9-79f3-4e89-a8fb-406d3d613e59","local_time":"20210130165256","is_ascension_mode":true,"campfire_choices":[{"data":"EnergyFlow","floor":7.0,"key":"SMITH"},{"data":"PropBag","floor":11.0,"key":"SMITH"},{"data":"SporeBomb","floor":15,"key":"SMITH"}],"circlet_count":0,"master_deck":["Strike_MRS","Strike_MRS","Strike_MRS","Defend_MRS","Defend_MRS","Defend_MRS","Defend_MRS","MasterSpark","UpSweep","Orbital","PropBag+1","Acceleration","EnergyFlow+1","WitchLeyline","SporeBomb+1","CasketOfStar"],"relics":["MiniHakkero","NeowsBlessing","Prayer Wheel","hubris:OldNail","reliquary:Stiletto","Simple Rune","Potion Belt","SproutingBranch","Replay:Bottled Steam","OrangePellets","reliquary:IridiumChain","reliquary:KinkedSpring","Mummified Hand"],"acts_visited":["Exordium","TheCity"],"potions_floor_usage":[14,18],"damage_taken":[{"damage":0.0,"enemies":"Small Slimes","floor":1.0,"turns":1.0},{"damage":0.0,"enemies":"Jaw Worm","floor":4.0,"turns":1.0},{"damage":0.0,"enemies":"3 Sentries","floor":6.0,"turns":1.0},{"damage":0.0,"enemies":"Cultist","floor":10.0,"turns":3.0},{"damage":3.0,"enemies":"Replay:BlueRogue","floor":12.0,"turns":5.0},{"damage":8,"enemies":"3 Sentries","floor":14,"turns":7},{"damage":64,"enemies":"Fading Forest","floor":16,"turns":11},{"damage":16,"enemies":"2 Thieves","floor":18,"turns":3}],"seed_played":"-8056632979677428075","potions_obtained":[{"floor":1.0,"key":"Energy Potion"},{"floor":4.0,"key":"BottledSpark"},{"floor":14,"key":"SpeedPotion"}],"is_trial":false,"path_per_floor":["M","?","T","M","$","E","R","?","T","M","R","E","$","E","R","B",null,"M"],"character_chosen":"MARISA","items_purchased":["hubris:OldNail","EnergyFlow","SproutingBranch","Replay:Bottled Steam","OrangePellets"],"campfire_rested":0,"item_purchase_floors":[5,5,13,13,13],"current_hp_per_floor":[75,75,75,75,75,75,75,75,75,75,75,72,72,69,69,36,75,66,66],"gold":160,"neow_bonus":"THREE_ENEMY_KILL","is_daily":false,"chose_seed":false,"campfire_upgraded":3,"win_rate":0.0,"timestamp":1612043576,"path_taken":["M","?","?","M","$","E","R","?","T","?","R","E","$","E","R","BOSS","M"],"items_purchased_type":["Relic","Card","Relic","Relic","Relic"],"build_version":"2020-12-22","purchased_purges":1,"victory":false,"max_hp_per_floor":[75,75,75,75,75,75,75,75,75,75,75,75,75,75,75,75,75,75,75],"card_choices":[{"not_picked":["MysteriousBeam","DarkSpark"],"picked":"Orbital","floor":1.0},{"not_picked":["ShootingEcho","AsteroidBelt"],"picked":"PropBag","floor":4.0},{"not_picked":["OrrerysSun","DeepEcoloBomb"],"picked":"Acceleration","floor":4.0},{"not_picked":["StarBarrage","UnstableBomb","PowerUp"],"picked":"SKIP","floor":6.0},{"not_picked":["UnstableBomb","WitchOfGreed","DragonMeteor"],"picked":"SKIP","floor":10.0},{"not_picked":["AlicesGift","WitchOfGreed","DC"],"picked":"SKIP","floor":10.0},{"not_picked":["MeteoricShower","StarlightTyphoon"],"picked":"WitchLeyline","floor":12.0},{"not_picked":["DeepEcoloBomb","ChargeUpSpray"],"picked":"SporeBomb","floor":14},{"not_picked":["ManaRampage","BinaryStars"],"picked":"CasketOfStar","floor":16}],"player_experience":408400,"relics_obtained":[{"floor":3.0,"key":"Prayer Wheel"},{"floor":6.0,"key":"reliquary:Stiletto"},{"floor":9.0,"key":"Simple Rune"},{"floor":12.0,"key":"Potion Belt"},{"floor":14,"key":"reliquary:IridiumChain"}],"event_choices":[{"damage_healed":0.0,"max_hp_gain":0.0,"max_hp_loss":0.0,"gold_gain":175.0,"event_name":"Liars Game","player_choice":"AGREE","floor":2.0,"gold_loss":0.0,"damage_taken":0.0,"cards_obtained":["Doubt"]},{"cards_removed":["Strike_MRS"],"damage_healed":0.0,"max_hp_gain":0.0,"max_hp_loss":0.0,"gold_gain":0.0,"event_name":"Bonfire Elementals","player_choice":"Offered Basic","floor":8.0,"gold_loss":0.0,"damage_taken":0.0}],"is_beta":false,"boss_relics":[{"not_picked":["ChewingGum","Snecko Eye"],"picked":"reliquary:KinkedSpring"}],"items_purged_floors":[5],"is_endless":false,"potions_floor_spawned":[1,4,14],"killed_by":"2 Thieves","ascension_level":1}}