{"host":"ucgrft0m53zzt06v","time":1612049471,"event":{"mods":["BaseMod","Colored Map","Colored Powertips","Conspire","HololiveMod","KinomotoSakuraMod(木之本樱)","Lobotomy","Minty Spire (QoL Compilation)","Quick Restart","Replay The Spire","Shop Mod","Spicy Shops","StSLib","Td1madao Mod","The Senshi","Waifu the Spire","WarShipGirlsR/战舰少女R mod","【遗物卡牌】REMEMod"],"gold_per_floor":[114,127,127,152,21,21,21,21,44,60,98,98,0,38,38,171,171],"floor_reached":16,"language":"ZHS","playtime":599,"items_purged":[],"score":220,"play_id":"b5e78894-5719-4792-a1e6-7ba2c05d776b","local_time":"20210131073111","is_ascension_mode":true,"campfire_choices":[{"data":"Armaments","floor":6.0,"key":"SMITH"},{"data":"REME_ACTH","floor":8.0,"key":"SMITH"},{"data":"Clash","floor":12.0,"key":"SMITH"},{"data":"Flex","floor":15.0,"key":"SMITH"}],"circlet_count":0,"master_deck":["Strike_R","Strike_R","Strike_R","Strike_R","Strike_R","Defend_R","Defend_R","Defend_R","Defend_R","Bash","REME_ACTH+1","Infernal Blade","Armaments+1","Whirlwind","Clash+1","Flex+1"],"relics":["Burning Blood","REME_ComplimentaryCards","FossilizedHelix","Golden Idol","Letter Opener","Hololive_LightStick","Snack Pack","Replay:Baseball"],"acts_visited":["Exordium"],"potions_floor_usage":[],"damage_taken":[{"damage":0.0,"enemies":"Cultist","floor":1.0,"turns":3.0},{"damage":0.0,"enemies":"Jaw Worm","floor":2.0,"turns":2.0},{"damage":0.0,"enemies":"2 Louse","floor":4.0,"turns":3.0},{"damage":0.0,"enemies":"Blue Slaver","floor":10.0,"turns":2.0},{"damage":7.0,"enemies":"3 Sentries","floor":11.0,"turns":10.0},{"damage":0.0,"enemies":"Gremlin Nob","floor":14.0,"turns":2.0},{"damage":36,"enemies":"The Guardian","floor":16,"turns":9}],"seed_played":"3184107616466941898","potions_obtained":[{"floor":2.0,"key":"Toxic Potion"},{"floor":7.0,"key":"Adrenaline Potion"},{"floor":7.0,"key":"Milkshake"}],"is_trial":false,"path_per_floor":["M","M","?","M","$","R","?","R","T","M","E","R","?","E","R","B"],"character_chosen":"IRONCLAD","items_purchased":["Letter Opener"],"campfire_rested":0,"item_purchase_floors":[5],"current_hp_per_floor":[72,72,54,60,60,60,60,60,60,66,65,65,65,72,72,44,44],"gold":171,"neow_bonus":"ONE_RARE_RELIC","is_daily":false,"chose_seed":false,"campfire_upgraded":4,"win_rate":0.0,"timestamp":1612049471,"path_taken":["M","M","?","M","$","R","?","R","T","?","E","R","?","E","R","BOSS"],"items_purchased_type":["Relic"],"build_version":"2020-12-22","purchased_purges":0,"victory":false,"max_hp_per_floor":[72,72,72,72,72,72,72,72,72,72,72,72,72,72,72,72,72],"card_choices":[{"not_picked":["Twin Strike","Sword Boomerang"],"picked":"Infernal Blade","floor":1.0},{"not_picked":["Havoc","Spot Weakness"],"picked":"Armaments","floor":2.0},{"not_picked":["ReplayTheSpireMod:Corrosion Curse","Limit Break"],"picked":"Whirlwind","floor":4.0},{"not_picked":["Thunderclap","Sentinel","Pommel Strike"],"picked":"SKIP","floor":10.0},{"not_picked":["Anger","Shrug It Off"],"picked":"Clash","floor":11.0},{"not_picked":[],"picked":"Flex","floor":13.0},{"not_picked":["Headbutt","Reckless Charge","Flex"],"picked":"SKIP","floor":14.0}],"player_experience":117078,"relics_obtained":[{"floor":9.0,"key":"Hololive_LightStick"},{"floor":11.0,"key":"Snack Pack"},{"floor":14.0,"key":"Replay:Baseball"}],"event_choices":[{"damage_healed":0.0,"max_hp_gain":0.0,"max_hp_loss":0.0,"gold_gain":0.0,"event_name":"Golden Idol","player_choice":"Take Damage","floor":3.0,"gold_loss":0.0,"damage_taken":18.0,"relics_obtained":["Golden Idol"]},{"damage_healed":0.0,"max_hp_gain":0.0,"max_hp_loss":0.0,"gold_gain":0.0,"event_name":"Lab","player_choice":"Got Potions","floor":7.0,"gold_loss":0.0,"damage_taken":0.0}],"is_beta":false,"boss_relics":[],"items_purged_floors":[],"is_endless":false,"potions_floor_spawned":[2,14],"killed_by":"The Guardian","ascension_level":4}}