{"host":"gcl0wx4kxpuh49bt","time":1612019167,"event":{"mods":["AchievementEnabler","BaseMod","DeckTracker","Minty Spire (QoL Compilation)","StSLib"],"gold_per_floor":[109,121,131,131,206,206,222,252,252,263,298,298,314,330,330,431,431,448,547,563,563,563,563,563,563],"floor_reached":24,"language":"KOR","playtime":763,"items_purged":[],"score":281,"play_id":"0a26dc6d-864d-4e17-9868-cde88f542635","local_time":"20210131000607","is_ascension_mode":true,"campfire_choices":[{"data":"Armaments","floor":6.0,"key":"SMITH"},{"data":"Searing Blow","floor":12.0,"key":"SMITH"},{"data":"Searing Blow+1","floor":15.0,"key":"SMITH"},{"data":"Searing Blow+2","floor":23,"key":"SMITH"}],"circlet_count":0,"master_deck":["Strike_R","Strike_R","Strike_R","Defend_R","Defend_R","Defend_R","Defend_R","Bash","Pommel Strike","Immolate","Armaments+1","Anger","Feel No Pain","Searing Blow+3","Dropkick+1","Disarm","Limit Break","Dual Wield+1","Flame Barrier","Exhume"],"relics":["Burning Blood","NeowsBlessing","Eternal Feather","Pear","Letter Opener","Molten Egg 2","Runic Pyramid"],"acts_visited":["Exordium","TheCity"],"potions_floor_usage":[16,18,24],"damage_taken":[{"damage":0.0,"enemies":"Small Slimes","floor":1.0,"turns":1.0},{"damage":0.0,"enemies":"Jaw Worm","floor":2.0,"turns":1.0},{"damage":0.0,"enemies":"2 Louse","floor":3.0,"turns":1.0},{"damage":16.0,"enemies":"2 Fungi Beasts","floor":7.0,"turns":4.0},{"damage":25.0,"enemies":"3 Sentries","floor":8.0,"turns":7.0},{"damage":0.0,"enemies":"3 Louse","floor":10.0,"turns":1.0},{"damage":16.0,"enemies":"Gremlin Nob","floor":11.0,"turns":3.0},{"damage":12.0,"enemies":"Looter","floor":13.0,"turns":3.0},{"damage":17.0,"enemies":"Lots of Slimes","floor":14.0,"turns":4.0},{"damage":8,"enemies":"Slime Boss","floor":16,"turns":10},{"damage":13,"enemies":"Spheric Guardian","floor":18,"turns":4},{"damage":57,"enemies":"Shell Parasite","floor":20,"turns":7},{"damage":36,"enemies":"Slavers","floor":24,"turns":2}],"seed_played":"2362510139639855251","potions_obtained":[{"floor":1.0,"key":"Energy Potion"},{"floor":8.0,"key":"Regen Potion"},{"floor":10.0,"key":"ColorlessPotion"},{"floor":13.0,"key":"Strength Potion"},{"floor":16,"key":"Dexterity Potion"},{"floor":20,"key":"GamblersBrew"}],"is_trial":false,"path_per_floor":["M","M","M","?","?","R","M","E","T","M","E","R","M","M","R","B",null,"M","?","M","?","?","R","E"],"character_chosen":"IRONCLAD","items_purchased":[],"campfire_rested":0,"item_purchase_floors":[],"current_hp_per_floor":[78,80,80,73,62,68,58,49,49,55,54,63,57,46,55,53,81,74,74,23,23,23,35,0,0],"gold":563,"neow_bonus":"THREE_ENEMY_KILL","is_daily":false,"chose_seed":false,"campfire_upgraded":4,"win_rate":0.0,"timestamp":1612019167,"path_taken":["M","M","M","?","?","R","M","E","T","M","E","R","M","M","R","BOSS","M","?","M","?","?","R","E"],"items_purchased_type":[],"build_version":"2020-12-22","purchased_purges":0,"victory":false,"max_hp_per_floor":[80,80,80,80,80,80,80,90,90,90,90,90,90,90,90,90,90,90,90,90,90,90,90,90,90],"card_choices":[{"not_picked":["Sever Soul","Iron Wave"],"picked":"Pommel Strike","floor":1.0},{"not_picked":["Iron Wave","Havoc"],"picked":"Immolate","floor":2.0},{"not_picked":["Intimidate","Body Slam"],"picked":"Armaments","floor":3.0},{"not_picked":["Intimidate","Wild Strike"],"picked":"Anger","floor":7.0},{"not_picked":["Sentinel","Clash"],"picked":"Feel No Pain","floor":8.0},{"not_picked":["Carnage","Pommel Strike"],"picked":"Searing Blow","floor":10.0},{"not_picked":["Anger+1","Feel No Pain"],"picked":"Dropkick+1","floor":11.0},{"not_picked":["Anger+1","Intimidate"],"picked":"Disarm","floor":13.0},{"not_picked":["Flame Barrier","Flex","Perfected Strike+1"],"picked":"SKIP","floor":14.0},{"not_picked":["Double Tap","Exhume"],"picked":"Limit Break","floor":16},{"not_picked":["Havoc","Headbutt+1"],"picked":"Dual Wield+1","floor":18},{"not_picked":["Headbutt+1","Twin Strike+1","Anger+1"],"picked":"SKIP","floor":20}],"player_experience":169554,"relics_obtained":[{"floor":8.0,"key":"Pear"},{"floor":9.0,"key":"Letter Opener"},{"floor":11.0,"key":"Molten Egg 2"}],"event_choices":[{"damage_healed":0.0,"max_hp_gain":0.0,"max_hp_loss":0.0,"gold_gain":0.0,"event_name":"Scrap Ooze","player_choice":"Success","floor":4.0,"gold_loss":0.0,"damage_taken":7.0,"relics_obtained":["Eternal Feather"]},{"damage_healed":0.0,"max_hp_gain":0.0,"max_hp_loss":0.0,"gold_gain":75.0,"event_name":"World of Goop","player_choice":"Gather Gold","floor":5.0,"gold_loss":0.0,"damage_taken":11.0},{"damage_healed":0,"gold_gain":99,"player_choice":"Stole From Cult","damage_taken":0,"max_hp_gain":0,"max_hp_loss":0,"event_name":"Nest","floor":19,"gold_loss":0},{"damage_healed":0,"gold_gain":0,"cards_transformed":["Strike_R","Strike_R"],"player_choice":"Became Test Subject","damage_taken":0,"max_hp_gain":0,"max_hp_loss":0,"event_name":"Drug Dealer","floor":21,"gold_loss":0,"cards_obtained":["Flame Barrier","Exhume"]},{"damage_healed":0,"gold_gain":0,"player_choice":"Ignored","damage_taken":0,"max_hp_gain":0,"max_hp_loss":0,"event_name":"Ghosts","floor":22,"gold_loss":0}],"is_beta":false,"boss_relics":[{"not_picked":["Runic Cube","Calling Bell"],"picked":"Runic Pyramid"}],"items_purged_floors":[],"is_endless":false,"potions_floor_spawned":[1,8,10,13,16,20],"killed_by":"Slavers","ascension_level":7}}