{"host":"2se5dq1do2gp0x9k","time":1612028354,"event":{"mods":["AchievementEnabler","BaseMod","Block Reminder","Colored Map","Colored Powertips","Minty Spire (QoL Compilation)","Relic Stats","StSLib","SuperFastMode"],"gold_per_floor":[117,131,144,104,379,97,97,97,97,149,160,29,29,45,45,45,45],"floor_reached":16,"language":"ENG","playtime":614,"items_purged":["Regret"],"score":200,"play_id":"5daf5b81-b68d-4713-b16b-645870949886","local_time":"20210130093914","is_ascension_mode":true,"campfire_choices":[{"data":"Chaos","floor":7,"key":"SMITH"},{"data":"Magnetism","floor":15,"key":"SMITH"}],"circlet_count":0,"master_deck":["AscendersBane","Strike_B","Strike_B","Strike_B+1","Defend_B","Defend_B","Defend_B","Defend_B","Zap","Dualcast","Chaos+1","Go for the Eyes+1","Leap","Coolheaded","Magnetism+1","Hologram","Conserve Battery","Sweeping Beam","Capacitor","Hologram","Coolheaded"],"relics":["Inserter","Letter Opener","Whetstone","Darkstone Periapt"],"acts_visited":["Exordium"],"potions_floor_usage":[10,14],"damage_taken":[{"damage":12,"enemies":"Cultist","floor":1,"turns":4},{"damage":21,"enemies":"Small Slimes","floor":2,"turns":6},{"damage":5,"enemies":"2 Louse","floor":3,"turns":4},{"damage":3,"enemies":"Looter","floor":4,"turns":4},{"damage":4,"enemies":"Lagavulin","floor":10,"turns":7},{"damage":5,"enemies":"Large Slime","floor":11,"turns":6},{"damage":2,"enemies":"Gremlin Gang","floor":14,"turns":6},{"damage":12,"enemies":"Hexaghost","floor":16,"turns":9}],"seed_played":"-4304871015842128601","potions_obtained":[{"floor":1,"key":"Fruit Juice"},{"floor":10,"key":"AttackPotion"}],"is_trial":false,"path_per_floor":["M","M","M","M","?","$","R","?","T","E","M","$","?","M","R","B"],"character_chosen":"DEFECT","items_purchased":["Magnetism","Hologram","Capacitor","Hologram"],"campfire_rested":0,"item_purchase_floors":[6,6,12,12],"current_hp_per_floor":[52,31,26,23,23,23,23,23,23,24,19,19,14,12,12,0,0],"gold":45,"neow_bonus":"BOSS_RELIC","is_daily":false,"chose_seed":false,"campfire_upgraded":2,"win_rate":0.0,"timestamp":1612028354,"path_taken":["M","M","M","?","?","?","R","?","T","E","M","$","?","M","R","BOSS"],"items_purchased_type":["Card","Card","Card","Card"],"build_version":"2020-12-22","purchased_purges":1,"victory":false,"max_hp_per_floor":[71,71,71,71,71,71,71,71,71,76,76,76,76,76,76,76,76],"relic_stats":{"Darkstone Periapt":0,"Inserter":[23],"counters":[8,46],"Letter Opener":[68],"Whetstone":["Go for the Eyes","Strike_B"],"obtain_stats":[{"Darkstone Periapt":13,"Inserter":0,"Letter Opener":9,"Whetstone":10,"Cracked Core":0},{"Darkstone Periapt":6,"Inserter":0,"Letter Opener":4,"Whetstone":5,"Cracked Core":0},{"Darkstone Periapt":31,"Inserter":0,"Letter Opener":18,"Whetstone":25,"Cracked Core":0}]},"card_choices":[{"not_picked":["Ball Lightning","Rebound"],"picked":"Chaos","floor":1},{"not_picked":["Redo","Stack"],"picked":"Go for the Eyes","floor":2},{"not_picked":["Aggregate","Self Repair"],"picked":"Leap","floor":3},{"not_picked":["Redo","Auto Shields"],"picked":"Coolheaded","floor":4},{"not_picked":["Leap","Amplify"],"picked":"Sweeping Beam","floor":10},{"not_picked":["Static Discharge","Stack","Sweeping Beam"],"picked":"SKIP","floor":11},{"not_picked":["Aggregate","Turbo"],"picked":"Coolheaded","floor":14}],"player_experience":3992803,"relics_obtained":[{"floor":9,"key":"Letter Opener"},{"floor":10,"key":"Whetstone"}],"event_choices":[{"damage_healed":0,"gold_gain":275,"player_choice":"Desecrate","damage_taken":0,"max_hp_gain":0,"max_hp_loss":0,"event_name":"Golden Shrine","floor":5,"gold_loss":0,"cards_obtained":["Regret"]},{"damage_healed":0,"gold_gain":0,"cards_transformed":["Strike_B"],"player_choice":"Change","damage_taken":0,"max_hp_gain":0,"max_hp_loss":0,"event_name":"Living Wall","floor":8,"gold_loss":0,"cards_obtained":["Conserve Battery"]},{"damage_healed":0,"gold_gain":0,"player_choice":"Success","damage_taken":5,"relics_obtained":["Darkstone Periapt"],"max_hp_gain":0,"max_hp_loss":0,"event_name":"Scrap Ooze","floor":13,"gold_loss":0}],"is_beta":false,"boss_relics":[],"items_purged_floors":[6],"is_endless":false,"potions_floor_spawned":[1,10],"killed_by":"Hexaghost","ascension_level":20}}