{"host":"h6r7r6c3xsnc1kic","time":1612006383,"event":{"mods":["BaseMod","Hermit","Koishi","Minty Spire (QoL Compilation)","Replay The Spire","StSLib","The Bug Knight","The Cursed","The Dragon Tamer","The Hierophant","The Jungle","The Poker Player","The Runesmith"],"gold_per_floor":[117,131,131,104,204,235,235,255,255,255,269,289,289,309,309,410,410,422,132,152,152,169,204,204,223,223,185,185,185,185],"floor_reached":28,"language":"KOR","playtime":821,"items_purged":[],"score":265,"play_id":"262103c3-90cc-4c96-8b60-368e4354c5f1","local_time":"20210130203303","is_ascension_mode":false,"metric_token":862,"campfire_choices":[{"floor":7,"key":"REST"},{"data":"PokerPlayerMod:TrumpStrike","floor":10,"key":"SMITH"},{"data":"PokerPlayerMod:ChangeRules","floor":13,"key":"SMITH"},{"data":"PokerPlayerMod:Heart2","floor":15,"key":"SMITH"}],"circlet_count":0,"master_deck":["PokerPlayerMod:Diamond1","PokerPlayerMod:Diamond2","PokerPlayerMod:Diamond3","PokerPlayerMod:Diamond4","PokerPlayerMod:Diamond5","PokerPlayerMod:Spade1","PokerPlayerMod:Spade2","PokerPlayerMod:Spade3","PokerPlayerMod:Spade4","PokerPlayerMod:Club1","PokerPlayerMod:Club2","PokerPlayerMod:Heart3","PokerPlayerMod:TrumpStrike+1","PokerPlayerMod:BadJoker","PokerPlayerMod:Mulligan","PokerPlayerMod:Spade9","PokerPlayerMod:Diamond6","PokerPlayerMod:Club9","PokerPlayerMod:Club6","PokerPlayerMod:ChangeRules+1","PokerPlayerMod:Raise","PokerPlayerMod:Spade4","PokerPlayerMod:Club9","PokerPlayerMod:Fold","PokerPlayerMod:CardPrinter","PokerPlayerMod:Club7","PokerPlayerMod:Club7","PokerPlayerMod:ClubStrike","PokerPlayerMod:CloakAndDiamond+1","PokerPlayerMod:Overdeal","PokerPlayerMod:Configure","PokerPlayerMod:HeartStrike+1","ReplayTheSpireMod:Uncanny Aura"],"relics":["PokerPlayerMod:DeckCase","NeowsBlessing","Mango","Regal Pillow","Ginger","Ring of Chaos","Toolbox","Toy Ornithopter","Blood Vial","Molten Egg 2"],"acts_visited":["Exordium","TheCity"],"potions_floor_usage":[23,23,25,25],"damage_taken":[{"damage":0,"enemies":"2 Louse","floor":1,"turns":1},{"damage":0,"enemies":"Cultist","floor":2,"turns":1},{"damage":0,"enemies":"3 Sentries","floor":6,"turns":1},{"damage":0,"enemies":"Small Slimes","floor":8,"turns":3},{"damage":0,"enemies":"2 Fungi Beasts","floor":11,"turns":1},{"damage":0,"enemies":"Large Slime","floor":12,"turns":2},{"damage":0,"enemies":"Exordium Wildlife","floor":14,"turns":3},{"damage":54,"enemies":"The Guardian","floor":16,"turns":9},{"damage":12,"enemies":"Shell Parasite","floor":18,"turns":2},{"damage":0,"enemies":"Spheric Guardian","floor":20,"turns":2},{"damage":0,"enemies":"Snecko","floor":22,"turns":3},{"damage":74,"enemies":"Book of Stabbing","floor":23,"turns":7},{"damage":7,"enemies":"Centurion and Healer","floor":25,"turns":4}],"seed_played":"1048323510689513573","potions_obtained":[{"floor":8,"key":"Cursed Concoction"},{"floor":11,"key":"LiquidBronze"},{"floor":16,"key":"SkillPotion"},{"floor":22,"key":"Explosive Potion"},{"floor":23,"key":"Fire Potion"}],"is_trial":false,"path_per_floor":["M","M","?","?","?","E","R","M","T","R","M","M","R","M","R","B",null,"M","$","M","T","M","E","?","M","T","$","?"],"character_chosen":"THE_POKER_PLAYER","items_purchased":["Toolbox","PokerPlayerMod:CardPrinter","PokerPlayerMod:Club7","PokerPlayerMod:HeartStrike+1"],"campfire_rested":1,"item_purchase_floors":[19,19,19,27],"current_hp_per_floor":[52,52,41,41,41,41,66,66,66,66,66,66,66,66,66,12,66,58,58,58,58,58,1,1,16,16,16,0,0,0],"gold":185,"neow_bonus":"THREE_ENEMY_KILL","is_daily":false,"chose_seed":false,"campfire_upgraded":3,"win_rate":0.0,"timestamp":1612006383,"path_taken":["M","M","?","?","?","E","R","M","T","R","M","M","R","M","R","BOSS","M","$","M","?","M","E","?","M","T","$","?"],"items_purchased_type":["Relic","Card","Card","Card"],"build_version":"2020-12-22","purchased_purges":0,"victory":false,"max_hp_per_floor":[52,52,66,66,66,66,66,66,66,66,66,66,66,66,66,66,66,66,66,66,66,66,66,66,66,66,66,66,66,66],"card_choices":[{"not_picked":["PokerPlayerMod:CloakAndDiamond","PokerPlayerMod:Spade5"],"picked":"PokerPlayerMod:Spade9","floor":1},{"not_picked":["PokerPlayerMod:Diamond4","PokerPlayerMod:Spade3"],"picked":"PokerPlayerMod:Diamond6","floor":2},{"not_picked":["PokerPlayerMod:Heart1","PokerPlayerMod:Fold"],"picked":"PokerPlayerMod:Club9","floor":6},{"not_picked":["PokerPlayerMod:CloakAndDiamond","PokerPlayerMod:MagicTrick"],"picked":"PokerPlayerMod:Club6","floor":8},{"not_picked":["PokerPlayerMod:Diamond1","PokerPlayerMod:Spade4"],"picked":"PokerPlayerMod:ChangeRules","floor":11},{"not_picked":["PokerPlayerMod:Spade5","PokerPlayerMod:DartThrow"],"picked":"PokerPlayerMod:Raise","floor":12},{"not_picked":["PokerPlayerMod:Raise","PokerPlayerMod:Diamond5"],"picked":"PokerPlayerMod:Spade4","floor":14},{"not_picked":["PokerPlayerMod:TheDieIsCast","PokerPlayerMod:Diamond7"],"picked":"PokerPlayerMod:Club9","floor":16},{"not_picked":["PokerPlayerMod:RiskyBet+1","PokerPlayerMod:Diamond4"],"picked":"PokerPlayerMod:Fold","floor":18},{"not_picked":["PokerPlayerMod:Fold+1","PokerPlayerMod:RiskyBet"],"picked":"PokerPlayerMod:ClubStrike","floor":20},{"not_picked":["PokerPlayerMod:JackOfSpades","PokerPlayerMod:Club8"],"picked":"PokerPlayerMod:CloakAndDiamond+1","floor":22},{"not_picked":["PokerPlayerMod:Club5","PokerPlayerMod:Diamond4"],"picked":"PokerPlayerMod:Overdeal","floor":23},{"not_picked":["PokerPlayerMod:Diamond4","PokerPlayerMod:Club2"],"picked":"PokerPlayerMod:Configure","floor":25}],"player_experience":166953,"relics_obtained":[{"floor":6,"key":"Regal Pillow"},{"floor":9,"key":"Ginger"},{"floor":21,"key":"Toy Ornithopter"},{"floor":23,"key":"Blood Vial"},{"floor":26,"key":"Molten Egg 2"}],"event_choices":[{"damage_healed":0,"gold_gain":0,"player_choice":"Success","damage_taken":25,"relics_obtained":["Mango"],"max_hp_gain":0,"max_hp_loss":0,"event_name":"Scrap Ooze","floor":3,"gold_loss":0},{"damage_healed":0,"gold_gain":0,"player_choice":"Left Gold","damage_taken":0,"max_hp_gain":0,"max_hp_loss":0,"event_name":"World of Goop","floor":4,"gold_loss":27},{"damage_healed":0,"gold_gain":100,"player_choice":"Pray","damage_taken":0,"max_hp_gain":0,"max_hp_loss":0,"event_name":"Golden Shrine","floor":5,"gold_loss":0},{"damage_healed":0,"gold_gain":0,"player_choice":"Ignored","damage_taken":0,"max_hp_gain":0,"max_hp_loss":0,"event_name":"Ghosts","floor":24,"gold_loss":0}],"is_beta":false,"boss_relics":[{"not_picked":["Velvet Choker","Philosopher\u0027s Stone"],"picked":"Ring of Chaos"}],"items_purged_floors":[],"is_endless":false,"potions_floor_spawned":[8,11,16,22,23],"ascension_level":0}}