{"host":"3qkmyeoym75lj4wn","time":1612043628,"event":{"mods":["2.2 Compatiblity","BaseMod","Block Reminder","Colored Powertips","Highlight Path","Minty Spire (QoL Compilation)","Permanent Neow","Potion Indicator Mod","Rare Cards Sparkle","Relic Stats","StSLib","Unceasing Turn Reminder"],"gold_per_floor":[115,115,115,130,95,95,114,114,114,114,114,142,142,168,168,240,240,254,254,274,293,293,293,325,336,386,386,35,35,63,74,74,74,74],"floor_reached":33,"language":"ENG","playtime":951,"items_purged":["Pain"],"score":582,"play_id":"7b389f64-bd79-4d70-a285-b5dcc2b9d2fa","local_time":"20210130215348","is_ascension_mode":true,"campfire_choices":[{"data":"Inflame","floor":6.0,"key":"SMITH"},{"data":"Cleave","floor":8.0,"key":"SMITH"},{"data":"Twin Strike","floor":11.0,"key":"SMITH"},{"data":"Shockwave","floor":15.0,"key":"SMITH"},{"data":"Spot Weakness","floor":23.0,"key":"SMITH"},{"data":"Feed","floor":29.0,"key":"SMITH"},{"data":"Pummel","floor":32.0,"key":"SMITH"}],"circlet_count":0,"master_deck":["AscendersBane","Strike_R+1","Strike_R+1","Strike_R+1","Strike_R+1","Strike_R+1","Defend_R+1","Defend_R+1","Defend_R+1","Defend_R+1","Bash+1","Twin Strike+1","Inflame+1","Cleave+1","Carnage","Shockwave+1","Reaper","Shrug It Off","Spot Weakness+1","Pummel+1","Feed+1","Intimidate+1"],"relics":["Burning Blood","Boot","Bag of Preparation","TungstenRod","Eternal Feather","Orichalcum","Cursed Key","Blood Vial","Toxic Egg 2","Centennial Puzzle"],"acts_visited":["Exordium","TheCity"],"potions_floor_usage":[],"damage_taken":[{"damage":14.0,"enemies":"2 Louse","floor":1.0,"turns":3.0},{"damage":7.0,"enemies":"Small Slimes","floor":4.0,"turns":4.0},{"damage":2.0,"enemies":"Jaw Worm","floor":7.0,"turns":3.0},{"damage":14.0,"enemies":"Lagavulin","floor":12.0,"turns":5.0},{"damage":9.0,"enemies":"3 Sentries","floor":14.0,"turns":5.0},{"damage":11.0,"enemies":"Slime Boss","floor":16.0,"turns":9.0},{"damage":2.0,"enemies":"Chosen","floor":18.0,"turns":3.0},{"damage":4.0,"enemies":"Spheric Guardian","floor":20.0,"turns":3.0},{"damage":15.0,"enemies":"Centurion and Healer","floor":21.0,"turns":4.0},{"damage":10.0,"enemies":"Gremlin Leader","floor":24.0,"turns":4.0},{"damage":1.0,"enemies":"3 Cultists","floor":25.0,"turns":4.0},{"damage":17.0,"enemies":"Slavers","floor":30.0,"turns":4.0},{"damage":13.0,"enemies":"Shelled Parasite and Fungi","floor":31.0,"turns":4.0},{"damage":99,"enemies":"Champ","floor":33,"turns":11}],"seed_played":"1545986018641329505","potions_obtained":[{"floor":7.0,"key":"ColorlessPotion"},{"floor":12.0,"key":"Fire Potion"},{"floor":18.0,"key":"Ancient Potion"},{"floor":21.0,"key":"AttackPotion"}],"is_trial":false,"path_per_floor":["M","?","?","M","?","R","M","R","T","?","R","E","?","E","R","B",null,"M","?","M","M","?","R","E","M","T","?","$","R","E","M","R","B"],"character_chosen":"IRONCLAD","items_purchased":["Toxic Egg 2"],"campfire_rested":0,"item_purchase_floors":[28],"current_hp_per_floor":[60,37,26,25,43,43,47,47,47,47,47,39,39,36,45,40,66,75,75,75,66,66,75,75,75,75,75,75,75,64,63,75,0,0],"gold":74,"neow_bonus":"RANDOM_COMMON_RELIC","is_daily":false,"chose_seed":false,"campfire_upgraded":7,"win_rate":0.0,"timestamp":1612043628,"path_taken":["M","?","?","?","?","R","M","R","T","?","R","E","?","E","R","BOSS","M","?","M","M","?","R","E","?","T","?","$","R","E","M","R","BOSS"],"items_purchased_type":["Relic"],"build_version":"2020-12-22","purchased_purges":1,"victory":false,"max_hp_per_floor":[75,75,75,75,75,75,75,75,75,75,75,75,75,75,75,75,75,75,75,75,75,75,75,75,75,75,75,75,75,75,79,79,79,79],"relic_stats":{"Blood Vial":4,"Centennial Puzzle":[6],"counters":[14,66],"Eternal Feather":30,"Bag of Preparation":[26],"Orichalcum":[192],"Boot":[2],"Cursed Key":1,"obtain_stats":[{"Blood Vial":24,"Centennial Puzzle":30,"Eternal Feather":12,"Bag of Preparation":3,"Orichalcum":14,"Toxic Egg 2":28,"Boot":0,"Cursed Key":17,"Burning Blood":0,"TungstenRod":9},{"Blood Vial":10,"Centennial Puzzle":12,"Eternal Feather":4,"Bag of Preparation":1,"Orichalcum":5,"Toxic Egg 2":11,"Boot":0,"Cursed Key":6,"Burning Blood":0,"TungstenRod":3},{"Blood Vial":43,"Centennial Puzzle":51,"Eternal Feather":15,"Bag of Preparation":3,"Orichalcum":20,"Toxic Egg 2":47,"Boot":0,"Cursed Key":29,"Burning Blood":0,"TungstenRod":10}],"Burning Blood":60,"TungstenRod":25},"card_choices":[{"not_picked":["Seeing Red","Flex"],"picked":"Twin Strike","floor":1.0},{"not_picked":["Rage","Headbutt"],"picked":"Inflame","floor":4.0},{"not_picked":["Battle Trance","Heavy Blade"],"picked":"Cleave","floor":7.0},{"not_picked":["Cleave","Warcry"],"picked":"Carnage","floor":12.0},{"not_picked":["Iron Wave","Armaments"],"picked":"Shockwave","floor":14.0},{"not_picked":["Bludgeon","Brutality"],"picked":"Reaper","floor":16.0},{"not_picked":["Dual Wield","Havoc","Wild Strike"],"picked":"SKIP","floor":18.0},{"not_picked":["Cleave","Reckless Charge","Twin Strike"],"picked":"SKIP","floor":20.0},{"not_picked":["Uppercut","Reckless Charge+1"],"picked":"Shrug It Off","floor":21.0},{"not_picked":["Shrug It Off","Wild Strike"],"picked":"Pummel","floor":24.0},{"not_picked":["Wild Strike","Sword Boomerang"],"picked":"Feed","floor":25.0},{"not_picked":["Anger","Havoc+1"],"picked":"Intimidate+1","floor":30.0},{"not_picked":["Flex+1","Feel No Pain","Headbutt"],"picked":"SKIP","floor":31.0}],"player_experience":1717920,"relics_obtained":[{"floor":9.0,"key":"TungstenRod"},{"floor":12.0,"key":"Eternal Feather"},{"floor":14.0,"key":"Orichalcum"},{"floor":24.0,"key":"Blood Vial"},{"floor":30.0,"key":"Centennial Puzzle"}],"event_choices":[{"damage_healed":0.0,"max_hp_gain":0.0,"max_hp_loss":0.0,"gold_gain":0.0,"event_name":"Shining Light","player_choice":"Entered Light","floor":2.0,"gold_loss":0.0,"damage_taken":23.0,"cards_upgraded":["Strike_R","Strike_R"]},{"damage_healed":0.0,"max_hp_gain":0.0,"max_hp_loss":0.0,"gold_gain":0.0,"event_name":"Scrap Ooze","player_choice":"Success","floor":3.0,"gold_loss":0.0,"damage_taken":11.0,"relics_obtained":["Bag of Preparation"]},{"damage_healed":18.0,"max_hp_gain":0.0,"max_hp_loss":0.0,"gold_gain":0.0,"event_name":"The Cleric","player_choice":"Healed","floor":5.0,"gold_loss":35.0,"damage_taken":0.0},{"damage_healed":0.0,"max_hp_gain":0.0,"max_hp_loss":0.0,"gold_gain":0.0,"event_name":"Living Wall","player_choice":"Grow","floor":10.0,"gold_loss":0.0,"damage_taken":0.0,"cards_upgraded":["Bash"]},{"damage_healed":0.0,"max_hp_gain":0.0,"max_hp_loss":0.0,"gold_gain":0.0,"event_name":"Liars Game","player_choice":"Ignored","floor":13.0,"gold_loss":0.0,"damage_taken":0.0},{"damage_healed":0.0,"max_hp_gain":0.0,"max_hp_loss":0.0,"gold_gain":0.0,"event_name":"The Mausoleum","player_choice":"Ignored","floor":19.0,"gold_loss":0.0,"damage_taken":0.0},{"damage_healed":0.0,"max_hp_gain":0.0,"max_hp_loss":0.0,"gold_gain":0.0,"event_name":"The Library","player_choice":"Read","floor":22.0,"gold_loss":0.0,"damage_taken":0.0,"cards_obtained":["Spot Weakness"]},{"damage_healed":0.0,"max_hp_gain":0.0,"max_hp_loss":0.0,"gold_gain":0.0,"event_name":"Back to Basics","player_choice":"Simplicity","floor":27.0,"gold_loss":0.0,"damage_taken":0.0,"cards_upgraded":["Strike_R","Strike_R","Strike_R","Defend_R","Defend_R","Defend_R","Defend_R"]}],"is_beta":false,"boss_relics":[{"not_picked":["Black Blood","Tiny House"],"picked":"Cursed Key"}],"items_purged_floors":[28],"is_endless":false,"potions_floor_spawned":[7,12,18,21],"killed_by":"Champ","ascension_level":20}}