{"host":"tp44ibfkhs2l94sg","time":1612033537,"event":{"mods":["BaseMod","Downfall","Minty Spire (QoL Compilation)","StSLib"],"gold_per_floor":[99,117,117,292,351,351,351,383,383,407,56,75,75,91,111,216,216,216,236,336,336,351,15,61,61,95,107,15,15,15,32,52,154,154,54,54,74,74,90,102,102,133,95,112,12,23,23,40,56,56],"floor_reached":51,"language":"ENG","playtime":8729,"items_purged":["Doubt"],"score":772,"play_id":"bebfa619-f21c-4999-b560-922fe35304ae","local_time":"20210130110537","is_ascension_mode":false,"campfire_choices":[{"data":"champ:Taunt","floor":1.0,"key":"SMITH"},{"data":"champ:Duel","floor":6.0,"key":"SMITH"},{"data":"champ:FalseCounter","floor":9.0,"key":"SMITH"},{"floor":13.0,"key":"REST"},{"data":"champ:Improvising","floor":18.0,"key":"SMITH"},{"data":"expansioncontent:Hexaburn","floor":30.0,"key":"SMITH"},{"data":"champ:GladiatorForm","floor":35.0,"key":"SMITH"},{"data":"expansioncontent:StudyTheSpire","floor":45,"key":"SMITH"},{"data":"champ:IronFortress","floor":47,"key":"SMITH"}],"circlet_count":0,"master_deck":["champ:Strike","champ:Strike","champ:Strike","champ:Defend","champ:Defend","champ:Defend+1","champ:Defend","champ:Execute+1","champ:Taunt+1","champ:FlashCut","downfall:Malfunctioning","champ:Duel+1","champ:FalseCounter+1","champ:StanceDance","champ:PreemptiveStrike","champ:GladiatorStyle","champ:GutPunch","champ:FaceSlap","champ:Circumvent","champ:BringItOn","champ:Improvising+1","champ:Backstep+1","champ:Haymaker","RitualDagger","champ:PreciseThrust+1","expansioncontent:Hexaburn+1","downfall:Bewildered","champ:ShieldWall","champ:StanceDance","champ:SetATrap+1","champ:IronFortress+1","champ:Endure","champ:StanceDance","champ:GladiatorForm+1","champ:Shatter+1","expansioncontent:StudyTheSpire+1","champ:ShieldWall","champ:BringItOn+1","champ:ShieldWall+1"],"relics":["champ:ChampionCrown","champ:GladiatorsBookOfMartialProwess","Happy Flower","Boot","Odd Mushroom","Letter Opener","Velvet Choker","champ:BlackKnightHelmet","Eternal Feather","champ:FightingForDummies","sneckomod:BabySnecko","FossilizedHelix","SlaversCollar","downfall:HeartBlessingBlue","Akabeko","Bottled Flame","Oddly Smooth Stone","downfall:HeartBlessingGreen"],"acts_visited":["Exordium","TheCity","TheBeyond"],"potions_floor_usage":[40,40,40,42,44,44,50],"damage_taken":[{"damage":15.0,"enemies":"Small Slimes","floor":2.0,"turns":5.0},{"damage":50.0,"enemies":"Gremlin Nob","floor":5.0,"turns":5.0},{"damage":24.0,"enemies":"Gremlin Nob","floor":8.0,"turns":5.0},{"damage":32.0,"enemies":"The Mushroom Lair","floor":10.0,"turns":6.0},{"damage":15.0,"enemies":"downfall:FleeingMerchant","floor":11.0,"turns":4.0},{"damage":10.0,"enemies":"Jaw Worm","floor":12.0,"turns":3.0},{"damage":0.0,"enemies":"2 Louse","floor":14.0,"turns":2.0},{"damage":25.0,"enemies":"Exordium Thugs","floor":15.0,"turns":5.0},{"damage":34.0,"enemies":"SI_SHIV_ARCHETYPE","floor":16.0,"turns":7.0},{"damage":15.0,"enemies":"3 Byrds","floor":19.0,"turns":5.0},{"damage":46.0,"enemies":"3 Byrds","floor":20.0,"turns":9.0},{"damage":10.0,"enemies":"Shelled Parasite and Fungi","floor":22.0,"turns":5.0},{"damage":29.0,"enemies":"downfall:FleeingMerchant","floor":23.0,"turns":4.0},{"damage":19.0,"enemies":"Book of Stabbing","floor":26.0,"turns":3.0},{"damage":23.0,"enemies":"Centurion and Healer","floor":27.0,"turns":5.0},{"damage":0.0,"enemies":"downfall:FleeingMerchant","floor":28.0,"turns":4.0},{"damage":28.0,"enemies":"Cultist and Chosen","floor":31.0,"turns":6.0},{"damage":7.0,"enemies":"Shelled Parasite and Fungi","floor":32.0,"turns":4.0},{"damage":10.0,"enemies":"WA_ARCHETYPE_CALM","floor":33.0,"turns":9.0},{"damage":0.0,"enemies":"Orb Walker","floor":37.0,"turns":3.0},{"damage":10,"enemies":"3 Shapes","floor":39,"turns":4},{"damage":18,"enemies":"Sphere and 2 Shapes","floor":40,"turns":5},{"damage":27,"enemies":"Nemesis","floor":42,"turns":7},{"damage":5,"enemies":"downfall:FleeingMerchant","floor":43,"turns":2},{"damage":5,"enemies":"3 Darklings","floor":44,"turns":7},{"damage":0,"enemies":"Spire Growth","floor":46,"turns":5},{"damage":18,"enemies":"Jaw Worm Horde","floor":48,"turns":4},{"damage":20,"enemies":"3 Darklings","floor":49,"turns":5},{"damage":171,"enemies":"IC_BLOCK_ARCHETYPE","floor":50,"turns":13}],"seed_played":"7877990493850366493","potions_obtained":[{"floor":5.0,"key":"SpeedPotion"},{"floor":8.0,"key":"CultistPotion"},{"floor":14.0,"key":"champ:OpenerPotion"},{"floor":16.0,"key":"SkillPotion"},{"floor":19.0,"key":"Slimebound:ThreeZeroPotion"},{"floor":22.0,"key":"LiquidBronze"},{"floor":26.0,"key":"Dexterity Potion"},{"floor":29.0,"key":"EntropicBrew"},{"floor":29.0,"key":"Ancient Potion"},{"floor":32.0,"key":"BlessingOfTheForge"},{"floor":33.0,"key":"Regen Potion"},{"floor":39,"key":"ColorlessPotion"},{"floor":42,"key":"Guardian:BlockOnCardUsePotion"},{"floor":49,"key":"DistilledChaos"}],"is_trial":false,"path_per_floor":["R","M","?","?","?","R","T","E","R","?","$","M","R","M","M","B",null,"R","M","?","?","M","$","T","?","E","M","$","?","R","M","M","B",null,"R","?","M","?","M","M","T","E","$","M","R","M","R","M","M","B",null],"character_chosen":"THE_CHAMP","items_purchased":["Letter Opener","champ:GladiatorStyle","champ:GutPunch","champ:FightingForDummies","expansioncontent:Hexaburn","champ:IronFortress","expansioncontent:StudyTheSpire","champ:ShieldWall","Oddly Smooth Stone"],"campfire_rested":1,"item_purchase_floors":[11,11,11,23,23,28,43,43,43],"current_hp_per_floor":[99,99,99,99,69,69,69,65,65,43,38,38,67,67,62,58,99,99,99,83,77,77,73,73,73,64,56,66,66,84,66,59,69,99,109,109,109,109,99,98,98,91,96,101,109,109,109,106,91,11],"gold":56,"neow_bonus":"TEN_PERCENT_HP_BONUS","is_daily":false,"chose_seed":false,"campfire_upgraded":8,"win_rate":0.0,"timestamp":1612033537,"path_taken":["R","M","?","?","?","R","T","E","R","?","$","M","R","M","M","BOSS","R","M","?","?","M","$","T","?","E","M","$","?","R","M","M","BOSS","R","?","M","?","M","M","T","E","$","M","R","M","R","M","M","BOSS"],"items_purchased_type":["Relic","Card","Card","Relic","Card","Card","Card","Card","Relic"],"build_version":"2020-12-22","purchased_purges":1,"victory":true,"max_hp_per_floor":[99,99,99,99,99,99,99,99,99,99,99,99,99,99,99,99,99,99,99,99,99,99,99,99,99,99,99,99,99,99,99,99,99,99,109,109,109,109,109,109,109,109,109,109,109,109,109,109,109,109],"card_choices":[{"not_picked":["champ:ShieldWall","champ:EnGarde"],"picked":"champ:FlashCut","floor":2.0},{"not_picked":["champ:PreciseThrust","champ:RisingSlash"],"picked":"champ:Duel","floor":5.0},{"not_picked":["champ:FlashCut","champ:BladeFlurry"],"picked":"champ:FalseCounter","floor":8.0},{"not_picked":["champ:PerfectedStrike","champ:FancyFootwork"],"picked":"champ:StanceDance","floor":10.0},{"not_picked":["champ:SetATrap","champ:FaceSlap"],"picked":"champ:PreemptiveStrike","floor":11.0},{"not_picked":["champ:PerfectedStrike","champ:BladeFlurry"],"picked":"champ:FaceSlap","floor":12.0},{"not_picked":["champ:RapidStrikes","champ:CrookedStrike"],"picked":"champ:Circumvent","floor":14.0},{"not_picked":["champ:BladeFlurry","champ:DeathBlow"],"picked":"champ:BringItOn","floor":15.0},{"not_picked":["champ:DancingMaster","champ:SteelEdge"],"picked":"champ:Improvising","floor":16.0},{"not_picked":["champ:PreemptiveStrike","champ:ShieldSlam"],"picked":"champ:Backstep+1","floor":19.0},{"not_picked":["champ:GutPunch","champ:SetATrap"],"picked":"champ:Haymaker","floor":20.0},{"not_picked":["champ:DefensiveShout","champ:TornadoPunch"],"picked":"champ:PreciseThrust+1","floor":22.0},{"not_picked":["champ:ShieldThrow","champ:CrownThrow","champ:AdrenalArmor"],"picked":"SKIP","floor":23.0},{"not_picked":["champ:BladeFlurry","champ:ShieldThrow"],"picked":"champ:ShieldWall","floor":26.0},{"not_picked":["champ:GutPunch","champ:PreemptiveStrike"],"picked":"champ:StanceDance","floor":27.0},{"not_picked":["champ:SkillfulDodge","champ:HoldFirm"],"picked":"champ:SetATrap+1","floor":28.0},{"not_picked":["champ:PerfectedStrike","champ:HeartStrike+1"],"picked":"champ:Endure","floor":31.0},{"not_picked":["champ:Duel","champ:FlashCut+1"],"picked":"champ:StanceDance","floor":32.0},{"not_picked":["champ:MurderStrike","champ:UltimateStance"],"picked":"champ:GladiatorForm","floor":33.0},{"not_picked":["champ:EnragedBash","champ:FanOfKnives+1","champ:AdrenalArmor+1"],"picked":"SKIP","floor":37.0},{"not_picked":["champ:BringItOn","champ:FlashCut","champ:TornadoPunch"],"picked":"SKIP","floor":39},{"not_picked":["champ:FaceSlap","champ:FocusedBerserking+1"],"picked":"champ:Shatter+1","floor":40},{"not_picked":["champ:DeathBlow","champ:CheapShot","champ:StanceDance"],"picked":"SKIP","floor":42},{"not_picked":["champ:FalseCounter","champ:Endure+1","champ:Circumvent+1"],"picked":"SKIP","floor":43},{"not_picked":["champ:GutPunch","champ:FlashCut+1"],"picked":"champ:BringItOn+1","floor":44},{"not_picked":["champ:CalledShot","champ:SkillfulDodge+1"],"picked":"champ:ShieldWall+1","floor":46},{"not_picked":["champ:ShieldSlam+1","champ:PreciseThrust+1","champ:BladeFlurry+1"],"picked":"SKIP","floor":48},{"not_picked":["champ:BladeFlurry+1","champ:DefensiveShout","champ:FlashCut+1"],"picked":"SKIP","floor":49}],"player_experience":1117339,"relics_obtained":[{"floor":5.0,"key":"champ:GladiatorsBookOfMartialProwess"},{"floor":7.0,"key":"Happy Flower"},{"floor":8.0,"key":"Boot"},{"floor":10.0,"key":"Odd Mushroom"},{"floor":20.0,"key":"champ:BlackKnightHelmet"},{"floor":20.0,"key":"Eternal Feather"},{"floor":26.0,"key":"FossilizedHelix"},{"floor":41,"key":"Akabeko"},{"floor":42,"key":"Bottled Flame"}],"event_choices":[{"damage_healed":0.0,"max_hp_gain":0.0,"max_hp_loss":0.0,"gold_gain":0.0,"event_name":"Mushrooms","player_choice":"Fought Mushrooms","floor":10.0,"gold_loss":0.0,"damage_taken":0.0},{"damage_healed":0.0,"max_hp_gain":0.0,"max_hp_loss":0.0,"gold_gain":0.0,"event_name":"Lab","player_choice":"Got Potions","floor":29.0,"gold_loss":0.0,"damage_taken":0.0},{"cards_removed":["champ:Strike"],"damage_healed":0.0,"max_hp_gain":0.0,"max_hp_loss":0.0,"gold_gain":0.0,"event_name":"Falling","player_choice":"Removed Attack","floor":38.0,"gold_loss":0.0,"damage_taken":0.0}],"is_beta":false,"boss_relics":[{"not_picked":["Astrolabe","Runic Pyramid"],"picked":"Velvet Choker"},{"not_picked":["Pandora\u0027s Box","Runic Dome"],"picked":"SlaversCollar"}],"items_purged_floors":[23],"is_endless":false,"potions_floor_spawned":[5,8,14,16,19,22,26,32,33,39,42,49],"ascension_level":0}}