{"host":"thn8o1tmql8xszd5","time":1612045914,"event":{"mods":["2.2 Compatiblity","AchievementEnabler","BaseMod","Bestiary","Colored Map","DeckTracker","Downfall","Highlight Path","Minty Spire (QoL Compilation)","Permanent Neow","Quick Restart","Random Character Button","Relic Sorter","Relic Stats","StSLib","The Blue Laboratory"],"gold_per_floor":[99,249,249,80,80,106,130,130,30,48,48,48,58,43,63,160,160,160,172,172,172,172],"floor_reached":20,"language":"ENG","playtime":979,"items_purged":["downfall:Icky"],"score":168,"play_id":"c81fccd9-3376-4212-8a6e-7f4cff5832a6","local_time":"20210130173154","is_ascension_mode":false,"campfire_choices":[{"data":"bronze:Replicate","floor":1,"key":"SMITH"},{"floor":9,"key":"REST"},{"data":"bronze:ChildClass","floor":11,"key":"SMITH"},{"data":"bronze:FineTuning","floor":18,"key":"SMITH"}],"circlet_count":0,"master_deck":["bronze:Strike","bronze:Strike","bronze:Strike","bronze:Strike","bronze:Defend","bronze:Defend","bronze:Defend","bronze:Defend","bronze:Replicate+1","bronze:Goto","bronze:DelayedSlice+1","bronze:ChosenStrike+1","Decay","bronze:ChildClass+1","bronze:Overload","bronze:FineTuning+1","bronze:Mutator"],"relics":["bronze:BronzeCore","Juzu Bracelet","Meat on the Bone","Boot","Blue Candle","downfall:HeartBlessingGreen","Busted Crown"],"acts_visited":["Exordium","TheCity"],"potions_floor_usage":[16,16,19,19,20],"damage_taken":[{"damage":10,"enemies":"downfall:FleeingMerchant","floor":4,"turns":4},{"damage":24,"enemies":"3 Sentries","floor":6,"turns":7},{"damage":0,"enemies":"2 Louse","floor":10,"turns":1},{"damage":5,"enemies":"Jaw Worm","floor":13,"turns":2},{"damage":1,"enemies":"downfall:FleeingMerchant","floor":14,"turns":4},{"damage":0,"enemies":"Cultist","floor":15,"turns":2},{"damage":34,"enemies":"DF_ARCHETYPE_STREAMLINE","floor":16,"turns":12},{"damage":6,"enemies":"3 Byrds","floor":19,"turns":4},{"damage":75,"enemies":"3 Byrds","floor":20,"turns":6}],"seed_played":"6901210543913776832","potions_obtained":[{"floor":10,"key":"blueLaboratory:FrostheartPotion"},{"floor":13,"key":"ColorlessPotion"},{"floor":15,"key":"SkillPotion"},{"floor":16,"key":"blueLaboratory:PhilterOfMotion"},{"floor":19,"key":"DistilledChaos"}],"is_trial":false,"path_per_floor":["R","?","?","$","?","E","T","T","R","M","R","?","M","$","M","B",null,"R","M","?"],"character_chosen":"THE_AUTOMATON","items_purchased":["bronze:ChosenStrike"],"campfire_rested":1,"item_purchase_floors":[4],"current_hp_per_floor":[70,70,70,60,60,36,36,36,57,57,57,62,57,56,56,34,75,75,69,0,0,0],"gold":172,"neow_bonus":"RANDOM_COMMON_RELIC","is_daily":false,"chose_seed":false,"campfire_upgraded":3,"win_rate":0.0,"timestamp":1612045914,"path_taken":["R","?","?","$","?","E","T","?","R","M","R","?","M","$","M","BOSS","R","M","?"],"items_purchased_type":["Card"],"build_version":"2020-12-22","purchased_purges":1,"victory":false,"max_hp_per_floor":[70,70,70,70,70,70,70,70,70,70,70,75,75,75,75,75,75,75,75,75,75,75],"relic_stats":{"Busted Crown":6,"counters":[9,42],"Blue Candle":[4],"Juzu Bracelet":2,"Boot":[43],"obtain_stats":[{"bronze:BronzeCore":0,"Busted Crown":17,"Blue Candle":8,"downfall:HeartBlessingGreen":9,"Juzu Bracelet":0,"Boot":7,"Meat on the Bone":6},{"bronze:BronzeCore":0,"Busted Crown":7,"Blue Candle":2,"downfall:HeartBlessingGreen":2,"Juzu Bracelet":0,"Boot":2,"Meat on the Bone":2},{"bronze:BronzeCore":0,"Busted Crown":32,"Blue Candle":11,"downfall:HeartBlessingGreen":11,"Juzu Bracelet":0,"Boot":11,"Meat on the Bone":11}],"Meat on the Bone":12},"card_choices":[{"not_picked":["bronze:Safeguard","bronze:Philosophize"],"picked":"bronze:DelayedSlice","floor":4},{"not_picked":["bronze:Deprecate","bronze:Shell"],"picked":"bronze:ChildClass","floor":6},{"not_picked":["bronze:BitShift","bronze:Deprecate","bronze:Philosophize"],"picked":"SKIP","floor":10},{"not_picked":["bronze:Philosophize","bronze:BugBarrage"],"picked":"bronze:Overload","floor":13},{"not_picked":["bronze:RecursiveStrike","bronze:Virus","bronze:FindAndReplace"],"picked":"SKIP","floor":14},{"not_picked":["bronze:Shield","bronze:BronzeArmor"],"picked":"bronze:FineTuning","floor":15},{"not_picked":["bronze:Assembly","bronze:HyperBeam"],"picked":"bronze:Mutator","floor":16},{"not_picked":["bronze:Repulsor+1"],"picked":"SKIP","floor":19}],"player_experience":832154,"relics_obtained":[{"floor":6,"key":"Meat on the Bone"},{"floor":7,"key":"Boot"},{"floor":8,"key":"Blue Candle"}],"event_choices":[{"damage_healed":0,"gold_gain":0,"player_choice":"Ignored","damage_taken":0,"max_hp_gain":0,"max_hp_loss":0,"event_name":"NoteForYourself","floor":3,"gold_loss":0},{"damage_healed":0,"gold_gain":0,"player_choice":"Donut","damage_taken":0,"max_hp_gain":5,"max_hp_loss":0,"event_name":"Big Fish","floor":12,"gold_loss":0}],"is_beta":false,"boss_relics":[{"not_picked":["Cursed Key","Sozu"],"picked":"Busted Crown"}],"items_purged_floors":[4],"is_endless":false,"potions_floor_spawned":[10,13,15,16,19],"killed_by":"3 Byrds","ascension_level":0}}