{"host":"3a1ypf1irl30q4k8","time":1612034279,"event":{"mods":["AchievementEnabler","BaseMod","Bestiary","Colored Map","Minty Spire (QoL Compilation)","Relic Stats"],"gold_per_floor":[116,136,154,154,172,172,209,235,262,284,310,319,319,269,269,269,269],"floor_reached":16,"language":"ENG","playtime":534,"items_purged":[],"score":117,"play_id":"0ab219ad-9b87-489c-95a1-0ed69a93f247","local_time":"20210130191759","is_ascension_mode":true,"campfire_choices":[{"data":"Eruption","floor":6,"key":"SMITH"},{"floor":13,"key":"REST"},{"data":"Vigilance","floor":15,"key":"SMITH"}],"circlet_count":0,"master_deck":["Strike_P","Strike_P","Strike_P","Defend_P","Defend_P","Defend_P","Eruption+1","Vigilance+1","Establishment","FollowUp","Tantrum","FlurryOfBlows","CutThroughFate","CrushJoints","FearNoEvil","MentalFortress","Parasite"],"relics":["PureWater","CeramicFish","Bag of Marbles","Bag of Preparation"],"acts_visited":["Exordium"],"potions_floor_usage":[7,11],"damage_taken":[{"damage":2,"enemies":"Small Slimes","floor":1,"turns":4},{"damage":0,"enemies":"Jaw Worm","floor":2,"turns":3},{"damage":0,"enemies":"Cultist","floor":3,"turns":2},{"damage":9,"enemies":"2 Fungi Beasts","floor":5,"turns":5},{"damage":42,"enemies":"Lagavulin","floor":7,"turns":4},{"damage":1,"enemies":"Looter","floor":10,"turns":2},{"damage":0,"enemies":"Gremlin Gang","floor":11,"turns":3},{"damage":51,"enemies":"The Guardian","floor":16,"turns":6}],"seed_played":"-7630461545942393724","potions_obtained":[{"floor":2,"key":"Regen Potion"},{"floor":5,"key":"Swift Potion"},{"floor":7,"key":"BottledMiracle"},{"floor":10,"key":"Energy Potion"}],"is_trial":false,"path_per_floor":["M","M","M","?","M","R","E","T","T","M","M","?","R","?","R","B"],"character_chosen":"WATCHER","items_purchased":[],"campfire_rested":1,"item_purchase_floors":[],"current_hp_per_floor":[70,70,70,63,54,54,12,12,12,11,11,29,50,50,50,0,0],"gold":269,"neow_bonus":"ONE_RANDOM_RARE_CARD","is_daily":false,"chose_seed":false,"campfire_upgraded":2,"win_rate":0.0,"timestamp":1612034279,"path_taken":["M","M","M","?","M","R","E","?","T","M","?","?","R","?","R","BOSS"],"items_purchased_type":[],"build_version":"2020-12-22","purchased_purges":0,"victory":false,"max_hp_per_floor":[72,72,72,72,72,72,72,72,72,72,72,72,72,72,72,72,72],"relic_stats":{"counters":[8,29],"CeramicFish":36,"Bag of Preparation":[6],"obtain_stats":[{"CeramicFish":7,"Bag of Marbles":8,"Bag of Preparation":9,"PureWater":0},{"CeramicFish":5,"Bag of Marbles":5,"Bag of Preparation":5,"PureWater":0},{"CeramicFish":18,"Bag of Marbles":18,"Bag of Preparation":18,"PureWater":0}]},"card_choices":[{"not_picked":["FlurryOfBlows","Crescendo"],"picked":"FollowUp","floor":1},{"not_picked":["BattleHymn","InnerPeace"],"picked":"Tantrum","floor":2},{"not_picked":["CrushJoints","Conclude"],"picked":"FlurryOfBlows","floor":3},{"not_picked":["Evaluate","Halt"],"picked":"CutThroughFate","floor":5},{"not_picked":["WindmillStrike","JustLucky"],"picked":"CrushJoints","floor":7},{"not_picked":["EmptyFist","Vengeance"],"picked":"FearNoEvil","floor":10},{"not_picked":["Weave","ClearTheMind"],"picked":"MentalFortress","floor":11}],"player_experience":1255060,"relics_obtained":[{"floor":7,"key":"CeramicFish"},{"floor":8,"key":"Bag of Marbles"},{"floor":9,"key":"Bag of Preparation"}],"event_choices":[{"cards_removed":["Strike_P"],"damage_healed":0,"gold_gain":0,"player_choice":"Card Removal","damage_taken":7,"max_hp_gain":0,"max_hp_loss":0,"event_name":"Golden Wing","floor":4,"gold_loss":0},{"damage_healed":18,"gold_gain":0,"player_choice":"Healed and dodged fight","damage_taken":0,"max_hp_gain":0,"max_hp_loss":0,"event_name":"Mushrooms","floor":12,"gold_loss":0,"cards_obtained":["Parasite"]},{"cards_removed":["Defend_P"],"damage_healed":0,"gold_gain":0,"player_choice":"Card Removal","damage_taken":0,"max_hp_gain":0,"max_hp_loss":0,"event_name":"The Cleric","floor":14,"gold_loss":50}],"is_beta":false,"boss_relics":[],"items_purged_floors":[],"is_endless":false,"potions_floor_spawned":[2,5,7,10],"killed_by":"The Guardian","ascension_level":3}}