{"host":"28bpuzdckreop5i0","time":1612048051,"event":{"mods":["Aspiration","BaseMod","Challenge The Spire","Conspire","Defuse TimeMaze Blight","Downfall","Energized Spire","GifTheSpireLib","Googly Eyes","Minty Spire (QoL Compilation)","Relic Stats","Shop Mod","Spicy Shops","StSLib","Stuff the Spire","The Awakened One except there are too many feathers","The IronCluck","Transform Curses","Wandering Minibosses","slay the spire mod where everything is the same but ironclad has a cowboy hat"],"gold_per_floor":[99,115,131,131,131,149,149,181,5,5,24,9,9,23,43,138,138,138,150,150,21,21,6,6,6,17,37,37,67,67,78,96,199,199,199,216,216,58,75,75,75,91,91,76,76,76,76,76,90,90],"floor_reached":51,"language":"ENG","playtime":3973,"items_purged":["Shame"],"score":701,"play_id":"9da78595-b74b-4417-8004-cf338b2639b0","local_time":"20210130170731","is_ascension_mode":true,"campfire_choices":[{"data":"Guardian:RevengeProtocol","floor":1,"key":"SMITH"},{"data":"Guardian:PiercingHide","floor":13,"key":"SMITH"},{"data":"Guardian:Recover","floor":18,"key":"SMITH"},{"data":"Guardian:RollAttack","floor":28,"key":"SMITH"},{"data":"Guardian:ShieldSpikes","floor":35,"key":"SMITH"},{"floor":43,"key":"REST"},{"floor":45,"key":"REST"},{"data":"Guardian:ShieldSpikes","floor":47,"key":"SMITH"}],"circlet_count":0,"master_deck":["Guardian:Strike_Guardian","Guardian:Strike_Guardian","Guardian:Strike_Guardian","Guardian:Strike_Guardian","Guardian:Defend_Guardian","Guardian:Defend_Guardian","Guardian:Defend_Guardian","Guardian:Defend_Guardian","Guardian:CurlUp+1","Guardian:TwinSlam","Guardian:RevengeProtocol+1","Guardian:Recover","Guardian:PiercingHide+1","Guardian:PiercingHide","Guardian:GuardianWhirl","Parasite","Guardian:ShieldSpikes+1","Guardian:RollAttack","Guardian:Recover+1","Guardian:ShieldSpikes+1","StuffTheSpire:PestControl","Guardian:GuardianWhirl","Guardian:RollAttack+1","Guardian:SpikerProtocol+1","Guardian:RevengeProtocol+1","Guardian:Gem_Blue","Guardian:Harden+1"],"relics":["Guardian:ModeShifter","StuffTheSpire:ForceGauntlet","Boot","energizedSpire:RedRose","Pear","conspire:Dentures","energizedSpire:EnergizedDie","DollysMirror","aspiration:Lifesprig","StuffTheSpire:CocoNut","Oddly Smooth Stone"],"acts_visited":["Exordium","TheCity","TheBeyond"],"potions_floor_usage":[8,16,16,16,32,36,39,44,49,50,50],"damage_taken":[{"damage":1,"enemies":"Jaw Worm","floor":2,"turns":5},{"damage":6,"enemies":"Cultist","floor":3,"turns":5},{"damage":8,"enemies":"2 Louse","floor":6,"turns":3},{"damage":26,"enemies":"Gremlin Nob","floor":8,"turns":6},{"damage":5,"enemies":"downfall:FleeingMerchant","floor":9,"turns":4},{"damage":0,"enemies":"Exordium Wildlife","floor":11,"turns":5},{"damage":0,"enemies":"downfall:FleeingMerchant","floor":12,"turns":4},{"damage":2,"enemies":"3 Louse","floor":14,"turns":3},{"damage":0,"enemies":"2 Fungi Beasts","floor":15,"turns":4},{"damage":37,"enemies":"IC_STATUS_ARCHETYPE","floor":16,"turns":16},{"damage":4,"enemies":"Spheric Guardian","floor":19,"turns":6},{"damage":2,"enemies":"downfall:FleeingMerchant","floor":21,"turns":4},{"damage":0,"enemies":"downfall:FleeingMerchant","floor":23,"turns":4},{"damage":2,"enemies":"3 Byrds","floor":26,"turns":2},{"damage":8,"enemies":"3 Cultists","floor":27,"turns":4},{"damage":0,"enemies":"conspire:Head Lice","floor":29,"turns":8},{"damage":12,"enemies":"Snake Plant","floor":31,"turns":4},{"damage":22,"enemies":"Shelled Parasite and Fungi","floor":32,"turns":5},{"damage":29,"enemies":"WA_ARCHETYPE_CALM","floor":33,"turns":9},{"damage":47,"enemies":"3 Shapes","floor":36,"turns":6},{"damage":4,"enemies":"Orb Walker","floor":37,"turns":3},{"damage":14,"enemies":"downfall:FleeingMerchant","floor":38,"turns":4},{"damage":2,"enemies":"4 Shapes","floor":39,"turns":6},{"damage":10,"enemies":"Sphere and 2 Shapes","floor":42,"turns":5},{"damage":1,"enemies":"downfall:FleeingMerchant","floor":44,"turns":1},{"damage":2,"enemies":"Writhing Mass","floor":48,"turns":4},{"damage":0,"enemies":"Spire Growth","floor":49,"turns":5},{"damage":47,"enemies":"DF_ARCHETYPE_ORBS","floor":50,"turns":10}],"seed_played":"3853464314733792146","potions_obtained":[{"floor":2,"key":"Swift Potion"},{"floor":11,"key":"SneckoOil"},{"floor":14,"key":"Swift Potion"},{"floor":15,"key":"Slimebound:ThreeZeroPotion"},{"floor":19,"key":"LiquidBronze"},{"floor":26,"key":"CultistPotion"},{"floor":27,"key":"Guardian:AcceleratePotion"},{"floor":32,"key":"Explosive Potion"},{"floor":37,"key":"FearPotion"},{"floor":39,"key":"Fire Potion"},{"floor":48,"key":"Weak Potion"}],"is_trial":false,"path_per_floor":["R","M","M","?","?","M","T","E","$","?","M","$","R","M","M","B",null,"R","M","?","$","?","$","T","?","M","M","R","E","?","M","M","B",null,"R","M","M","$","M","?","T","M","R","$","R","?","R","M","M","B",null],"character_chosen":"GUARDIAN","items_purchased":["Finesse","Guardian:RollAttack","Guardian:Gem_Blue","DollysMirror","StuffTheSpire:CocoNut","Oddly Smooth Stone"],"campfire_rested":2,"item_purchase_floors":[9,21,21,38,44,44],"current_hp_per_floor":[80,79,73,73,73,65,65,39,34,54,54,54,54,52,52,15,80,80,76,56,54,80,80,90,90,88,80,80,80,80,68,46,17,90,90,43,39,25,23,23,23,13,40,46,75,75,75,73,73,26],"gold":90,"neow_bonus":"THREE_RARE_CARDS","is_daily":false,"chose_seed":false,"campfire_upgraded":6,"win_rate":0.0,"timestamp":1612048051,"path_taken":["R","M","M","?","?","?","T","E","$","?","M","?","R","M","M","BOSS","R","M","?","$","?","?","T","?","M","M","R","E","?","M","M","BOSS","R","M","M","$","M","?","T","M","R","$","R","?","R","M","M","BOSS"],"items_purchased_type":["Card","Card","Card","Relic","Relic","Relic"],"build_version":"2020-12-22","purchased_purges":1,"victory":true,"max_hp_per_floor":[80,80,80,80,80,80,80,80,80,80,80,80,80,80,80,80,80,80,80,80,80,80,80,90,90,90,90,90,90,90,90,90,90,90,90,90,90,90,90,90,90,90,90,97,97,97,97,97,97,97],"relic_stats":{"counters":[28,145],"Boot":[80],"obtain_stats":[{"energizedSpire:RedRose":17,"conspire:Dentures":29,"aspiration:Lifesprig":41,"Pear":24,"DollysMirror":38,"StuffTheSpire:ForceGauntlet":7,"Guardian:ModeShifter":0,"energizedSpire:EnergizedDie":34,"Oddly Smooth Stone":44,"StuffTheSpire:CocoNut":44,"Boot":8},{"energizedSpire:RedRose":10,"conspire:Dentures":16,"aspiration:Lifesprig":23,"Pear":13,"DollysMirror":22,"StuffTheSpire:ForceGauntlet":3,"Guardian:ModeShifter":0,"energizedSpire:EnergizedDie":19,"Oddly Smooth Stone":25,"StuffTheSpire:CocoNut":25,"Boot":4},{"energizedSpire:RedRose":55,"conspire:Dentures":83,"aspiration:Lifesprig":120,"Pear":69,"DollysMirror":114,"StuffTheSpire:ForceGauntlet":13,"Guardian:ModeShifter":0,"energizedSpire:EnergizedDie":101,"Oddly Smooth Stone":126,"StuffTheSpire:CocoNut":126,"Boot":19}]},"card_choices":[{"not_picked":["Guardian:GatlingBeam","Guardian:GemFire"],"picked":"Guardian:RevengeProtocol","floor":0},{"not_picked":["Guardian:Clone","Guardian:Suspension"],"picked":"Guardian:Recover","floor":2},{"not_picked":["Guardian:PrimingBeam","Guardian:Incinerate"],"picked":"Guardian:PiercingHide","floor":3},{"not_picked":["Guardian:DonusPower","Guardian:VentSteam","Guardian:Reroute"],"picked":"SKIP","floor":6},{"not_picked":["Guardian:Repulse","Guardian:Recover"],"picked":"Guardian:PiercingHide","floor":8},{"not_picked":["Guardian:ChargeUp","Guardian:Gem_Red"],"picked":"Guardian:GuardianWhirl","floor":9},{"not_picked":["Guardian:ChargeUp","Guardian:Gem_Crimson"],"picked":"Guardian:ShieldSpikes","floor":11},{"not_picked":["Guardian:ShieldCharger","Guardian:Gem_Green"],"picked":"Guardian:RollAttack","floor":12},{"not_picked":["Guardian:TemporalStrike","Guardian:Gem_Crimson"],"picked":"Guardian:Recover","floor":14},{"not_picked":["Guardian:FierceBash","Guardian:TimeCapacitor"],"picked":"Guardian:ShieldSpikes","floor":15},{"not_picked":["Guardian:TimeSifter","Guardian:GemFire"],"picked":"Guardian:Gem_Synthetic","floor":16},{"not_picked":["Guardian:ShieldCharger","Guardian:ShieldSpikes+1"],"picked":"Guardian:Gem_Green","floor":19},{"not_picked":["Guardian:CrystalBeam","Guardian:Gem_Green"],"picked":"Guardian:GuardianWhirl","floor":21},{"not_picked":["Guardian:Incinerate","Guardian:Gem_Lightblue","Guardian:Gem_Cyan"],"picked":"SKIP","floor":23},{"not_picked":["Guardian:WalkerClaw","Guardian:TemporalStrike+1","Guardian:TemporalShield"],"picked":"SKIP","floor":26},{"not_picked":["Guardian:Gem_Lightblue","Guardian:Preprogram+1"],"picked":"Guardian:Gem_Purple","floor":27},{"not_picked":["Guardian:MultiBeam+1","Guardian:CrystalBeam","Guardian:Gem_Crimson"],"picked":"SKIP","floor":29},{"not_picked":["Guardian:Reroute","Guardian:Recover"],"picked":"Guardian:Gem_Blue","floor":31},{"not_picked":["Guardian:PiercingHide","Guardian:Reroute+1"],"picked":"Guardian:SpikerProtocol+1","floor":32},{"not_picked":["Guardian:FastForward","Guardian:HyperBeam_Guardian"],"picked":"Guardian:Gem_Orange","floor":33},{"not_picked":["Guardian:Gem_Cyan","Guardian:GuardianWhirl","Guardian:Incinerate"],"picked":"SKIP","floor":36},{"not_picked":["Guardian:Reroute","Guardian:RollAttack+1","Guardian:PrimingBeam"],"picked":"SKIP","floor":37},{"not_picked":["Guardian:TemporalShield","Guardian:Gem_Red","Guardian:RollAttack+1"],"picked":"SKIP","floor":38},{"not_picked":["Guardian:TemporalShield","Guardian:RollAttack+1","Guardian:Gem_Green"],"picked":"SKIP","floor":39},{"not_picked":["Guardian:RefractedBeam","Guardian:Planning+1","Guardian:Suspension"],"picked":"SKIP","floor":42},{"not_picked":["Guardian:PiercingHide+1","Guardian:ChargeUp+1"],"picked":"Guardian:Gem_Blue","floor":44},{"not_picked":["Guardian:Gem_Orange","Guardian:Incinerate+1"],"picked":"Guardian:Harden+1","floor":48},{"not_picked":["Guardian:RollAttack+1","Guardian:Emergency","Guardian:Suspension+1"],"picked":"SKIP","floor":49}],"player_experience":926516,"relics_obtained":[{"floor":7,"key":"StuffTheSpire:ForceGauntlet"},{"floor":8,"key":"Boot"},{"floor":24,"key":"Pear"},{"floor":29,"key":"conspire:Dentures"},{"floor":41,"key":"aspiration:Lifesprig"}],"event_choices":[{"damage_healed":0,"gold_gain":0,"player_choice":"Leave","damage_taken":0,"max_hp_gain":0,"max_hp_loss":0,"event_name":"conspire:Investor","floor":4,"gold_loss":0},{"damage_healed":20,"gold_gain":0,"player_choice":"Healed and dodged fight","damage_taken":0,"max_hp_gain":0,"max_hp_loss":0,"event_name":"Mushrooms","floor":10,"gold_loss":0,"cards_obtained":["Parasite"]},{"damage_healed":26,"gold_gain":0,"player_choice":"Heal","damage_taken":0,"max_hp_gain":0,"max_hp_loss":0,"event_name":"The Library","floor":22,"gold_loss":0},{"damage_healed":0,"gold_gain":0,"player_choice":"Ignored","damage_taken":0,"max_hp_gain":0,"max_hp_loss":0,"event_name":"Vampires","floor":30,"gold_loss":0},{"damage_healed":0,"gold_gain":0,"player_choice":"Ignored","damage_taken":0,"max_hp_gain":0,"max_hp_loss":0,"event_name":"Mysterious Sphere","floor":40,"gold_loss":0},{"cards_removed":["Finesse"],"damage_healed":0,"gold_gain":0,"player_choice":"Removed Skill","damage_taken":0,"max_hp_gain":0,"max_hp_loss":0,"event_name":"Falling","floor":46,"gold_loss":0}],"is_beta":false,"boss_relics":[{"not_picked":["energizedSpire:SpiderWeb","aspiration:IroncladSkillbook"],"picked":"energizedSpire:RedRose"},{"not_picked":["aspiration:FutureDiary","conspire:SeveredTorchhead"],"picked":"energizedSpire:EnergizedDie"}],"items_purged_floors":[9],"is_endless":false,"potions_floor_spawned":[2,11,14,15,19,26,27,32,37,39,42,48],"ascension_level":1}}