{"host":"ehgz297skgb1u9fr","time":1612047479,"event":{"mods":["2.2 Compatiblity","Act Like it!","Aspiration","BaseMod","Conspire","Energized Spire","Hubris","Minty Spire (QoL Compilation)","RRrroohrrRGHHhhh!!","Replay The Spire","Retaliation","Shop Mod","Small Relic Pack","StS++","StSLib","Wandering Minibosses","Wide Potions"],"gold_per_floor":[110,43,43,242,242,273,273,308,308,308,318,318,353,366,366,467,467,484,84,174,190,205,205,205],"floor_reached":23,"language":"ENG","playtime":1327,"items_purged":[],"score":295,"play_id":"98f94ce8-562e-4210-aede-7bb02e364904","local_time":"20210130165759","is_ascension_mode":true,"campfire_choices":[{"data":"Zap","floor":7,"key":"SMITH"},{"data":"StSpp:Igniter","floor":10,"key":"SMITH"},{"data":"Hologram","floor":12,"key":"SMITH"},{"floor":15,"key":"REST"}],"circlet_count":0,"master_deck":["conspire:GhostlyStrike","conspire:GhostlyStrike","conspire:GhostlyStrike","conspire:GhostlyDefend","conspire:GhostlyDefend","conspire:GhostlyDefend","conspire:GhostlyDefend","Zap+1","Dualcast","StSpp:Igniter+1","Conserve Battery","Hologram+1","Ball Lightning","rorgmod:Thunder Strike","Sweeping Beam+1","rorgmod:Leap+1"],"relics":["Cracked Core","NeowsBlessing","Potion Belt","aspiration:StickyExplosives","Frozen Egg 2","energizedSpire:EnergizedDie","Sling","Replay:WaspNest"],"acts_visited":["Exordium","TheCity"],"potions_floor_usage":[13,16],"damage_taken":[{"damage":0,"enemies":"Jaw Worm","floor":1,"turns":1},{"damage":0,"enemies":"Replay:BlueRogue","floor":6,"turns":1},{"damage":0,"enemies":"Lagavulin","floor":8,"turns":1},{"damage":0,"enemies":"conspire:RoseBush","floor":11,"turns":3},{"damage":36,"enemies":"Gremlin Nob","floor":13,"turns":4},{"damage":0,"enemies":"Small Slimes","floor":14,"turns":2},{"damage":34,"enemies":"Fading Forest","floor":16,"turns":11},{"damage":0,"enemies":"Shell Parasite","floor":18,"turns":3},{"damage":19,"enemies":"3 Byrds","floor":21,"turns":3},{"damage":18,"enemies":"3 Cultists","floor":22,"turns":3},{"damage":29,"enemies":"conspire:MimicChest","floor":23,"turns":3}],"seed_played":"-2497941053484337172","potions_obtained":[{"floor":1,"key":"Strength Potion"},{"floor":13,"key":"Languid Potion"},{"floor":21,"key":"BlessingOfTheForge"},{"floor":22,"key":"PowerPotion"}],"is_trial":false,"path_per_floor":["M","$","?","?","?","E","R","E","T","R","M","R","E","M","R","B",null,"M","$","?","M","M","?"],"character_chosen":"DEFECT","items_purchased":["StSpp:Igniter","Sling","Replay:WaspNest"],"campfire_rested":1,"item_purchase_floors":[2,19,19],"current_hp_per_floor":[75,75,75,75,75,75,75,75,75,75,75,75,39,39,61,37,75,75,75,63,44,26,0,0],"gold":205,"neow_bonus":"THREE_ENEMY_KILL","is_daily":false,"chose_seed":false,"campfire_upgraded":3,"win_rate":0.0,"timestamp":1612047479,"path_taken":["M","$","?","?","?","E","R","E","T","R","?","R","E","M","R","BOSS","M","$","?","?","?","?"],"items_purchased_type":["Card","Relic","Relic"],"build_version":"2020-12-22","purchased_purges":0,"victory":false,"max_hp_per_floor":[75,75,75,75,75,75,75,75,75,75,75,75,75,75,75,75,75,75,75,75,75,75,75,75],"card_choices":[{"not_picked":["StSpp:Channeliser","Coolheaded","rorgmod:Refrigerate"],"picked":"SKIP","floor":1},{"not_picked":["Redo","rorgmod:LRU Cache"],"picked":"Conserve Battery","floor":4},{"not_picked":["rorgmod:Antivirus","ReplayTheSpireMod:Dual Polarity","Hologram"],"picked":"SKIP","floor":6},{"not_picked":["Compile Driver","hubris:DoWhile"],"picked":"Hologram","floor":8},{"not_picked":["Recycle","Turbo","StSpp:Pointer"],"picked":"SKIP","floor":11},{"not_picked":["Panic Button","Buffer+1"],"picked":"Ball Lightning","floor":13},{"not_picked":["StSpp:Channeliser","rorgmod:Fragmentation","Sweeping Beam"],"picked":"SKIP","floor":14},{"not_picked":["hubris:SpecializedCircuitry+1","Rainbow"],"picked":"rorgmod:Thunder Strike","floor":16},{"not_picked":["rorgmod:Refrigerate+1","Stack","Rebound"],"picked":"SKIP","floor":18},{"not_picked":["Panic Button","StSpp:Fierceness+1"],"picked":"Sweeping Beam+1","floor":21},{"not_picked":["rorgmod:Fragmentation","BootSequence"],"picked":"rorgmod:Leap+1","floor":22}],"player_experience":398570,"relics_obtained":[{"floor":6,"key":"Potion Belt"},{"floor":8,"key":"aspiration:StickyExplosives"},{"floor":13,"key":"Frozen Egg 2"}],"event_choices":[{"damage_healed":0,"gold_gain":0,"player_choice":"Agree","damage_taken":0,"max_hp_gain":0,"max_hp_loss":0,"event_name":"conspire:LoneGhost","floor":3,"gold_loss":0},{"cards_removed":["conspire:GhostlyStrike"],"damage_healed":5,"gold_gain":0,"player_choice":"Offered Special","damage_taken":0,"max_hp_gain":0,"max_hp_loss":0,"event_name":"Bonfire Elementals","floor":5,"gold_loss":0},{"damage_healed":0,"gold_gain":90,"player_choice":"GOLD ","damage_taken":12,"max_hp_gain":0,"max_hp_loss":0,"event_name":"Knowing Skull","floor":20,"potions_obtained":[],"gold_loss":0,"cards_obtained":[]}],"is_beta":false,"boss_relics":[{"not_picked":["Calling Bell","Busted Crown"],"picked":"energizedSpire:EnergizedDie"}],"items_purged_floors":[],"is_endless":false,"potions_floor_spawned":[1,13,21,22],"killed_by":"conspire:MimicChest","ascension_level":1}}