{"host":"usrgk25etjl0nf5i","time":1612033303,"event":{"mods":["2.2 Compatiblity","BaseMod","Downfall","Hubris","Minty Spire (QoL Compilation)","Permanent Neow","StSLib","SuperFastMode"],"gold_per_floor":[118,118,118,133,58,98,98,119,143,143,156,176,194,230,230,319,319,343,343,343,366,366,366],"floor_reached":22,"language":"ENG","playtime":735,"items_purged":["Injury"],"score":320,"play_id":"f29307c8-07ef-443f-a2d4-56d2e7426cc0","local_time":"20210130110143","is_ascension_mode":true,"campfire_choices":[{"data":"hubris:ReadiedAction","floor":10,"key":"SMITH"},{"floor":15,"key":"REST"}],"circlet_count":0,"master_deck":["AscendersBane","Strike_R","Strike_R","Strike_R","Strike_R","Strike_R","Defend_R","Defend_R","Defend_R","Defend_R","Bash","Dark Shackles","Feel No Pain","Cleave","Flex","hubris:ReadiedAction+1","Combust","Headbutt","Feel No Pain","Impervious","downfall:Bewildered"],"relics":["Black Blood","Golden Idol","hubris:Towel","Tiny Chest","Toy Ornithopter","hubris:DeckOfHolding","sneckomod:BabySnecko","Anchor"],"acts_visited":["Exordium","TheCity"],"potions_floor_usage":[6,6,12,13,16],"damage_taken":[{"damage":11,"enemies":"Jaw Worm","floor":1,"turns":4},{"damage":8,"enemies":"2 Louse","floor":4,"turns":4},{"damage":24,"enemies":"Lagavulin","floor":6,"turns":8},{"damage":10,"enemies":"Small Slimes","floor":8,"turns":4},{"damage":19,"enemies":"Blue Slaver","floor":11,"turns":6},{"damage":1,"enemies":"Exordium Wildlife","floor":12,"turns":3},{"damage":8,"enemies":"Looter","floor":13,"turns":4},{"damage":35,"enemies":"Gremlin Nob","floor":14,"turns":5},{"damage":32,"enemies":"Slime Boss","floor":16,"turns":11},{"damage":55,"enemies":"Shell Parasite","floor":18,"turns":9},{"damage":26,"enemies":"Spheric Guardian","floor":22,"turns":4}],"seed_played":"-2154208532726839794","potions_obtained":[{"floor":1,"key":"champ:CounterPotion"},{"floor":4,"key":"EssenceOfSteel"},{"floor":8,"key":"Energy Potion"},{"floor":11,"key":"Explosive Potion"},{"floor":14,"key":"champ:CounterPotion"}],"is_trial":false,"path_per_floor":["M","?","?","M","$","E","$","M","T","R","M","M","M","E","R","B",null,"M","?","?","T","M"],"character_chosen":"IRONCLAD","items_purchased":[],"campfire_rested":1,"item_purchase_floors":[],"current_hp_per_floor":[67,67,67,65,65,47,47,43,43,43,30,40,43,14,38,17,64,21,21,21,21,0,0],"gold":366,"neow_bonus":"RANDOM_COLORLESS","is_daily":false,"chose_seed":false,"campfire_upgraded":1,"win_rate":0.0,"timestamp":1612033303,"path_taken":["M","?","?","M","$","E","?","M","T","R","M","M","M","E","R","BOSS","M","?","?","?","M"],"items_purchased_type":[],"build_version":"2020-12-22","purchased_purges":1,"victory":false,"max_hp_per_floor":[80,80,80,80,80,80,80,80,80,80,80,80,80,80,80,80,80,80,80,80,80,80,80],"card_choices":[{"not_picked":["Forethought","Finesse"],"picked":"Dark Shackles","floor":0},{"not_picked":["Sentinel","Armaments"],"picked":"Feel No Pain","floor":1},{"not_picked":["Pommel Strike","Twin Strike"],"picked":"Cleave","floor":4},{"not_picked":["Clash","Anger"],"picked":"Flex","floor":6},{"not_picked":["Clothesline","Dual Wield"],"picked":"hubris:ReadiedAction","floor":8},{"not_picked":["Clash","True Grit"],"picked":"Combust","floor":11},{"not_picked":["Infernal Blade","Body Slam","Anger"],"picked":"SKIP","floor":12},{"not_picked":["Whirlwind","Wild Strike"],"picked":"Headbutt","floor":13},{"not_picked":["Armaments","Headbutt"],"picked":"Feel No Pain","floor":14},{"not_picked":["Feed","Immolate"],"picked":"Impervious","floor":16},{"not_picked":["Thunderclap","Clash","Cleave"],"picked":"SKIP","floor":18}],"player_experience":683957,"relics_obtained":[{"floor":6,"key":"Tiny Chest"},{"floor":9,"key":"Toy Ornithopter"},{"floor":14,"key":"hubris:DeckOfHolding"},{"floor":21,"key":"Anchor"}],"event_choices":[{"damage_healed":0,"gold_gain":0,"player_choice":"Take Wound","damage_taken":0,"relics_obtained":["Golden Idol"],"max_hp_gain":0,"max_hp_loss":0,"event_name":"Golden Idol","floor":2,"gold_loss":0,"cards_obtained":["Injury"]},{"damage_healed":0,"gold_gain":0,"player_choice":"Ignored","damage_taken":0,"max_hp_gain":0,"max_hp_loss":0,"event_name":"Ghosts","floor":19,"gold_loss":0}],"is_beta":false,"boss_relics":[{"not_picked":["hubris:ScarierMask","Tiny House"],"picked":"Black Blood"}],"items_purged_floors":[5],"is_endless":false,"potions_floor_spawned":[1,4,8,11,14],"killed_by":"Spheric Guardian","ascension_level":13}}