{"host":"nsc6ozq3atyrdr3m","time":1612039161,"event":{"mods":["BaseMod","Colored Map","Minty Spire (QoL Compilation)"],"gold_per_floor":[110,128,128,128,92,124,136,201,213,240,427,439,465,213,213,315,315,333,423,117,130,48,48,64,64,90,90,103,130,130,130,130,130,130],"floor_reached":33,"language":"FRA","playtime":706,"items_purged":["Doubt","Venomology"],"score":386,"play_id":"54e66fed-aaa6-47d3-b0b8-676fe04f7cb2","local_time":"20210130213921","is_ascension_mode":true,"campfire_choices":[{"data":"Cloak And Dagger","floor":7,"key":"SMITH"},{"data":"Backstab","floor":12,"key":"SMITH"},{"data":"Apotheosis","floor":15,"key":"SMITH"},{"floor":23,"key":"REST"},{"data":"Neutralize","floor":25,"key":"SMITH"},{"data":"Skewer","floor":27,"key":"SMITH"},{"floor":32,"key":"REST"}],"circlet_count":0,"master_deck":["Strike_G","Strike_G","Strike_G","Strike_G","Strike_G","Defend_G","Defend_G","Defend_G","Defend_G","Defend_G","Survivor","Neutralize+1","Blade Dance+1","Cloak And Dagger+1","Backstab+1","Flying Knee","Leg Sweep","Apotheosis+1","PiercingWail+1","Blade Dance","PiercingWail+1","Skewer+1","Quick Slash+1"],"relics":["Ring of the Snake","NeowsBlessing","MawBank","CaptainsWheel","Sozu","Vajra","Tiny Chest","Juzu Bracelet","Enchiridion"],"acts_visited":["Exordium","TheCity"],"potions_floor_usage":[33,33],"damage_taken":[{"damage":0,"enemies":"Cultist","floor":1,"turns":1},{"damage":0,"enemies":"Jaw Worm","floor":2,"turns":1},{"damage":0,"enemies":"Gremlin Nob","floor":6,"turns":1},{"damage":0,"enemies":"2 Louse","floor":10,"turns":2},{"damage":10,"enemies":"Large Slime","floor":13,"turns":6},{"damage":25,"enemies":"Hexaghost","floor":16,"turns":15},{"damage":3,"enemies":"Chosen","floor":18,"turns":4},{"damage":0,"enemies":"Shell Parasite","floor":21,"turns":2},{"damage":0,"enemies":"Snake Plant","floor":24,"turns":6},{"damage":0,"enemies":"Chosen and Byrds","floor":28,"turns":4},{"damage":4,"enemies":"Book of Stabbing","floor":29,"turns":5},{"damage":71,"enemies":"Collector","floor":33,"turns":6}],"seed_played":"-1730267346753765766","potions_obtained":[{"floor":2,"key":"SkillPotion"},{"floor":13,"key":"PowerPotion"},{"floor":16,"key":"Weak Potion"}],"is_trial":false,"path_per_floor":["M","M","?","?","$","E","R","?","T","M","?","R","M","$","R","B",null,"M","?","$","M","$","R","M","R","T","R","M","E","?","?","R","B"],"character_chosen":"THE_SILENT","items_purchased":["Backstab","Apotheosis","Blade Dance","Vajra","Skewer"],"campfire_rested":2,"item_purchase_floors":[5,14,20,20,22],"current_hp_per_floor":[63,63,63,63,63,63,63,63,63,63,63,63,53,53,53,28,60,57,45,45,45,45,66,66,66,66,66,66,62,62,46,67,0,0],"gold":130,"neow_bonus":"THREE_ENEMY_KILL","is_daily":false,"chose_seed":false,"campfire_upgraded":5,"win_rate":0.0,"timestamp":1612039161,"path_taken":["M","M","?","?","$","E","R","?","T","M","?","R","M","?","R","BOSS","M","?","$","M","$","R","M","R","T","R","M","E","?","?","R","BOSS"],"items_purchased_type":["Card","Card","Card","Relic","Card"],"build_version":"2020-12-22","purchased_purges":2,"victory":false,"max_hp_per_floor":[70,70,70,70,70,70,70,70,70,70,70,70,70,70,70,70,70,70,70,70,70,70,70,70,70,70,70,70,70,70,70,70,70,70],"card_choices":[{"not_picked":["Dagger Throw","Sucker Punch"],"picked":"Blade Dance","floor":1},{"not_picked":["Flying Knee","Endless Agony"],"picked":"Cloak And Dagger","floor":2},{"not_picked":["Tactician","Eviscerate"],"picked":"Flying Knee","floor":6},{"not_picked":["Bane","Expertise"],"picked":"Leg Sweep","floor":10},{"not_picked":["Poisoned Stab","Deflect","Dodge and Roll"],"picked":"SKIP","floor":13},{"not_picked":["Grand Finale","Malaise"],"picked":"Venomology","floor":16},{"not_picked":["Dagger Throw+1","Footwork"],"picked":"PiercingWail+1","floor":18},{"not_picked":["Sucker Punch","Cloak And Dagger"],"picked":"PiercingWail+1","floor":21},{"not_picked":["Slice","Distraction","Sucker Punch"],"picked":"SKIP","floor":24},{"not_picked":["Backflip","Cloak And Dagger"],"picked":"Quick Slash+1","floor":28},{"not_picked":["Noxious Fumes","Setup+1","Reflex+1"],"picked":"SKIP","floor":29}],"player_experience":359172,"relics_obtained":[{"floor":6,"key":"MawBank"},{"floor":9,"key":"CaptainsWheel"},{"floor":26,"key":"Tiny Chest"},{"floor":29,"key":"Juzu Bracelet"},{"floor":31,"key":"Enchiridion"}],"event_choices":[{"damage_healed":0,"gold_gain":0,"player_choice":"Grow","damage_taken":0,"max_hp_gain":0,"max_hp_loss":0,"event_name":"Living Wall","floor":3,"gold_loss":0,"cards_upgraded":["Blade Dance"]},{"damage_healed":0,"gold_gain":0,"player_choice":"Leave","damage_taken":0,"max_hp_gain":0,"max_hp_loss":0,"event_name":"The Cleric","floor":4,"gold_loss":0},{"damage_healed":0,"gold_gain":53,"player_choice":"Gained Gold","damage_taken":0,"max_hp_gain":0,"max_hp_loss":0,"event_name":"Golden Wing","floor":8,"gold_loss":0},{"damage_healed":0,"gold_gain":175,"player_choice":"AGREE","damage_taken":0,"max_hp_gain":0,"max_hp_loss":0,"event_name":"Liars Game","floor":11,"gold_loss":0,"cards_obtained":["Doubt"]},{"damage_healed":0,"gold_gain":90,"player_choice":"GOLD ","damage_taken":12,"max_hp_gain":0,"max_hp_loss":0,"event_name":"Knowing Skull","floor":19,"potions_obtained":[],"gold_loss":0,"cards_obtained":[]},{"damage_healed":0,"gold_gain":0,"player_choice":"Ignored","damage_taken":0,"max_hp_gain":0,"max_hp_loss":0,"event_name":"Beggar","floor":30,"gold_loss":0},{"damage_healed":0,"gold_gain":0,"player_choice":"Obtained Book","damage_taken":16,"max_hp_gain":0,"max_hp_loss":0,"event_name":"Cursed Tome","floor":31,"gold_loss":0}],"is_beta":false,"boss_relics":[{"not_picked":["Velvet Choker","Fusion Hammer"],"picked":"Sozu"}],"items_purged_floors":[14,20],"is_endless":false,"potions_floor_spawned":[2,13,16,18,29],"killed_by":"Collector","ascension_level":7}}