{"host":"m1zxfnvdt64iwp8k","time":1612005901,"event":{"mods":["Act Like it!","BaseMod","Gensokyo","Marisa£®ÏF”Í°°ƒß¿Ì…≥£©","Minty Spire (QoL Compilation)","Reimu£®≤©¿ˆ¡È√Œ£©","StSLib"],"gold_per_floor":[110,110,210,224,4,4,46,78,78,78,124,49,101,101,101,529,529,545,545,564,591,604,604,621,325,325,325,341,341,341,351,351,470,470,482,284,337,94,94,321,231,231,231,68,99,115,147,166,166,166],"floor_reached":51,"language":"ZHS","playtime":4528,"items_purged":["Strike_MRS","DarkMatter","Defend_MRS"],"score":820,"play_id":"447b7a78-b503-44b8-833b-d2baf47917bc","local_time":"20210130192501","is_ascension_mode":true,"campfire_choices":[{"floor":6.0,"key":"REST"},{"data":"Gensokyo:LittleGreenMen","floor":10.0,"key":"SMITH"},{"floor":15.0,"key":"REST"},{"floor":23.0,"key":"REST"},{"floor":30.0,"key":"RECALL"},{"floor":32.0,"key":"REST"},{"floor":42.0,"key":"REST"},{"floor":49.0,"key":"REST"}],"circlet_count":0,"master_deck":["Strike_MRS","Defend_MRS","Defend_MRS","Defend_MRS","MasterSpark","UpSweep","Robbery","Gensokyo:MarisaTwilightSpark","WitchOfGreed","Gensokyo:LittleGreenMen+1","Orbital","AlicesGift+1","JA","BlazeAway+1","GalacticHalo+1","MagicAbsorber","DeepEcoloBomb","MeteoricShower+1","Gensokyo:FourOfAKind","Gensokyo:FourOfAKind","Gensokyo:FourOfAKind","Gensokyo:FourOfAKind","AlicesGift+1","JA","DarkMatter+1","CasketOfStar","FinalSpark","OortCloud","Acceleration","Gensokyo:MedicineKit","StarlightTyphoon+1","Gensokyo:CustomPotion","Gensokyo:RPG","Gensokyo:LifeforceConverter","RefractionSpark+1","PropBag+1"],"relics":["BewitchedHakkero","Gensokyo:MarisaPhilosophersStone","Bottled Tornado","Singing Bowl","The Courier","Fusion Hammer","Gensokyo:ConquerorOfFear","ClockworkSouvenir","Happy Flower","RuthlessExorcism:ReiMu","Lantern","Frozen Egg 2","Bird Faced Urn","Pocketwatch"],"acts_visited":["Exordium","Gensokyo:Gensokyo","Gensokyo:Gensokyoer"],"potions_floor_usage":[50],"damage_taken":[{"damage":0.0,"enemies":"Gensokyo:Python","floor":1.0,"turns":2.0},{"damage":39.0,"enemies":"Gensokyo:Python","floor":4.0,"turns":6.0},{"damage":13.0,"enemies":"Gensokyo:Aya","floor":7.0,"turns":5.0},{"damage":4.0,"enemies":"Gensokyo:2_Kodama","floor":8.0,"turns":4.0},{"damage":2.0,"enemies":"Gensokyo:Gryphon","floor":11.0,"turns":2.0},{"damage":0.0,"enemies":"Gensokyo:Mamizou","floor":13.0,"turns":7.0},{"damage":49.0,"enemies":"Gensokyo:Kokoro","floor":16.0,"turns":12.0},{"damage":0.0,"enemies":"Gensokyo:2_Gloops","floor":18.0,"turns":2.0},{"damage":1.0,"enemies":"Gensokyo:Chomper","floor":20.0,"turns":3.0},{"damage":17.0,"enemies":"Gensokyo:Wraith","floor":21.0,"turns":2.0},{"damage":4.0,"enemies":"Gensokyo:Slime_Group","floor":22.0,"turns":3.0},{"damage":2.0,"enemies":"Gensokyo:Chomper_and_Gloop","floor":24.0,"turns":3.0},{"damage":14.0,"enemies":"Gensokyo:Wraith","floor":28.0,"turns":4.0},{"damage":14.0,"enemies":"Gensokyo:Swordslinger","floor":31.0,"turns":2.0},{"damage":38.0,"enemies":"Gensokyo:Kaguya","floor":33.0,"turns":6.0},{"damage":6.0,"enemies":"Gensokyo:3_Bats","floor":35.0,"turns":3.0},{"damage":22.0,"enemies":"Gensokyo:AncientGuardian","floor":37.0,"turns":3.0},{"damage":24.0,"enemies":"Gensokyo:Sharpion","floor":40.0,"turns":2.0},{"damage":0.0,"enemies":"Gensokyo:Doremy","floor":45.0,"turns":4.0},{"damage":0.0,"enemies":"Gensokyo:AtlasGolem","floor":46.0,"turns":4.0},{"damage":0.0,"enemies":"Gensokyo:SeedOfUnknown","floor":47.0,"turns":3.0},{"damage":1.0,"enemies":"Gensokyo:3_Boulders","floor":48.0,"turns":3.0},{"damage":38,"enemies":"Gensokyo:Scarlet_Devils","floor":50,"turns":6}],"seed_played":"-7591583714934997584","potions_obtained":[{"floor":1.0,"key":"FairyPotion"},{"floor":8.0,"key":"Energy Potion"},{"floor":8.0,"key":"SmokeBomb"},{"floor":11.0,"key":"AttackPotion"},{"floor":11.0,"key":"Fire Potion"},{"floor":20.0,"key":"Fire Potion"},{"floor":21.0,"key":"Energy Potion"},{"floor":28.0,"key":"LiquidMemories"},{"floor":31.0,"key":"GrandPatriotsElixir:ReiMu"},{"floor":35.0,"key":"FearPotion"},{"floor":40.0,"key":"Weak Potion"},{"floor":46.0,"key":"FairyPotion"},{"floor":47.0,"key":"Fire Potion"},{"floor":47.0,"key":"FearPotion"}],"is_trial":false,"path_per_floor":["M","?","?","?","COS","R","E","M","T","R","M","$","E","?","R","B",null,"M","?","M","M","M","R","M","COS","T","?","M","?","R","M","R","B",null,"M","$","M","$","?","M","?","R","T","COS","E","M","M","M","R","B",null],"character_chosen":"MARISA","items_purchased":["FinalSpark","Acceleration","Lantern"],"campfire_rested":6,"item_purchase_floors":[36,38,38],"current_hp_per_floor":[54,54,54,15,15,37,24,20,20,20,18,18,20,20,43,23,77,77,77,76,59,55,77,75,75,75,54,40,40,40,26,42,4,54,50,50,36,36,36,12,12,28,28,28,28,38,48,53,60,28],"gold":166,"neow_bonus":"REMOVE_TWO","is_daily":false,"chose_seed":false,"campfire_upgraded":1,"win_rate":0.0,"timestamp":1612005901,"path_taken":["M","?","?","?","COS","R","E","M","T","R","M","?","E","?","R","BOSS","M","?","M","M","M","R","?","COS","T","?","M","?","R","M","R","BOSS","M","$","M","$","?","M","?","R","T","COS","E","M","M","M","R","BOSS"],"items_purchased_type":["Card","Card","Relic"],"build_version":"2020-12-22","purchased_purges":3,"victory":true,"max_hp_per_floor":[75,75,75,75,75,75,75,75,75,75,75,75,77,77,77,77,77,77,77,77,77,77,77,77,77,77,54,54,54,54,54,54,54,54,56,56,56,56,56,56,56,56,56,56,56,58,60,60,60,60],"card_choices":[{"not_picked":["GasGiant","Acceleration"],"picked":"Robbery","floor":1.0},{"not_picked":["MilkyWay","NonDirectionalLaser"],"picked":"WitchOfGreed","floor":4.0},{"not_picked":["PowerUp","MagicAbsorber"],"picked":"Orbital","floor":7.0},{"not_picked":["PulseMagic","EnergyRecoil","DC"],"picked":"SKIP","floor":8.0},{"not_picked":["IllusionStar","6A"],"picked":"DarkMatter","floor":11.0},{"not_picked":["OrrerysSun","FinalSpark","LuminesStrike"],"picked":"Singing Bowl","floor":13.0},{"not_picked":["ManaRampage","BlazingStar"],"picked":"JA","floor":16.0},{"not_picked":["DarkSpark","IllusionStar"],"picked":"BlazeAway+1","floor":18.0},{"not_picked":["MilkyWay+1","DoubleSpark"],"picked":"GalacticHalo+1","floor":20.0},{"not_picked":["ShootingEcho+1","WitchOfGreed"],"picked":"MagicAbsorber","floor":21.0},{"not_picked":["BlazeAway","NonDirectionalLaser+1"],"picked":"DeepEcoloBomb","floor":22.0},{"not_picked":["DC","Robbery"],"picked":"MeteoricShower+1","floor":24.0},{"not_picked":["DC","Orbital"],"picked":"AlicesGift+1","floor":28.0},{"not_picked":["UnstableBomb+1","RefractionSpark"],"picked":"DarkMatter+1","floor":31.0},{"not_picked":["SatelliteIllusion","CollectingQuirk"],"picked":"CasketOfStar","floor":33.0},{"not_picked":["6A","PowerUp","StarBarrage"],"picked":"Singing Bowl","floor":35.0},{"not_picked":["AsteroidBelt+1","GalacticHalo+1"],"picked":"OortCloud","floor":37.0},{"not_picked":["ChargeUpSpray+1","IllusionStar+1"],"picked":"StarlightTyphoon+1","floor":40.0},{"not_picked":["LuminesStrike","IllusionStar"],"picked":"RefractionSpark+1","floor":45.0},{"not_picked":["ShootingEcho+1","UnstableBomb","CollectingQuirk"],"picked":"Singing Bowl","floor":46.0},{"not_picked":["6A+1","BlazeAway","GalacticHalo"],"picked":"Singing Bowl","floor":47.0},{"not_picked":["WitchLeyline+1","DarkMatter"],"picked":"PropBag+1","floor":48.0}],"player_experience":109911,"relics_obtained":[{"floor":4.0,"key":"Gensokyo:MarisaPhilosophersStone"},{"floor":7.0,"key":"Bottled Tornado"},{"floor":9.0,"key":"Singing Bowl"},{"floor":13.0,"key":"The Courier"},{"floor":20.0,"key":"Gensokyo:ConquerorOfFear"},{"floor":26.0,"key":"Happy Flower"},{"floor":43.0,"key":"Frozen Egg 2"},{"floor":45.0,"key":"Bird Faced Urn"}],"event_choices":[],"is_beta":false,"boss_relics":[{"not_picked":["RampagingMagicTools","Empty Cage"],"picked":"Fusion Hammer"},{"not_picked":["Astrolabe","Runic Pyramid"],"picked":"BewitchedHakkero"}],"items_purged_floors":[12,36,38],"is_endless":false,"potions_floor_spawned":[1,8,11,20,21,28,31,35,46,47],"ascension_level":1}}