{"host":"2tgyrzvaa7l04o2e","time":1612024159,"event":{"mods":["BaseMod","Highlight Path","Minty Spire (QoL Compilation)","Permanent Neow","Relic Stats"],"gold_per_floor":[364,377,392,392,93,93,113,138,138,167,182,182,199,239,239,335,335,355,433,454,468,477,511,529,529,529,547,591,617,628,658,658,771,798,820,469,122,122,148,183,203,239,239,266,288,638,638,638,638,638,638,638,112,153,153],"floor_reached":56,"language":"ENG","playtime":3004,"items_purged":["Doubt","Strike_R","Strike_R"],"score":2054,"play_id":"bfe8d822-d635-4984-ae4c-70b95cea8351","local_time":"20210130172919","is_ascension_mode":true,"campfire_choices":[{"data":"Whirlwind","floor":6,"key":"SMITH"},{"floor":12,"key":"REST"},{"data":"1","floor":15,"key":"LIFT"},{"data":"2","floor":25,"key":"LIFT"},{"data":"3","floor":32,"key":"LIFT"},{"floor":47,"key":"RECALL"},{"data":"Corruption","floor":49,"key":"SMITH"},{"data":"Feel No Pain","floor":52,"key":"SMITH"}],"circlet_count":0,"master_deck":["AscendersBane","Defend_R","Defend_R","Defend_R","Defend_R","Bash","Twin Strike","Shrug It Off","Whirlwind+1","Fire Breathing","Shrug It Off","Reaper","Carnage","Clothesline","Uppercut+1","Fiend Fire","Intimidate","Dark Shackles","Evolve+1","Sentinel+1","Corruption+1","Seeing Red+1","Pummel+1","Flame Barrier+1","Inflame","Feel No Pain+1","Dual Wield","Shrug It Off+1","True Grit+1","Body Slam","Body Slam+1","Feel No Pain+1","Impatience","Burning Pact+1"],"relics":["Burning Blood","FaceOfCleric","Medical Kit","Sundial","Girya","Pocketwatch","CeramicFish","Coffee Dripper","Bottled Flame","Toy Ornithopter","Pear","Pen Nib","Paper Frog","Astrolabe","HornCleat","Kunai","Ice Cream","Matryoshka","Dead Branch","Strawberry","Art of War","Old Coin","Mummified Hand","Turnip","Letter Opener","Gremlin Horn"],"acts_visited":["Exordium","TheCity","TheBeyond","TheEnding"],"potions_floor_usage":[14,16,23,33,40,42,55],"damage_taken":[{"damage":5,"enemies":"Cultist","floor":1,"turns":4},{"damage":12,"enemies":"Jaw Worm","floor":2,"turns":3},{"damage":0,"enemies":"Small Slimes","floor":3,"turns":3},{"damage":9,"enemies":"Exordium Thugs","floor":7,"turns":5},{"damage":43,"enemies":"Lagavulin","floor":8,"turns":7},{"damage":28,"enemies":"Gremlin Nob","floor":10,"turns":5},{"damage":4,"enemies":"Looter","floor":11,"turns":3},{"damage":4,"enemies":"Large Slime","floor":13,"turns":6},{"damage":24,"enemies":"Lagavulin","floor":14,"turns":5},{"damage":31,"enemies":"Hexaghost","floor":16,"turns":11},{"damage":12,"enemies":"Shell Parasite","floor":18,"turns":4},{"damage":0,"enemies":"3 Byrds","floor":20,"turns":3},{"damage":4,"enemies":"3 Cultists","floor":21,"turns":3},{"damage":31,"enemies":"Book of Stabbing","floor":23,"turns":4},{"damage":13,"enemies":"Cultist and Chosen","floor":24,"turns":5},{"damage":3,"enemies":"Gremlin Leader","floor":28,"turns":5},{"damage":30,"enemies":"Shelled Parasite and Fungi","floor":29,"turns":3},{"damage":19,"enemies":"Sentry and Sphere","floor":30,"turns":4},{"damage":37,"enemies":"Book of Stabbing","floor":31,"turns":5},{"damage":33,"enemies":"Champ","floor":33,"turns":7},{"damage":14,"enemies":"3 Shapes","floor":35,"turns":6},{"damage":0,"enemies":"Orb Walker","floor":39,"turns":3},{"damage":7,"enemies":"Reptomancer","floor":40,"turns":5},{"damage":0,"enemies":"Transient","floor":41,"turns":5},{"damage":10,"enemies":"Nemesis","floor":42,"turns":7},{"damage":3,"enemies":"Reptomancer","floor":44,"turns":3},{"damage":8,"enemies":"Writhing Mass","floor":45,"turns":2},{"damage":3,"enemies":"Mind Bloom Boss Battle","floor":46,"turns":4},{"damage":40,"enemies":"Awakened One","floor":50,"turns":8},{"damage":28,"enemies":"Shield and Spear","floor":54,"turns":5},{"damage":2,"enemies":"The Heart","floor":55,"turns":4}],"seed_played":"7553094214696255369","potions_obtained":[{"floor":1,"key":"BlessingOfTheForge"},{"floor":10,"key":"PowerPotion"},{"floor":14,"key":"ColorlessPotion"},{"floor":16,"key":"Regen Potion"},{"floor":20,"key":"LiquidMemories"},{"floor":24,"key":"SneckoOil"},{"floor":28,"key":"Energy Potion"},{"floor":35,"key":"SteroidPotion"},{"floor":40,"key":"Fruit Juice"},{"floor":42,"key":"Explosive Potion"}],"is_trial":false,"path_per_floor":["M","M","M","?","$","R","M","E","T","E","M","R","M","E","R","B",null,"M","T","M","M","?","E","M","R","T","?","E","M","M","E","R","B",null,"M","$","$","T","M","E","M","E","T","E","M","?","R","T","R","B",null,"R","$","E","B",null],"character_chosen":"IRONCLAD","items_purchased":["Medical Kit","Whirlwind","HornCleat","Feel No Pain","Dual Wield","Kunai","Letter Opener","LiquidBronze","Impatience"],"campfire_rested":1,"item_purchase_floors":[5,5,36,37,37,37,53,53,53],"current_hp_per_floor":[73,67,73,73,73,73,71,35,35,14,17,42,45,35,35,11,68,63,63,80,83,83,78,72,72,82,82,103,80,68,47,47,35,89,89,89,89,89,96,101,111,117,124,125,124,127,127,127,127,103,122,122,122,101,111],"gold":153,"neow_bonus":"TWO_FIFTY_GOLD","is_daily":false,"chose_seed":false,"campfire_upgraded":3,"win_rate":0.0,"timestamp":1612024159,"path_taken":["M","?","M","?","$","R","M","E","T","E","M","R","M","E","R","BOSS","M","?","M","?","?","E","M","R","T","?","E","M","M","E","R","BOSS","M","?","$","?","M","E","M","E","T","E","M","?","R","?","R","BOSS","R","$","E","BOSS"],"items_purchased_type":["Relic","Card","Relic","Card","Card","Relic","Relic","Potion","Card"],"build_version":"2020-12-22","purchased_purges":3,"victory":true,"max_hp_per_floor":[80,80,80,80,80,80,81,82,82,83,84,84,85,86,86,87,87,88,88,89,90,90,91,92,92,102,102,103,104,105,106,106,107,107,108,108,108,108,109,110,111,117,124,125,126,127,127,127,127,128,128,128,128,129,130],"relic_stats":{"Gremlin Horn":[0,0],"counters":[31,147],"CeramicFish":189,"Astrolabe":["Seeing Red","Pummel","Flame Barrier"],"Dead Branch":[162],"Pen Nib":[12],"Letter Opener":[80],"Medical Kit":[23],"Burning Blood":175,"FaceOfCleric":28,"Sundial":[22],"Mummified Hand":[47],"Turnip":[2],"Art of War":[2],"Kunai":[14],"obtain_stats":[{"Ice Cream":38,"Gremlin Horn":54,"CeramicFish":14,"Burning Blood":0,"Old Coin":46,"HornCleat":36,"Matryoshka":40,"FaceOfCleric":4,"Sundial":8,"Mummified Hand":48,"Strawberry":43,"Kunai":37,"Paper Frog":31,"Girya":9,"Pear":26,"Astrolabe":34,"Dead Branch":42,"Pen Nib":28,"Letter Opener":53,"Medical Kit":5,"Bottled Flame":19,"Turnip":48,"Coffee Dripper":17,"Art of War":44,"Toy Ornithopter":23,"Pocketwatch":10},{"Ice Cream":21,"Gremlin Horn":30,"CeramicFish":9,"Burning Blood":0,"Old Coin":28,"HornCleat":21,"Matryoshka":23,"FaceOfCleric":3,"Sundial":5,"Mummified Hand":28,"Strawberry":25,"Kunai":21,"Paper Frog":19,"Girya":5,"Pear":15,"Astrolabe":20,"Dead Branch":25,"Pen Nib":16,"Letter Opener":29,"Medical Kit":3,"Bottled Flame":11,"Turnip":28,"Coffee Dripper":10,"Art of War":26,"Toy Ornithopter":14,"Pocketwatch":6},{"Ice Cream":101,"Gremlin Horn":143,"CeramicFish":41,"Burning Blood":0,"Old Coin":130,"HornCleat":101,"Matryoshka":109,"FaceOfCleric":10,"Sundial":22,"Mummified Hand":130,"Strawberry":121,"Kunai":101,"Paper Frog":88,"Girya":22,"Pear":71,"Astrolabe":95,"Dead Branch":121,"Pen Nib":76,"Letter Opener":138,"Medical Kit":10,"Bottled Flame":56,"Turnip":130,"Coffee Dripper":52,"Art of War":124,"Toy Ornithopter":66,"Pocketwatch":27}],"Toy Ornithopter":19,"Pocketwatch":[192]},"card_choices":[{"not_picked":["Dark Embrace","Thunderclap"],"picked":"Twin Strike","floor":1},{"not_picked":["Thunderclap","Burning Pact"],"picked":"Shrug It Off","floor":2},{"not_picked":["Wild Strike","Headbutt","Warcry"],"picked":"SKIP","floor":3},{"not_picked":["Anger","Clash","Thunderclap"],"picked":"SKIP","floor":7},{"not_picked":["Shrug It Off","Sword Boomerang"],"picked":"Fire Breathing","floor":8},{"not_picked":["Headbutt","Whirlwind"],"picked":"Shrug It Off","floor":10},{"not_picked":["True Grit","Infernal Blade"],"picked":"Reaper","floor":11},{"not_picked":["Armaments","Perfected Strike"],"picked":"Carnage","floor":13},{"not_picked":["Flex","Juggernaut"],"picked":"Clothesline","floor":14},{"not_picked":["Flex","Dropkick","Anger"],"picked":"SKIP","floor":18},{"not_picked":["Wild Strike","Entrench+1"],"picked":"Uppercut+1","floor":20},{"not_picked":["Fire Breathing","Uppercut","Infernal Blade"],"picked":"SKIP","floor":21},{"not_picked":["Anger","Clothesline","True Grit"],"picked":"SKIP","floor":23},{"not_picked":["Juggernaut","Second Wind","Clash"],"picked":"SKIP","floor":24},{"not_picked":["Iron Wave","Battle Trance"],"picked":"Evolve+1","floor":28},{"not_picked":["Hemokinesis","Pummel"],"picked":"Sentinel+1","floor":29},{"not_picked":["True Grit+1","Havoc","Evolve"],"picked":"SKIP","floor":30},{"not_picked":["Rampage","Searing Blow","Clothesline"],"picked":"SKIP","floor":31},{"not_picked":["Demon Form","Juggernaut"],"picked":"Corruption","floor":33},{"not_picked":["Battle Trance+1","Metallicize"],"picked":"Inflame","floor":35},{"not_picked":["Flex","Sword Boomerang+1"],"picked":"Shrug It Off+1","floor":39},{"not_picked":["Spot Weakness","Pummel"],"picked":"True Grit+1","floor":40},{"not_picked":["Clash+1","Second Wind+1"],"picked":"Body Slam","floor":41},{"not_picked":["Sentinel","Anger"],"picked":"Body Slam+1","floor":42},{"not_picked":["Rage+1","Dual Wield","Feed"],"picked":"SKIP","floor":44},{"not_picked":["Body Slam","Pommel Strike+1"],"picked":"Feel No Pain+1","floor":45},{"not_picked":["Carnage","Iron Wave+1"],"picked":"Burning Pact+1","floor":54}],"player_experience":665025,"relics_obtained":[{"floor":8,"key":"Sundial"},{"floor":9,"key":"Girya"},{"floor":10,"key":"Pocketwatch"},{"floor":14,"key":"CeramicFish"},{"floor":19,"key":"Bottled Flame"},{"floor":23,"key":"Toy Ornithopter"},{"floor":26,"key":"Pear"},{"floor":28,"key":"Pen Nib"},{"floor":31,"key":"Paper Frog"},{"floor":38,"key":"Ice Cream"},{"floor":40,"key":"Matryoshka"},{"floor":42,"key":"Dead Branch"},{"floor":43,"key":"Strawberry"},{"floor":44,"key":"Art of War"},{"floor":46,"key":"Old Coin"},{"floor":48,"key":"Mummified Hand"},{"floor":48,"key":"Turnip"},{"floor":54,"key":"Gremlin Horn"}],"event_choices":[{"damage_healed":0,"gold_gain":0,"player_choice":"Trade","damage_taken":0,"relics_obtained":["FaceOfCleric"],"max_hp_gain":0,"max_hp_loss":0,"event_name":"FaceTrader","floor":4,"gold_loss":0},{"damage_healed":0,"gold_gain":0,"player_choice":"Read","damage_taken":0,"max_hp_gain":0,"max_hp_loss":0,"event_name":"The Library","floor":22,"gold_loss":0,"cards_obtained":["Fiend Fire"]},{"damage_healed":0,"gold_gain":0,"player_choice":"2 cards matched","damage_taken":0,"max_hp_gain":0,"max_hp_loss":0,"event_name":"Match and Keep!","floor":27,"gold_loss":0,"cards_obtained":["Intimidate","Dark Shackles"]},{"damage_healed":0,"gold_gain":0,"player_choice":"Fight","damage_taken":0,"max_hp_gain":0,"max_hp_loss":0,"event_name":"MindBloom","floor":46,"gold_loss":0}],"is_beta":false,"boss_relics":[{"not_picked":["Philosopher\u0027s Stone","Runic Pyramid"],"picked":"Coffee Dripper"},{"not_picked":["Busted Crown","Calling Bell"],"picked":"Astrolabe"}],"items_purged_floors":[5,36,53],"is_endless":false,"potions_floor_spawned":[1,10,14,16,20,21,24,28,30,35,40,42,45,54],"ascension_level":11}}