{"host":"1xo5g347e5o4auts","time":1612015538,"event":{"mods":["BaseMod","Minty Spire (QoL Compilation)","Permanent Neow","StSLib"],"gold_per_floor":[114,126,126,144,144,178,178,509,509,534,549,549,564,583,583,662,662,680,699,699,718,718,718,260,260,260,292,316,344,374,404,404,404,404],"floor_reached":33,"language":"ENG","playtime":1398,"items_purged":["Strike_R"],"score":886,"play_id":"b13004e8-cf4a-4021-a677-eddb918f3d0d","local_time":"20210130160538","is_ascension_mode":true,"campfire_choices":[{"data":"Combust","floor":7.0,"key":"SMITH"},{"data":"Disarm","floor":15.0,"key":"SMITH"},{"data":"Feed","floor":23.0,"key":"SMITH"},{"data":"Carnage","floor":25.0,"key":"SMITH"},{"data":"Carnage","floor":32,"key":"SMITH"}],"circlet_count":0,"master_deck":["AscendersBane","Strike_R","Strike_R","Defend_R","Defend_R","Defend_R","Defend_R","Bash+1","Battle Trance","Clothesline","Disarm+1","Combust+1","Exhume","Battle Trance","Power Through","Carnage+1","Feed+1","Carnage+1","Shockwave","Ghostly","Ghostly","Ghostly","Shrug It Off","Flame Barrier","Second Wind+1","Shrug It Off"],"relics":["Burning Blood","Bronze Scales","Pear","Old Coin","WingedGreaves","Bag of Preparation","Snecko Eye","Medical Kit","Anchor","Meat on the Bone","StrikeDummy","Oddly Smooth Stone","Prayer Wheel","Juzu Bracelet","Dream Catcher"],"acts_visited":["Exordium","TheCity"],"potions_floor_usage":[30],"damage_taken":[{"damage":1.0,"enemies":"Cultist","floor":1.0,"turns":3.0},{"damage":7.0,"enemies":"Small Slimes","floor":2.0,"turns":3.0},{"damage":4.0,"enemies":"Jaw Worm","floor":4.0,"turns":3.0},{"damage":24.0,"enemies":"Gremlin Nob","floor":6.0,"turns":4.0},{"damage":24.0,"enemies":"Lagavulin","floor":8.0,"turns":7.0},{"damage":28.0,"enemies":"3 Sentries","floor":10.0,"turns":5.0},{"damage":3.0,"enemies":"2 Fungi Beasts","floor":11.0,"turns":2.0},{"damage":8.0,"enemies":"Large Slime","floor":13.0,"turns":5.0},{"damage":9.0,"enemies":"Blue Slaver","floor":14.0,"turns":4.0},{"damage":0.0,"enemies":"The Guardian","floor":16.0,"turns":13.0},{"damage":14.0,"enemies":"Shell Parasite","floor":18.0,"turns":7.0},{"damage":0.0,"enemies":"3 Byrds","floor":19.0,"turns":3.0},{"damage":51.0,"enemies":"Sentry and Sphere","floor":21.0,"turns":6.0},{"damage":8,"enemies":"Gremlin Leader","floor":27,"turns":7},{"damage":0,"enemies":"Book of Stabbing","floor":29,"turns":7},{"damage":28,"enemies":"Slavers","floor":30,"turns":6},{"damage":3,"enemies":"Gremlin Leader","floor":31,"turns":5},{"damage":19,"enemies":"Champ","floor":33,"turns":15}],"seed_played":"5549008659082339840","potions_obtained":[{"floor":1.0,"key":"Swift Potion"},{"floor":2.0,"key":"GamblersBrew"},{"floor":8.0,"key":"PowerPotion"},{"floor":11.0,"key":"BlessingOfTheForge"},{"floor":13.0,"key":"SteroidPotion"},{"floor":19.0,"key":"BloodPotion"},{"floor":30,"key":"Swift Potion"}],"is_trial":false,"path_per_floor":["M","M","?","M","?","E","R","E","T","E","M","?","M","M","R","B",null,"M","M","?","M","?","R","$","R","T","E","T","E","E","E","R","B"],"character_chosen":"IRONCLAD","items_purchased":["Medical Kit","Anchor","Shrug It Off"],"campfire_rested":0,"item_purchase_floors":[24,24,24],"current_hp_per_floor":[73,72,72,74,67,59,59,41,41,19,22,22,20,17,17,23,70,62,68,68,29,29,29,29,29,29,39,39,45,48,53,53,34,34],"gold":404,"neow_bonus":"RANDOM_COMMON_RELIC","is_daily":false,"chose_seed":false,"campfire_upgraded":5,"win_rate":0.0,"timestamp":1612015538,"path_taken":["M","M","?","M","?","E","R","E","T","E","M","?","M","M","R","BOSS","M","M","?","M","?","R","$","R","T","E","?","E","E","E","R","BOSS"],"items_purchased_type":["Relic","Relic","Card"],"build_version":"2020-12-22","purchased_purges":1,"victory":false,"max_hp_per_floor":[75,75,75,75,75,85,85,85,85,85,85,85,85,85,85,85,85,85,85,85,91,45,45,45,45,45,45,45,45,49,53,53,53,53],"card_choices":[{"not_picked":["Sever Soul","Evolve"],"picked":"Battle Trance","floor":1.0},{"not_picked":["Cleave","True Grit"],"picked":"Clothesline","floor":2.0},{"not_picked":["Clothesline","Dropkick"],"picked":"Disarm","floor":4.0},{"not_picked":["Whirlwind","Power Through"],"picked":"Combust","floor":6.0},{"not_picked":["Clothesline","Metallicize"],"picked":"Exhume","floor":8.0},{"not_picked":["Shockwave","Sever Soul","Twin Strike"],"picked":"SKIP","floor":10.0},{"not_picked":["Headbutt","Metallicize","Clothesline"],"picked":"SKIP","floor":11.0},{"not_picked":["Perfected Strike","True Grit"],"picked":"Power Through","floor":13.0},{"not_picked":["Clash","Pommel Strike"],"picked":"Carnage","floor":14.0},{"not_picked":["Barricade","Berserk"],"picked":"Feed","floor":16.0},{"not_picked":["Anger+1","Power Through"],"picked":"Carnage","floor":18.0},{"not_picked":["Iron Wave","Clash","Pummel"],"picked":"SKIP","floor":19.0},{"not_picked":["Armaments","Inflame"],"picked":"Shockwave","floor":21.0},{"not_picked":["Evolve+1","Rage"],"picked":"Flame Barrier","floor":27},{"not_picked":["Seeing Red","True Grit"],"picked":"Second Wind+1","floor":29},{"not_picked":["Anger","Iron Wave"],"picked":"Shrug It Off","floor":30},{"not_picked":["Body Slam","Cleave+1","Hemokinesis"],"picked":"SKIP","floor":31}],"player_experience":1387112,"relics_obtained":[{"floor":6.0,"key":"Pear"},{"floor":8.0,"key":"Old Coin"},{"floor":9.0,"key":"WingedGreaves"},{"floor":10.0,"key":"Bag of Preparation"},{"floor":26,"key":"Meat on the Bone"},{"floor":27,"key":"StrikeDummy"},{"floor":28,"key":"Oddly Smooth Stone"},{"floor":29,"key":"Prayer Wheel"},{"floor":30,"key":"Juzu Bracelet"},{"floor":31,"key":"Dream Catcher"}],"event_choices":[{"damage_healed":0.0,"max_hp_gain":0.0,"max_hp_loss":0.0,"gold_gain":0.0,"event_name":"Living Wall","player_choice":"Grow","floor":3.0,"gold_loss":0.0,"damage_taken":0.0,"cards_upgraded":["Bash"]},{"cards_removed":["Strike_R"],"damage_healed":0.0,"max_hp_gain":0.0,"max_hp_loss":0.0,"gold_gain":0.0,"event_name":"Golden Wing","player_choice":"Card Removal","floor":5.0,"gold_loss":0.0,"damage_taken":7.0},{"damage_healed":0.0,"max_hp_gain":0.0,"max_hp_loss":0.0,"gold_gain":0.0,"cards_transformed":["Strike_R"],"event_name":"Transmorgrifier","player_choice":"Transformed","floor":12.0,"gold_loss":0.0,"damage_taken":0.0,"cards_obtained":["Battle Trance"]},{"damage_healed":0.0,"max_hp_gain":0.0,"max_hp_loss":0.0,"gold_gain":0.0,"event_name":"Vampires","player_choice":"Ignored","floor":20.0,"gold_loss":0.0,"damage_taken":0.0},{"damage_healed":0.0,"max_hp_gain":0.0,"max_hp_loss":46.0,"gold_gain":0.0,"event_name":"Ghosts","player_choice":"Became a Ghost","floor":22.0,"gold_loss":0.0,"damage_taken":0.0,"cards_obtained":["Ghostly","Ghostly","Ghostly"]}],"is_beta":false,"boss_relics":[{"not_picked":["Black Star","Runic Pyramid"],"picked":"Snecko Eye"}],"items_purged_floors":[24],"is_endless":false,"potions_floor_spawned":[1,2,8,11,13,14,19,30],"killed_by":"Champ","ascension_level":20}}