{"host":"h1qktzcccqnez8tx","time":1612009075,"event":{"mods":["AchievementEnabler","BaseMod","Bestiary","Better Note","Block Reminder","Colored Map","Colored Powertips","Curses Come First","Downfall","Highlight Path","Infinite Spire","Minty Spire (QoL Compilation)","Permanent Neow","Quick Restart","Relic Stats","Replay The Spire","Say the Spire","StSLib","UnlockEverythingMod"],"gold_per_floor":[112,62,73,0,0,28,28,45,45,57,68,68,79,113,113,213,213,226,242,256,270,270,270,304,148,148,173,193,193,118,118,118,217,217,242,292,64,66,66,80,98,100,100,0,4,4,4],"floor_reached":45,"language":"ENG","playtime":1999,"items_purged":["hexamod:Strike","hexamod:Strike","hexamod:HeatMetal"],"score":524,"play_id":"b274903b-57e5-4bb7-bdd3-4f471d787213","local_time":"20210130131755","is_ascension_mode":true,"campfire_choices":[{"data":"hexamod:EmpoweredFlame","floor":7,"key":"SMITH"},{"data":"hexamod:ForkedFlame","floor":12,"key":"SMITH"},{"data":"hexamod:SwordOfDarkness","floor":15,"key":"SMITH"},{"data":"hexamod:EmpoweredFlame","floor":23,"key":"SMITH"},{"floor":29,"key":"REST"},{"floor":32,"key":"REST"}],"circlet_count":0,"master_deck":["hexamod:Defend","hexamod:Defend","hexamod:Defend","hexamod:Sear","hexamod:Float","hexamod:SoulSteal","hexamod:SwordOfDarkness+1","hexamod:EmpoweredFlame+1","hexamod:ForkedFlame+1","hexamod:BacktrackSmack","hexamod:HeatMetal","hexamod:AdvancingGuard","hexamod:VolcanoVisage","hexamod:SearingWound","hexamod:EmpoweredFlame+1","hexamod:ShieldOfDarkness","hexamod:SuperheatedStrike+1","infinitespire:Gouge","hexamod:RadiantFlame","hexamod:RadiantFlame+1","hexamod:EmpoweredFlame","hexamod:EmpoweredFlame+1","hexamod:SearingWound","hexamod:RadiantFlame+1","hexamod:HauntingEcho+1","hexamod:RainOfEmbers","ReplayTheSpireMod:Chaos Vortex","hexamod:RetreatToShadows+1","Shame"],"relics":["hexamod:SpiritBrand","Replay:Mystery Machine","infinitespire:CheckeredPen","infinitespire:BottledMercury","Art of War","sneckomod:SneckoTalon","infinitespire:FocusingShard","infinitespire:Midas Blood","InkBottle","Cursed Key","Replay:PocketPolymizer","Pen Nib","Bottled Flame"],"acts_visited":["Exordium","TheCity","TheBeyond"],"potions_floor_usage":[14,33,42,42],"damage_taken":[{"damage":0,"enemies":"Small Slimes","floor":1,"turns":4},{"damage":0,"enemies":"Cultist","floor":3,"turns":3},{"damage":21,"enemies":"Gremlin Nob","floor":6,"turns":4},{"damage":0,"enemies":"2 Louse","floor":8,"turns":2},{"damage":1,"enemies":"Blue Slaver","floor":10,"turns":2},{"damage":1,"enemies":"Red Slaver","floor":11,"turns":2},{"damage":0,"enemies":"2 Fungi Beasts","floor":13,"turns":2},{"damage":3,"enemies":"Lagavulin","floor":14,"turns":3},{"damage":11,"enemies":"Fading Forest","floor":16,"turns":11},{"damage":1,"enemies":"Shell Parasite","floor":18,"turns":3},{"damage":0,"enemies":"3 Byrds","floor":19,"turns":3},{"damage":14,"enemies":"Centurion and Healer","floor":20,"turns":5},{"damage":10,"enemies":"Snecko","floor":21,"turns":3},{"damage":14,"enemies":"Gremlin Leader","floor":24,"turns":5},{"damage":17,"enemies":"Shelled Parasite and Fungi","floor":27,"turns":3},{"damage":0,"enemies":"Centurion and Healer","floor":28,"turns":5},{"damage":13,"enemies":"Automaton","floor":33,"turns":6},{"damage":16,"enemies":"3 Shapes","floor":35,"turns":3},{"damage":0,"enemies":"Mind Bloom Boss Battle","floor":36,"turns":4},{"damage":12,"enemies":"Orb Walker","floor":40,"turns":3},{"damage":15,"enemies":"Sphere and 2 Shapes","floor":41,"turns":5},{"damage":4,"enemies":"Reptomancer","floor":42,"turns":2},{"damage":8,"enemies":"Writhing Mass","floor":45,"turns":2}],"seed_played":"8189826457790652990","potions_obtained":[{"floor":10,"key":"hexamod:DoubleChargePotion"},{"floor":11,"key":"SmokeBomb"},{"floor":13,"key":"Adrenaline Potion"},{"floor":14,"key":"Explosive Potion"},{"floor":33,"key":"sneckomod:MuddlingPotion"}],"is_trial":false,"path_per_floor":["M","?","M","$","?","E","R","M","T","M","M","R","M","E","R","B",null,"M","M","M","M","AVR","R","E","$","T","M","M","R","?","?","R","B",null,"M","?","$","?","?","M","M","E","T","$","M"],"character_chosen":"THE_SPIRIT","items_purchased":["hexamod:EmpoweredFlame","hexamod:RadiantFlame","Pen Nib","hexamod:RainOfEmbers"],"campfire_rested":2,"item_purchase_floors":[4,25,37,37],"current_hp_per_floor":[70,70,70,70,70,49,49,49,49,48,47,47,47,44,44,33,70,69,69,55,45,45,45,31,31,31,14,14,35,35,35,56,43,70,54,54,54,37,37,25,10,6,6,6,0,0,0],"gold":4,"neow_bonus":"RANDOM_COMMON_RELIC","is_daily":false,"chose_seed":false,"campfire_upgraded":4,"win_rate":0.0,"timestamp":1612009075,"path_taken":["M","?","M","$","?","E","R","M","T","M","?","R","M","E","R","BOSS","M","M","M","M","AVR","R","E","$","T","M","M","R","?","?","R","BOSS","M","?","$","?","?","M","M","E","T","?","M"],"items_purchased_type":["Card","Card","Relic","Card"],"build_version":"2020-12-22","purchased_purges":3,"victory":false,"max_hp_per_floor":[70,70,70,70,70,70,70,70,70,70,70,70,70,70,70,70,70,70,70,70,70,70,70,70,70,70,70,70,70,70,70,70,70,70,70,70,70,70,70,70,70,70,70,70,70,70,70],"relic_stats":{"counters":[23,85],"Pen Nib":[1],"Art of War":[6],"Cursed Key":1,"obtain_stats":[{"infinitespire:BottledMercury":9,"Replay:PocketPolymizer":36,"infinitespire:FocusingShard":22,"Pen Nib":37,"infinitespire:CheckeredPen":6,"Replay:Mystery Machine":0,"sneckomod:SneckoTalon":17,"Cursed Key":34,"Bottled Flame":43,"Art of War":14,"hexamod:SpiritBrand":0,"InkBottle":26,"infinitespire:Midas Blood":24},{"infinitespire:BottledMercury":4,"Replay:PocketPolymizer":19,"infinitespire:FocusingShard":13,"Pen Nib":19,"infinitespire:CheckeredPen":3,"Replay:Mystery Machine":0,"sneckomod:SneckoTalon":9,"Cursed Key":17,"Bottled Flame":22,"Art of War":8,"hexamod:SpiritBrand":0,"InkBottle":14,"infinitespire:Midas Blood":14},{"infinitespire:BottledMercury":13,"Replay:PocketPolymizer":73,"infinitespire:FocusingShard":47,"Pen Nib":73,"infinitespire:CheckeredPen":11,"Replay:Mystery Machine":0,"sneckomod:SneckoTalon":33,"Cursed Key":66,"Bottled Flame":83,"Art of War":22,"hexamod:SpiritBrand":0,"InkBottle":52,"infinitespire:Midas Blood":52}],"InkBottle":[15]},"card_choices":[{"not_picked":["hexamod:Rewind","hexamod:ShieldOfDarkness"],"picked":"hexamod:SoulSteal","floor":1},{"not_picked":["hexamod:ShieldOfDarkness","hexamod:GhostLash"],"picked":"hexamod:SwordOfDarkness","floor":3},{"not_picked":["hexamod:Haunt","hexamod:StepThrough"],"picked":"hexamod:HeatMetal","floor":6},{"not_picked":["hexamod:Firestarter","hexamod:ShieldOfDarkness"],"picked":"hexamod:ForkedFlame","floor":8},{"not_picked":["hexamod:InspiringFlames","hexamod:GhostShield"],"picked":"hexamod:BacktrackSmack","floor":10},{"not_picked":["hexamod:StepThrough","hexamod:InspiringFlames"],"picked":"hexamod:HeatMetal","floor":11},{"not_picked":["hexamod:HeatShield","hexamod:FastForward"],"picked":"hexamod:AdvancingGuard","floor":13},{"not_picked":["hexamod:BacktrackSmack","hexamod:NightmareGuise"],"picked":"hexamod:VolcanoVisage","floor":14},{"not_picked":["hexamod:GiftsFromTheDead","hexamod:TimeOfNeed"],"picked":"hexamod:SearingWound","floor":16},{"not_picked":["hexamod:FlamesFromBeyond","hexamod:ThermalTransfer+1"],"picked":"hexamod:EmpoweredFlame","floor":18},{"not_picked":["hexamod:ThermalTransfer","hexamod:AdvancingGuard"],"picked":"hexamod:ShieldOfDarkness","floor":19},{"not_picked":["hexamod:GhostOfSpireFuture","hexamod:SpectralAdrenaline","hexamod:InspiringFlames"],"picked":"SKIP","floor":20},{"not_picked":["hexamod:NightmareGuise+1","hexamod:HeatMetal"],"picked":"hexamod:SuperheatedStrike+1","floor":21},{"not_picked":["hexamod:BacktrackSmack","hexamod:ExtraCrispy+1","hexamod:NightmareStrike"],"picked":"SKIP","floor":24},{"not_picked":["hexamod:Rewind","hexamod:PowerFromBeyond"],"picked":"hexamod:RadiantFlame+1","floor":27},{"not_picked":["hexamod:AdvancingGuard","hexamod:GhostShield"],"picked":"hexamod:EmpoweredFlame","floor":28},{"not_picked":["hexamod:FifthSeal","hexamod:FlameSwitch"],"picked":"hexamod:SearingWound","floor":33},{"not_picked":["hexamod:InspiringFlames","hexamod:ShieldOfDarkness"],"picked":"hexamod:RadiantFlame+1","floor":35},{"not_picked":["hexamod:CatchUp+1","hexamod:RadiantFlame+1"],"picked":"hexamod:HauntingEcho+1","floor":36},{"not_picked":["infinitespire:Oblivion","infinitespire:Gouge"],"picked":"ReplayTheSpireMod:Chaos Vortex","floor":38},{"not_picked":["hexamod:AdvancingGuard+1","hexamod:FastForward+1","hexamod:NecessarySacrifice+1"],"picked":"SKIP","floor":40},{"not_picked":["hexamod:BurningTouch","hexamod:HeatCrush"],"picked":"hexamod:RetreatToShadows+1","floor":41}],"player_experience":268557,"relics_obtained":[{"floor":6,"key":"infinitespire:CheckeredPen"},{"floor":9,"key":"infinitespire:BottledMercury"},{"floor":14,"key":"Art of War"},{"floor":24,"key":"infinitespire:Midas Blood"},{"floor":26,"key":"InkBottle"},{"floor":36,"key":"Replay:PocketPolymizer"},{"floor":43,"key":"Bottled Flame"}],"event_choices":[{"cards_removed":["hexamod:Strike"],"damage_healed":0,"gold_gain":0,"player_choice":"Card Removal","damage_taken":0,"max_hp_gain":0,"max_hp_loss":0,"event_name":"The Cleric","floor":2,"gold_loss":50},{"cards_removed":["hexamod:Defend"],"damage_healed":0,"gold_gain":0,"player_choice":"Offered Basic","damage_taken":0,"max_hp_gain":0,"max_hp_loss":0,"event_name":"Bonfire Elementals","floor":5,"gold_loss":0},{"cards_removed":["hexamod:Strike"],"damage_healed":0,"gold_gain":0,"player_choice":"Gave Gold","damage_taken":0,"max_hp_gain":0,"max_hp_loss":0,"event_name":"Beggar","floor":30,"gold_loss":75},{"damage_healed":0,"gold_gain":0,"player_choice":"Copied","damage_taken":0,"max_hp_gain":0,"max_hp_loss":0,"event_name":"Duplicator","floor":31,"gold_loss":0,"cards_obtained":["hexamod:EmpoweredFlame"]},{"damage_healed":0,"gold_gain":0,"player_choice":"Fight","damage_taken":0,"max_hp_gain":0,"max_hp_loss":0,"event_name":"MindBloom","floor":36,"gold_loss":0}],"is_beta":false,"boss_relics":[{"not_picked":["Astrolabe","Velvet Choker"],"picked":"sneckomod:SneckoTalon"},{"not_picked":["Replay:Grab Bag","ChewingGum"],"picked":"Cursed Key"}],"items_purged_floors":[22,25,44],"is_endless":false,"potions_floor_spawned":[10,11,13,14,16,27,28,33,36,41],"killed_by":"Writhing Mass","ascension_level":1}}