{"host":"sian7qp8a9pc9xwd","time":1612045327,"event":{"mods":["BaseMod","Minty Spire (QoL Compilation)","StSLib","SuperFastMode"],"gold_per_floor":[118,137,137,157,157,182,162,182,182,182,205,205,262,279,279,380,380,394,309,309,323,323,323,323],"floor_reached":23,"language":"ENG","playtime":955,"items_purged":[],"score":293,"play_id":"81a482d8-d65c-4af0-a458-24eb9ae53c0a","local_time":"20210130172207","is_ascension_mode":true,"campfire_choices":[{"data":"Bash","floor":10,"key":"SMITH"},{"data":"Strike_R","floor":12,"key":"SMITH"},{"data":"Strike_R","floor":15,"key":"SMITH"}],"circlet_count":0,"master_deck":["AscendersBane","Strike_R+1","Strike_R","Strike_R+1","Defend_R","Defend_R","Defend_R","Bash+1","Double Tap+1","Clothesline+1","Dropkick","Ghostly Armor+1","Body Slam+1","Entrench+1"],"relics":["Burning Blood","Darkstone Periapt","Matryoshka","HornCleat","Bronze Scales","Blood Vial","Astrolabe","Pen Nib"],"acts_visited":["Exordium","TheCity"],"potions_floor_usage":[23],"damage_taken":[{"damage":14,"enemies":"Small Slimes","floor":1,"turns":4},{"damage":10,"enemies":"Cultist","floor":2,"turns":5},{"damage":9,"enemies":"Jaw Worm","floor":4,"turns":6},{"damage":18,"enemies":"Gremlin Nob","floor":6,"turns":4},{"damage":17,"enemies":"Looter","floor":8,"turns":4},{"damage":15,"enemies":"Gremlin Nob","floor":13,"turns":4},{"damage":7,"enemies":"Lots of Slimes","floor":14,"turns":4},{"damage":46,"enemies":"The Guardian","floor":16,"turns":9},{"damage":7,"enemies":"Chosen","floor":18,"turns":4},{"damage":16,"enemies":"Spheric Guardian","floor":21,"turns":4},{"damage":57,"enemies":"Book of Stabbing","floor":23,"turns":7}],"seed_played":"-387108159927751704","potions_obtained":[{"floor":1,"key":"LiquidBronze"},{"floor":7,"key":"FairyPotion"},{"floor":18,"key":"Regen Potion"}],"is_trial":false,"path_per_floor":["M","M","?","M","?","E","?","M","T","R","T","R","?","M","R","B",null,"M","?","?","M","?","E"],"character_chosen":"IRONCLAD","items_purchased":[],"campfire_rested":0,"item_purchase_floors":[],"current_hp_per_floor":[64,60,60,57,57,45,45,34,34,34,34,34,25,26,26,12,63,64,64,64,56,41,1,1],"gold":323,"neow_bonus":"ONE_RANDOM_RARE_CARD","is_daily":false,"chose_seed":false,"campfire_upgraded":3,"win_rate":0.0,"timestamp":1612045327,"path_taken":["M","M","?","?","?","E","?","?","T","R","?","R","?","M","R","BOSS","M","?","?","?","?","E"],"items_purchased_type":[],"build_version":"2020-12-22","purchased_purges":0,"victory":false,"max_hp_per_floor":[80,80,80,80,80,80,80,80,80,80,80,80,80,80,80,80,80,80,80,80,80,85,85,85],"card_choices":[{"not_picked":["Combust","Reckless Charge","Twin Strike"],"picked":"SKIP","floor":1},{"not_picked":["Iron Wave","Searing Blow","Shockwave"],"picked":"SKIP","floor":2},{"not_picked":["Heavy Blade","Dual Wield"],"picked":"Clothesline","floor":4},{"not_picked":["Cleave","Evolve","Thunderclap"],"picked":"SKIP","floor":6},{"not_picked":["Intimidate","True Grit","Combust"],"picked":"SKIP","floor":8},{"not_picked":["Immolate","Uppercut"],"picked":"Dropkick","floor":13},{"not_picked":["Pummel","Flex","Clothesline"],"picked":"SKIP","floor":14},{"not_picked":["Reaper","Feed"],"picked":"Double Tap","floor":16},{"not_picked":["Evolve","Thunderclap","Intimidate"],"picked":"SKIP","floor":18},{"not_picked":["Anger","Blood for Blood","Metallicize"],"picked":"SKIP","floor":21}],"player_experience":827405,"relics_obtained":[{"floor":6,"key":"Darkstone Periapt"},{"floor":9,"key":"Matryoshka"},{"floor":11,"key":"HornCleat"},{"floor":11,"key":"Bronze Scales"},{"floor":13,"key":"Blood Vial"}],"event_choices":[{"damage_healed":0,"gold_gain":0,"player_choice":"Forge","damage_taken":0,"max_hp_gain":0,"max_hp_loss":0,"event_name":"Accursed Blacksmith","floor":3,"gold_loss":0,"cards_upgraded":["Double Tap"]},{"damage_healed":0,"gold_gain":0,"player_choice":"Grow","damage_taken":0,"max_hp_gain":0,"max_hp_loss":0,"event_name":"Living Wall","floor":5,"gold_loss":0,"cards_upgraded":["Clothesline"]},{"damage_healed":0,"gold_gain":0,"player_choice":"Bought 1 Potion","damage_taken":0,"max_hp_gain":0,"max_hp_loss":0,"event_name":"The Woman in Blue","floor":7,"gold_loss":0},{"damage_healed":0,"gold_gain":30,"player_choice":"Searched \u00272\u0027 times","damage_taken":0,"max_hp_gain":0,"max_hp_loss":0,"event_name":"Dead Adventurer","floor":13,"gold_loss":0},{"damage_healed":0,"gold_gain":0,"player_choice":"Obtained Relic","damage_taken":0,"relics_obtained":["Pen Nib"],"max_hp_gain":0,"max_hp_loss":0,"event_name":"Addict","floor":19,"gold_loss":85},{"cards_removed":["Strike_R"],"damage_healed":0,"gold_gain":0,"player_choice":"Purged","damage_taken":0,"max_hp_gain":0,"max_hp_loss":0,"event_name":"Purifier","floor":20,"gold_loss":0},{"damage_healed":0,"gold_gain":0,"player_choice":"Shed Blood","damage_taken":20,"max_hp_gain":5,"max_hp_loss":0,"event_name":"Forgotten Altar","floor":22,"gold_loss":0}],"is_beta":false,"boss_relics":[{"not_picked":["Snecko Eye","Ectoplasm"],"picked":"Astrolabe"}],"items_purged_floors":[],"is_endless":false,"potions_floor_spawned":[1,8,13,18],"killed_by":"Book of Stabbing","ascension_level":11}}