{"host":"p8f0otjoacyb9giz","time":1612025570,"event":{"mods":["AchievementEnabler","BaseMod","Downfall","Minty Spire (QoL Compilation)","StSLib"],"gold_per_floor":[99,117,117,128,26,26,26,59,59,76,109,120,20,31,42,42,42,42],"floor_reached":16,"language":"ENG","playtime":748,"items_purged":[],"score":129,"play_id":"a09574d0-3466-40f6-8b9a-c1fef8b32375","local_time":"20210130195250","is_ascension_mode":true,"campfire_choices":[{"floor":1.0,"key":"RECALL"},{"data":"champ:Circumvent","floor":6.0,"key":"SMITH"},{"data":"champ:BerserkerStyle","floor":9.0,"key":"SMITH"},{"data":"champ:Improvising","floor":13,"key":"SMITH"}],"circlet_count":0,"master_deck":["champ:Execute","champ:Taunt","champ:ViciousMockery","champ:CheapShot","champ:SteelEdge","champ:Backstep","champ:SteelEdge","champ:BerserkerStyle+1","champ:LastStand","champ:Haymaker","champ:FocusedDefense","champ:CrownThrow","champ:ShieldWall","champ:Circumvent+1","champ:TornadoPunch","champ:SkillfulDodge","champ:Improvising+1","champ:Parry","champ:RapidStrikes"],"relics":["Pandora\u0027s Box","MealTicket","Art of War","downfall:HeartBlessingRed"],"acts_visited":["Exordium"],"potions_floor_usage":[],"damage_taken":[{"damage":23.0,"enemies":"Jaw Worm","floor":2.0,"turns":4.0},{"damage":17.0,"enemies":"Cultist","floor":4.0,"turns":4.0},{"damage":5.0,"enemies":"downfall:FleeingMerchant","floor":5.0,"turns":5.0},{"damage":49.0,"enemies":"Lagavulin","floor":8.0,"turns":6.0},{"damage":10,"enemies":"2 Louse","floor":10,"turns":2},{"damage":2,"enemies":"Gremlin Nob","floor":11,"turns":5},{"damage":6,"enemies":"2 Fungi Beasts","floor":12,"turns":4},{"damage":16,"enemies":"Exordium Wildlife","floor":14,"turns":3},{"damage":13,"enemies":"3 Louse","floor":15,"turns":2},{"damage":24,"enemies":"DF_ARCHETYPE_STREAMLINE","floor":16,"turns":3}],"seed_played":"335556131374180321","potions_obtained":[{"floor":2.0,"key":"champ:UltimateStancePotion"},{"floor":12,"key":"FearPotion"},{"floor":15,"key":"LiquidBronze"}],"is_trial":false,"path_per_floor":["R","M","?","M","$","R","T","E","R","M","E","M","R","M","M","B"],"character_chosen":"THE_CHAMP","items_purchased":["champ:ShieldWall","champ:Circumvent"],"campfire_rested":0,"item_purchase_floors":[5,5],"current_hp_per_floor":[90,77,77,77,77,77,77,45,45,42,40,34,34,28,15,0,0,0],"gold":42,"neow_bonus":"BOSS_RELIC","is_daily":false,"chose_seed":false,"campfire_upgraded":3,"win_rate":0.0,"timestamp":1612025570,"path_taken":["R","M","?","?","?","R","T","E","R","M","E","M","R","M","M","BOSS"],"items_purchased_type":["Card","Card"],"build_version":"2020-12-22","purchased_purges":0,"victory":false,"max_hp_per_floor":[90,90,90,90,90,90,90,90,90,90,90,90,90,90,90,90,90,90],"card_choices":[{"not_picked":["champ:BringItOn","champ:BladeFlurry"],"picked":"champ:Haymaker","floor":2.0},{"not_picked":["champ:IgnorePain","champ:Backstep","champ:PerfectedStrike"],"picked":"SKIP","floor":4.0},{"not_picked":["champ:PerfectedStrike","champ:TornadoPunch"],"picked":"champ:CrownThrow","floor":5.0},{"not_picked":["champ:Circumvent","champ:BerserkersShout"],"picked":"champ:TornadoPunch","floor":8.0},{"not_picked":["champ:Endure","champ:PreciseThrust"],"picked":"champ:SkillfulDodge","floor":10},{"not_picked":["champ:Shatter","champ:TornadoPunch"],"picked":"champ:Improvising","floor":11},{"not_picked":["champ:DefensiveShout","champ:TornadoPunch"],"picked":"champ:Parry","floor":12},{"not_picked":["champ:VampiricStrike","champ:PreciseThrust","champ:AdrenalArmor"],"picked":"SKIP","floor":14},{"not_picked":["champ:CrownThrow","champ:FalseCounter"],"picked":"champ:RapidStrikes","floor":15}],"player_experience":423552,"relics_obtained":[{"floor":8.0,"key":"MealTicket"},{"floor":11,"key":"Art of War"}],"event_choices":[],"is_beta":false,"boss_relics":[],"items_purged_floors":[],"is_endless":false,"potions_floor_spawned":[2,12,15],"killed_by":"DF_ARCHETYPE_STREAMLINE","ascension_level":3}}