{"host":"3zb3nk4wvq0dtbuh","time":1612000950,"event":{"mods":["AchievementEnabler","BaseMod","Lobotomy","Minty Spire (QoL Compilation)","Quick Restart","Relic Filter Mod","StSLib","SuperFastMode","The Blackbeard"],"gold_per_floor":[115,130,150,163,182,182,192,192,192,225,235,235,117,130,130,234,234,245,245,260,272,272,272,297,297,297,307,334,334,346,357,357,461,461,461],"floor_reached":34,"language":"ZHS","playtime":454,"items_purged":[],"score":448,"play_id":"571c171b-7ee9-4be4-8cbd-9eac3af9aee4","local_time":"20210130180230","is_ascension_mode":false,"campfire_choices":[{"data":"Searing Blow","floor":6,"key":"SMITH"},{"data":"Searing Blow+1","floor":8,"key":"SMITH"},{"data":"Searing Blow+2","floor":12,"key":"SMITH"},{"data":"Searing Blow+3","floor":15,"key":"SMITH"},{"data":"Searing Blow+4","floor":23,"key":"SMITH"},{"data":"Searing Blow+5","floor":25,"key":"SMITH"},{"data":"Offering","floor":29,"key":"SMITH"},{"data":"Searing Blow+6","floor":32,"key":"SMITH"}],"circlet_count":0,"master_deck":["Bash","Bloodletting+1","Feed+1","Entrench+1","Searing Blow+7","Offering+1","Sentinel","Metallicize+1","Rampage","Clothesline","Clash","Ghostly Armor","Headbutt"],"relics":["Astrolabe","Frozen Egg 2","The Courier","Tiny Chest","Pandora\u0027s Box","Boot","HornCleat","Singing Bowl","Kunai"],"acts_visited":["Exordium","TheCity","TheBeyond"],"potions_floor_usage":[],"damage_taken":[{"damage":10,"enemies":"Cultist","floor":1,"turns":6},{"damage":3,"enemies":"Small Slimes","floor":2,"turns":4},{"damage":14,"enemies":"Jaw Worm","floor":3,"turns":4},{"damage":16,"enemies":"Lots of Slimes","floor":4,"turns":5},{"damage":18,"enemies":"Exordium Wildlife","floor":5,"turns":4},{"damage":18,"enemies":"3 Louse","floor":7,"turns":4},{"damage":31,"enemies":"3 Sentries","floor":10,"turns":7},{"damage":10,"enemies":"Blue Slaver","floor":11,"turns":4},{"damage":18,"enemies":"Lots of Slimes","floor":14,"turns":5},{"damage":19,"enemies":"Slime Boss","floor":16,"turns":6},{"damage":12,"enemies":"Spheric Guardian","floor":18,"turns":5},{"damage":9,"enemies":"Shell Parasite","floor":20,"turns":4},{"damage":24,"enemies":"Centurion and Healer","floor":21,"turns":5},{"damage":17,"enemies":"Book of Stabbing","floor":24,"turns":5},{"damage":9,"enemies":"Snecko","floor":27,"turns":5},{"damage":13,"enemies":"Gremlin Leader","floor":28,"turns":5},{"damage":12,"enemies":"Cultist and Chosen","floor":30,"turns":6},{"damage":6,"enemies":"Snake Plant","floor":31,"turns":3},{"damage":36,"enemies":"Champ","floor":33,"turns":8}],"seed_played":"411564712913694044","potions_obtained":[{"floor":2,"key":"DistilledChaos"},{"floor":3,"key":"Regen Potion"},{"floor":4,"key":"Energy Potion"}],"is_trial":false,"path_per_floor":["M","M","M","M","M","R","M","R","T","E","M","R","$","M","R","B",null,"M","?","M","M","T","R","E","R","T","M","E","R","M","M","R","B",null],"character_chosen":"IRONCLAD","items_purchased":["Tiny Chest"],"campfire_rested":0,"item_purchase_floors":[13],"current_hp_per_floor":[84,88,92,96,100,100,104,104,104,108,108,108,108,112,112,112,112,116,116,116,120,120,120,120,120,120,122,124,124,126,128,128,130,130,130],"gold":461,"neow_bonus":"BOSS_RELIC","is_daily":false,"chose_seed":false,"campfire_upgraded":8,"win_rate":0.0,"timestamp":1612000950,"path_taken":["M","M","M","M","M","R","M","R","T","E","M","R","?","M","R","BOSS","M","?","M","M","?","R","E","R","T","M","E","R","M","M","R","BOSS"],"items_purchased_type":["Relic"],"build_version":"2020-12-22","purchased_purges":0,"victory":false,"max_hp_per_floor":[84,88,92,96,100,100,104,104,104,108,108,108,108,112,112,112,112,116,116,116,120,120,120,120,120,120,122,124,124,126,128,128,130,130,130],"card_choices":[{"not_picked":["Flex","Headbutt","Pommel Strike"],"picked":"SKIP","floor":1},{"not_picked":["Fire Breathing","Flex","Heavy Blade"],"picked":"SKIP","floor":2},{"not_picked":["Uppercut","Sever Soul"],"picked":"Searing Blow","floor":3},{"not_picked":["Pommel Strike","Thunderclap","Infernal Blade"],"picked":"SKIP","floor":4},{"not_picked":["Shrug It Off","Dropkick","Feel No Pain"],"picked":"SKIP","floor":5},{"not_picked":["Twin Strike","Perfected Strike","Thunderclap"],"picked":"SKIP","floor":7},{"not_picked":["Feed","Hemokinesis","Burning Pact"],"picked":"SKIP","floor":10},{"not_picked":["Heavy Blade","Flex","Carnage"],"picked":"SKIP","floor":11},{"not_picked":["Clothesline","Spot Weakness","Pummel"],"picked":"SKIP","floor":14},{"not_picked":["Corruption+1","Double Tap"],"picked":"Offering","floor":16},{"not_picked":["Sentinel+1","Bloodletting","Havoc"],"picked":"SKIP","floor":18},{"not_picked":["Armaments+1","Havoc"],"picked":"Headbutt","floor":20},{"not_picked":["Spot Weakness","Second Wind","Fire Breathing+1"],"picked":"SKIP","floor":21},{"not_picked":["Flex","Heavy Blade+1","Second Wind"],"picked":"SKIP","floor":24},{"not_picked":["Shrug It Off","Carnage","Wild Strike+1"],"picked":"Singing Bowl","floor":27},{"not_picked":["Wild Strike","Thunderclap","Heavy Blade"],"picked":"Singing Bowl","floor":28},{"not_picked":["Warcry","Clothesline","Wild Strike+1"],"picked":"Singing Bowl","floor":30},{"not_picked":["Shrug It Off","True Grit","Demon Form+1"],"picked":"Singing Bowl","floor":31},{"not_picked":["Limit Break","Barricade+1","Juggernaut+1"],"picked":"Singing Bowl","floor":33}],"player_experience":17329,"relics_obtained":[{"floor":9,"key":"Frozen Egg 2"},{"floor":10,"key":"The Courier"},{"floor":22,"key":"Boot"},{"floor":24,"key":"HornCleat"},{"floor":26,"key":"Singing Bowl"},{"floor":28,"key":"Kunai"}],"event_choices":[{"damage_healed":0,"gold_gain":0,"player_choice":"Ignored","damage_taken":0,"max_hp_gain":0,"max_hp_loss":0,"event_name":"Vampires","floor":19,"gold_loss":0}],"is_beta":false,"boss_relics":[{"not_picked":["Empty Cage","Circlet"],"picked":"Pandora\u0027s Box"},{"not_picked":["Circlet","Circlet","Circlet"]}],"items_purged_floors":[],"is_endless":false,"potions_floor_spawned":[2,3,4,11,16,21,24,27],"ascension_level":0}}