{"host":"99l0i25nwwr6z99u","time":1612031012,"event":{"mods":["Act Like it!","BaseMod","Colored Map","Colored Powertips","Downfall","Googly Eyes","Minty Spire (QoL Compilation)","Quick Restart","StSLib"],"gold_per_floor":[199,212,225,237,251,251,251,271,271,299,399,9,23,92,110,206,206,106,116,216,232,246,50,50,85,99,99,99,109,109,141,156,260,260,60,78,95,95,95,120,196,196,95,109,136,136,147,147,167,167,167,194,44,44,44,44],"floor_reached":57,"language":"ENG","playtime":2977,"items_purged":["champ:Strike","champ:Strike"],"score":1405,"play_id":"6b88b012-a3de-46f4-8c66-ca84392a72e4","local_time":"20210130132332","is_ascension_mode":true,"campfire_choices":[{"data":"champ:Execute","floor":1,"key":"SMITH"},{"data":"champ:BerserkersShout","floor":9,"key":"SMITH"},{"data":"champ:StrikeOfGenius","floor":18,"key":"SMITH"},{"floor":28,"key":"RECALL"},{"data":"champ:GladiatorForm","floor":35,"key":"SMITH"},{"data":"champ:EnchantShield","floor":42,"key":"SMITH"},{"data":"champ:FalseCounter","floor":46,"key":"SMITH"},{"floor":54,"key":"REST"}],"circlet_count":0,"master_deck":["champ:Strike","champ:Strike","champ:Defend","champ:Defend","champ:Defend","champ:Defend","champ:Execute+1","champ:Taunt","champ:FocusedDefense","champ:PerfectedStrike","champ:FlashCut","champ:BerserkersShout+1","champ:PerfectedStrike","champ:DefensiveStyle","champ:FanOfKnives","champ:FancyFootwork+1","champ:StrikeOfGenius+1","champ:Haymaker","champ:GladiatorForm+1","champ:AdrenalArmor","champ:Circumvent+1","champ:Duel+1","champ:RageSigil","champ:SetATrap+1","champ:CrookedStrike","champ:DefensiveStyle+1","champ:FocusedDefense+1","champ:EndlessRage","champ:EnchantShield+1","expansioncontent:PrepareCrush","Pain","champ:FalseCounter+1","champ:GladiatorStyle"],"relics":["champ:ChampionCrown","champ:FightingForDummies","Blue Candle","CloakClasp","hexamod:BolsterEngine","champ:BerserkersGuideToSlaughter","StrikeDummy","Sozu","downfall:HeartBlessingGreen","champ:BlackKnightHelmet","Mercury Hourglass","TungstenRod","hexamod:CandleOfCauterizing","Philosopher\u0027s Stone","downfall:HeartBlessingRed","downfall:HeartBlessingBlue","WarpedTongs","sneckomod:BlankCard","Question Card","Mummified Hand","ClockworkSouvenir","Turnip","Pear","Orichalcum","War Paint"],"acts_visited":["Exordium","TheCity","TheBeyond","TheEnding"],"potions_floor_usage":[10,16,56],"damage_taken":[{"damage":10,"enemies":"Small Slimes","floor":2,"turns":3},{"damage":18,"enemies":"Cultist","floor":3,"turns":5},{"damage":10,"enemies":"2 Louse","floor":4,"turns":2},{"damage":10,"enemies":"Exordium Wildlife","floor":5,"turns":4},{"damage":2,"enemies":"Large Slime","floor":8,"turns":4},{"damage":19,"enemies":"Gremlin Nob","floor":10,"turns":3},{"damage":18,"enemies":"Gremlin Nob","floor":11,"turns":8},{"damage":19,"enemies":"downfall:FleeingMerchant","floor":12,"turns":4},{"damage":0,"enemies":"Blue Slaver","floor":13,"turns":2},{"damage":12,"enemies":"3 Louse","floor":15,"turns":3},{"damage":43,"enemies":"SI_SHIV_ARCHETYPE","floor":16,"turns":7},{"damage":0,"enemies":"Chosen","floor":19,"turns":3},{"damage":13,"enemies":"Chosen","floor":20,"turns":7},{"damage":0,"enemies":"Shell Parasite","floor":21,"turns":4},{"damage":5,"enemies":"Snake Plant","floor":22,"turns":3},{"damage":1,"enemies":"downfall:FleeingMerchant","floor":23,"turns":4},{"damage":0,"enemies":"Book of Stabbing","floor":25,"turns":4},{"damage":0,"enemies":"Cultist and Chosen","floor":26,"turns":4},{"damage":19,"enemies":"Shelled Parasite and Fungi","floor":29,"turns":4},{"damage":12,"enemies":"Gremlin Leader","floor":31,"turns":5},{"damage":8,"enemies":"Centurion and Healer","floor":32,"turns":4},{"damage":72,"enemies":"DF_ARCHETYPE_CLAW","floor":33,"turns":8},{"damage":0,"enemies":"Orb Walker","floor":36,"turns":3},{"damage":0,"enemies":"3 Darklings","floor":37,"turns":5},{"damage":26,"enemies":"Giant Head","floor":40,"turns":7},{"damage":0,"enemies":"downfall:FleeingMerchant","floor":43,"turns":3},{"damage":13,"enemies":"Writhing Mass","floor":44,"turns":4},{"damage":32,"enemies":"Reptomancer","floor":45,"turns":5},{"damage":11,"enemies":"Sphere and 2 Shapes","floor":47,"turns":5},{"damage":36,"enemies":"Transient","floor":49,"turns":5},{"damage":38,"enemies":"IC_BLOCK_ARCHETYPE","floor":50,"turns":10},{"damage":59,"enemies":"downfall:CharBossMerchant","floor":52,"turns":8},{"damage":58,"enemies":"downfall:NeowBoss","floor":55,"turns":13},{"damage":84,"enemies":"downfall:NeowBossFinal","floor":56,"turns":10}],"seed_played":"2780721038257130959","potions_obtained":[{"floor":2,"key":"Explosive Potion"},{"floor":3,"key":"Guardian:BlockOnCardUsePotion"},{"floor":5,"key":"SmokeBomb"},{"floor":13,"key":"SkillPotion"}],"is_trial":false,"path_per_floor":["R","M","M","M","M","?","T","M","R","E","?","$","M","T","M","B",null,"R","M","?","M","M","$","T","E","M","?","R","M","?","E","M","B",null,"R","M","M","?","?","E","T","R","$","M","E","R","M","T","M","B",null,"E","$","R","B","B",null],"character_chosen":"THE_CHAMP","items_purchased":["hexamod:BolsterEngine","champ:BerserkersGuideToSlaughter","champ:CrookedStrike","Mummified Hand","ClockworkSouvenir","champ:GladiatorStyle","War Paint"],"campfire_rested":1,"item_purchase_floors":[12,12,23,43,43,43,53],"current_hp_per_floor":[90,90,87,87,87,87,87,85,85,71,63,59,59,59,62,29,90,90,90,87,87,82,90,90,90,90,90,90,86,86,90,90,67,90,100,100,100,100,100,100,100,100,100,100,88,88,92,102,76,78,110,81,81,110,106,67],"gold":44,"neow_bonus":"HUNDRED_GOLD","is_daily":false,"chose_seed":false,"campfire_upgraded":6,"win_rate":0.0,"timestamp":1612031012,"path_taken":["R","M","M","M","M","?","T","?","R","E","?","$","M","?","M","BOSS","R","M","?","M","M","$","T","E","M","?","R","M","?","E","M","BOSS","R","M","M","?","?","E","T","R","$","M","E","R","?","?","M","BOSS","E","$","R","BOSS","BOSS"],"items_purchased_type":["Relic","Relic","Card","Relic","Relic","Card","Relic"],"build_version":"2020-12-22","purchased_purges":2,"victory":true,"max_hp_per_floor":[90,90,90,90,90,90,90,90,90,90,90,90,90,90,90,90,90,90,90,90,90,90,90,90,90,90,90,90,90,90,90,90,90,90,100,100,100,100,100,100,100,100,100,100,100,100,100,110,110,110,110,110,110,110,110,110],"card_choices":[{"not_picked":["champ:ShieldSlam","champ:DefensiveShout"],"picked":"champ:FocusedDefense","floor":2},{"not_picked":["champ:EndlessRage","champ:StanceDance"],"picked":"champ:PerfectedStrike","floor":3},{"not_picked":["champ:TornadoPunch","champ:ShieldSlam"],"picked":"champ:FlashCut","floor":4},{"not_picked":["champ:FancyFootwork","champ:Haymaker"],"picked":"champ:BerserkersShout","floor":5},{"not_picked":["champ:SetATrap","champ:GutPunch"],"picked":"champ:DefensiveStyle","floor":8},{"not_picked":["champ:AdrenalArmor","champ:PerfectedStrike"],"picked":"champ:FanOfKnives","floor":10},{"not_picked":["champ:Backstep","champ:AdrenalArmor"],"picked":"champ:FancyFootwork","floor":11},{"not_picked":["champ:RecklessLeap","champ:FalseCounter"],"picked":"champ:StrikeOfGenius","floor":12},{"not_picked":["champ:BerserkersShout","champ:BladeFlurry"],"picked":"champ:Haymaker","floor":13},{"not_picked":["champ:PerfectedStrike","champ:RapidStrikes","champ:CrownThrow"],"picked":"SKIP","floor":15},{"not_picked":["champ:LastStand","champ:EnchantSword"],"picked":"champ:GladiatorForm","floor":16},{"not_picked":["champ:FaceSlap","champ:FlashCut"],"picked":"champ:AdrenalArmor","floor":19},{"not_picked":["champ:DefensiveShout","champ:Shatter+1"],"picked":"champ:Circumvent+1","floor":20},{"not_picked":["champ:ShieldSigil","champ:TornadoPunch+1"],"picked":"champ:Duel+1","floor":21},{"not_picked":["champ:Haymaker","champ:Duel"],"picked":"champ:RageSigil","floor":22},{"not_picked":["champ:FlashCut","champ:EndlessRage"],"picked":"champ:SetATrap+1","floor":23},{"not_picked":["champ:FancyFootwork","champ:RisingSlash"],"picked":"champ:DefensiveStyle+1","floor":25},{"not_picked":["champ:Shatter","champ:Backstep","champ:FanOfKnives+1"],"picked":"SKIP","floor":26},{"not_picked":["champ:Haymaker","champ:BladeFlurry","champ:CrookedStrike"],"picked":"SKIP","floor":29},{"not_picked":["champ:TripleStrike","champ:DefensiveStyle"],"picked":"champ:FocusedDefense","floor":31},{"not_picked":["champ:RageSigil","champ:Circumvent"],"picked":"champ:EndlessRage","floor":32},{"not_picked":["champ:CheapShot","champ:TripleStrike"],"picked":"champ:EnchantShield","floor":33},{"not_picked":["champ:Backstep","champ:PerfectedStrike","champ:TornadoPunch+1"],"picked":"SKIP","floor":36},{"not_picked":["champ:FanOfKnives","champ:TornadoPunch","champ:EndlessRage"],"picked":"SKIP","floor":37},{"not_picked":["expansioncontent:GuardianWhirl","expansioncontent:Hexaburn"],"picked":"expansioncontent:PrepareCrush","floor":38},{"not_picked":["champ:CrownThrow","champ:FaceSlap","champ:EnragedBash"],"picked":"SKIP","floor":40},{"not_picked":["champ:RisingSlash","champ:AdrenalArmor","champ:BladeFlurry+1"],"picked":"champ:FalseCounter","floor":43},{"not_picked":["champ:BladeFlurry","champ:RecklessLeap+1","champ:FlashCut+1","champ:GutPunch+1"],"picked":"SKIP","floor":44},{"not_picked":["champ:ShieldThrow","champ:FlashCut","champ:CrownThrow","champ:Backstep"],"picked":"SKIP","floor":45},{"not_picked":["champ:FocusedDefense+1","champ:BladeFlurry+1","champ:GladiatorForm","champ:Backstep"],"picked":"SKIP","floor":47},{"not_picked":["champ:CrownThrow","champ:CrookedStrike+1","champ:PerfectedStrike","champ:BerserkersShout"],"picked":"SKIP","floor":49},{"not_picked":["champ:Circumvent","champ:BerserkersShout","champ:EnGarde","champ:EndlessRage"],"picked":"SKIP","floor":52}],"player_experience":955817,"relics_obtained":[{"floor":7,"key":"champ:FightingForDummies"},{"floor":10,"key":"Blue Candle"},{"floor":11,"key":"CloakClasp"},{"floor":14,"key":"StrikeDummy"},{"floor":20,"key":"champ:BlackKnightHelmet"},{"floor":20,"key":"Mercury Hourglass"},{"floor":25,"key":"TungstenRod"},{"floor":31,"key":"hexamod:CandleOfCauterizing"},{"floor":40,"key":"sneckomod:BlankCard"},{"floor":41,"key":"Question Card"},{"floor":45,"key":"Turnip"},{"floor":48,"key":"Pear"},{"floor":52,"key":"Orichalcum"}],"event_choices":[{"damage_healed":0,"gold_gain":0,"player_choice":"Ignored","damage_taken":0,"max_hp_gain":0,"max_hp_loss":0,"event_name":"Vampires","floor":27,"gold_loss":0},{"damage_healed":0,"gold_gain":0,"player_choice":"Rummage","damage_taken":0,"relics_obtained":["WarpedTongs"],"max_hp_gain":0,"max_hp_loss":0,"event_name":"Accursed Blacksmith","floor":39,"gold_loss":0,"cards_obtained":["Pain"]}],"is_beta":false,"boss_relics":[{"not_picked":["Astrolabe","Coffee Dripper"],"picked":"Sozu"},{"not_picked":["Pandora\u0027s Box","champ:ChampionCrownUpgraded"],"picked":"Philosopher\u0027s Stone"}],"items_purged_floors":[12,23],"is_endless":false,"potions_floor_spawned":[2,3,5,13,20,22,29,36,44,45],"ascension_level":1}}