{"host":"vqgrg90fv56geajp","time":1612040653,"event":{"mods":["BaseMod","Colored Map","Colored Powertips","Minty Spire (QoL Compilation)","Quick Restart","Rare Cards Sparkle","Relic Stats"],"gold_per_floor":[118,118,130,205,205,249,249,292,292,312,312,162,177,197,197,296,296,314,330,330,60,75,114,114,114],"floor_reached":24,"language":"ENG","playtime":1565,"items_purged":["Regret"],"score":452,"play_id":"a004f35a-fd0c-4935-87b7-3fae17c0d1a2","local_time":"20210130230413","is_ascension_mode":true,"campfire_choices":[{"floor":7,"key":"REST"},{"data":"Noxious Fumes","floor":11,"key":"SMITH"},{"floor":15,"key":"REST"}],"circlet_count":0,"master_deck":["AscendersBane","Strike_G","Strike_G","Defend_G","Defend_G","Defend_G","Defend_G","Defend_G","Survivor","Neutralize","Noxious Fumes+1","Bane","Poisoned Stab","Doubt","PiercingWail","Footwork","PiercingWail","PiercingWail","Night Terror","Bouncing Flask+1","Adrenaline+1","Dagger Throw+1","Deadly Poison+1","Backflip","Tools of the Trade","Infinite Blades","Underhanded Strike","Noxious Fumes","Accuracy"],"relics":["Cursed Key","Meat on the Bone","Golden Idol","Mummified Hand","Kunai","Happy Flower","Astrolabe","Lee\u0027s Waffle","Omamori"],"acts_visited":["Exordium","TheCity"],"potions_floor_usage":[8,8,16,19],"damage_taken":[{"damage":2,"enemies":"Cultist","floor":1,"turns":5},{"damage":10,"enemies":"Jaw Worm","floor":3,"turns":6},{"damage":21,"enemies":"3 Sentries","floor":6,"turns":9},{"damage":29,"enemies":"Gremlin Nob","floor":8,"turns":4},{"damage":0,"enemies":"Small Slimes","floor":10,"turns":5},{"damage":12,"enemies":"Exordium Thugs","floor":13,"turns":4},{"damage":2,"enemies":"Lots of Slimes","floor":14,"turns":4},{"damage":55,"enemies":"Slime Boss","floor":16,"turns":15},{"damage":0,"enemies":"Spheric Guardian","floor":18,"turns":3},{"damage":17,"enemies":"2 Thieves","floor":19,"turns":4},{"damage":39,"enemies":"Cultist and Chosen","floor":22,"turns":8},{"damage":36,"enemies":"Book of Stabbing","floor":23,"turns":5},{"damage":26,"enemies":"Centurion and Healer","floor":24,"turns":3}],"seed_played":"1415688337172136177","potions_obtained":[{"floor":3,"key":"DuplicationPotion"},{"floor":6,"key":"DistilledChaos"},{"floor":13,"key":"DuplicationPotion"},{"floor":18,"key":"LiquidMemories"}],"is_trial":false,"path_per_floor":["M","?","M","?","?","E","R","E","T","M","R","$","M","M","R","B",null,"M","M","?","$","M","E","M"],"character_chosen":"THE_SILENT","items_purchased":["Footwork","Lee\u0027s Waffle","Infinite Blades","Underhanded Strike"],"campfire_rested":2,"item_purchase_floors":[12,21,21,21],"current_hp_per_floor":[57,57,47,36,36,27,45,28,28,40,40,40,40,38,56,13,48,48,31,31,67,40,16,0,0],"gold":114,"neow_bonus":"BOSS_RELIC","is_daily":false,"chose_seed":false,"campfire_upgraded":1,"win_rate":0.0,"timestamp":1612040653,"path_taken":["M","?","M","?","?","E","R","E","T","M","R","$","?","M","R","BOSS","M","?","?","$","M","E","M"],"items_purchased_type":["Card","Relic","Card","Card"],"build_version":"2020-12-22","purchased_purges":1,"victory":false,"max_hp_per_floor":[66,66,66,66,60,60,60,60,60,60,60,60,60,60,60,60,60,60,60,60,67,67,67,67,67],"relic_stats":{"Lee\u0027s Waffle":36,"Happy Flower":[17],"counters":[13,75],"Golden Idol":67,"Mummified Hand":[25],"Astrolabe":["Bouncing Flask","Adrenaline","Dagger Throw"],"Kunai":[14],"Cursed Key":1,"obtain_stats":[{"Lee\u0027s Waffle":21,"Happy Flower":9,"Golden Idol":5,"Mummified Hand":6,"Astrolabe":17,"Omamori":23,"Kunai":8,"Cursed Key":0,"Ring of the Snake":0,"Meat on the Bone":2},{"Lee\u0027s Waffle":10,"Happy Flower":4,"Golden Idol":2,"Mummified Hand":3,"Astrolabe":8,"Omamori":12,"Kunai":4,"Cursed Key":0,"Ring of the Snake":0,"Meat on the Bone":1},{"Lee\u0027s Waffle":59,"Happy Flower":24,"Golden Idol":11,"Mummified Hand":20,"Astrolabe":52,"Omamori":72,"Kunai":24,"Cursed Key":0,"Ring of the Snake":0,"Meat on the Bone":5}],"Meat on the Bone":84},"card_choices":[{"not_picked":["Flying Knee","Slice"],"picked":"Noxious Fumes","floor":1},{"not_picked":["Deflect","Dodge and Roll"],"picked":"Bane","floor":3},{"not_picked":["Outmaneuver","Setup"],"picked":"Poisoned Stab","floor":6},{"not_picked":["Cloak And Dagger","Sucker Punch","Flechettes"],"picked":"SKIP","floor":8},{"not_picked":["Leg Sweep","Slice"],"picked":"PiercingWail","floor":10},{"not_picked":["Predator","Dash"],"picked":"PiercingWail","floor":13},{"not_picked":["Cloak And Dagger","Endless Agony"],"picked":"PiercingWail","floor":14},{"not_picked":["A Thousand Cuts","Unload"],"picked":"Night Terror","floor":16},{"not_picked":["Sucker Punch","Predator"],"picked":"Deadly Poison+1","floor":18},{"not_picked":["Distraction","Quick Slash"],"picked":"Backflip","floor":19},{"not_picked":["Cloak And Dagger","All Out Attack"],"picked":"Noxious Fumes","floor":22},{"not_picked":["Poisoned Stab","Choke"],"picked":"Accuracy","floor":23}],"player_experience":2519517,"relics_obtained":[{"floor":6,"key":"Mummified Hand"},{"floor":8,"key":"Kunai"},{"floor":9,"key":"Happy Flower"},{"floor":23,"key":"Omamori"}],"event_choices":[{"damage_healed":0,"gold_gain":0,"player_choice":"Box","damage_taken":0,"relics_obtained":["Meat on the Bone"],"max_hp_gain":0,"max_hp_loss":0,"event_name":"Big Fish","floor":2,"gold_loss":0,"cards_obtained":["Regret"]},{"damage_healed":0,"gold_gain":75,"player_choice":"Gather Gold","damage_taken":11,"max_hp_gain":0,"max_hp_loss":0,"event_name":"World of Goop","floor":4,"gold_loss":0},{"damage_healed":0,"gold_gain":0,"player_choice":"Lose Max HP","damage_taken":0,"relics_obtained":["Golden Idol"],"max_hp_gain":0,"max_hp_loss":6,"event_name":"Golden Idol","floor":5,"gold_loss":0},{"damage_healed":0,"gold_gain":0,"player_choice":"Read","damage_taken":0,"max_hp_gain":0,"max_hp_loss":0,"event_name":"The Library","floor":20,"gold_loss":0,"cards_obtained":["Tools of the Trade"]}],"is_beta":false,"boss_relics":[{"not_picked":["WristBlade","HoveringKite"],"picked":"Astrolabe"}],"items_purged_floors":[12],"is_endless":false,"potions_floor_spawned":[3,6,13,18],"killed_by":"Centurion and Healer","ascension_level":20}}