{"host":"5jdby9iqu3ct6557","time":1612038435,"event":{"mods":["BaseMod","DeckTracker","Highlight Path","Minty Spire (QoL Compilation)","Relic Stats","StSLib"],"gold_per_floor":[119,135,135,151,0,26,26,52,52,83,83,98,98,117,117,194,194,207,122,122,122,134,134,59,90,90,90,90,90,118,135,135,206,206,223,240,260,150,167,200,200,234,234,234,261,261,292,308,308,308,308,308,308,12,12,12],"floor_reached":55,"language":"ENG","playtime":10696,"items_purged":["Defend_B"],"score":2232,"play_id":"1ca009b3-4bc6-499d-8d93-69e81aad46ec","local_time":"20210130152715","is_ascension_mode":true,"campfire_choices":[{"data":"Zap","floor":7.0,"key":"SMITH"},{"floor":11.0,"key":"REST"},{"data":"Loop","floor":13.0,"key":"SMITH"},{"data":"Hyperbeam","floor":15.0,"key":"SMITH"},{"floor":23.0,"key":"REST"},{"data":"Capacitor","floor":27,"key":"SMITH"},{"data":"Rainbow","floor":29,"key":"SMITH"},{"floor":32,"key":"REST"},{"floor":41,"key":"RECALL"},{"data":"Biased Cognition","floor":44,"key":"SMITH"},{"floor":49,"key":"REST"},{"floor":53,"key":"REST"}],"circlet_count":0,"master_deck":["AscendersBane","Defend_B","Defend_B","Defend_B","Zap+1","Dualcast","Loop+1","Sunder+1","Conserve Battery","Rainbow+1","Rip and Tear","Hyperbeam+1","Coolheaded","Electrodynamics+1","Chill","Meteor Strike","Glacier","Capacitor+1","All For One","Biased Cognition+1","Coolheaded+1","Self Repair","Compile Driver","Force Field","Lockon+1","Chaos+1"],"relics":["Cracked Core","Blood Vial","Calipers","Question Card","Shuriken","Snecko Eye","White Beast Statue","Bottled Lightning","Incense Burner","Cursed Key","Lantern","Letter Opener","Strawberry","The Courier","OrangePellets"],"acts_visited":["Exordium","TheCity","TheBeyond","TheEnding"],"potions_floor_usage":[30,30,33,33,42,42,50,51,55],"damage_taken":[{"damage":1.0,"enemies":"2 Louse","floor":1.0,"turns":3.0},{"damage":1.0,"enemies":"Cultist","floor":2.0,"turns":3.0},{"damage":1.0,"enemies":"Small Slimes","floor":4.0,"turns":3.0},{"damage":23.0,"enemies":"Lagavulin","floor":6.0,"turns":6.0},{"damage":4.0,"enemies":"3 Sentries","floor":8.0,"turns":7.0},{"damage":23.0,"enemies":"Lagavulin","floor":10.0,"turns":5.0},{"damage":0.0,"enemies":"2 Fungi Beasts","floor":12.0,"turns":1.0},{"damage":2.0,"enemies":"Large Slime","floor":14.0,"turns":3.0},{"damage":43.0,"enemies":"Slime Boss","floor":16.0,"turns":8.0},{"damage":17.0,"enemies":"Shell Parasite","floor":18.0,"turns":4.0},{"damage":2.0,"enemies":"3 Byrds","floor":22.0,"turns":4.0},{"damage":0,"enemies":"Gremlin Leader","floor":25,"turns":4},{"damage":46,"enemies":"Book of Stabbing","floor":30,"turns":6},{"damage":2,"enemies":"Centurion and Healer","floor":31,"turns":6},{"damage":3,"enemies":"Automaton","floor":33,"turns":8},{"damage":0,"enemies":"3 Shapes","floor":35,"turns":4},{"damage":0,"enemies":"Orb Walker","floor":36,"turns":4},{"damage":0,"enemies":"3 Darklings","floor":37,"turns":3},{"damage":1,"enemies":"Sphere and 2 Shapes","floor":39,"turns":3},{"damage":12,"enemies":"Reptomancer","floor":40,"turns":5},{"damage":0,"enemies":"Giant Head","floor":42,"turns":5},{"damage":23,"enemies":"Reptomancer","floor":45,"turns":4},{"damage":20,"enemies":"Nemesis","floor":47,"turns":7},{"damage":35,"enemies":"Spire Growth","floor":48,"turns":5},{"damage":35,"enemies":"Time Eater","floor":50,"turns":9},{"damage":0,"enemies":"Donu and Deca","floor":51,"turns":8},{"damage":101,"enemies":"Shield and Spear","floor":55,"turns":5}],"seed_played":"5940867524078836880","potions_obtained":[{"floor":4.0,"key":"AttackPotion"},{"floor":6.0,"key":"Fruit Juice"},{"floor":8.0,"key":"Energy Potion"},{"floor":12.0,"key":"PowerPotion"},{"floor":14.0,"key":"Regen Potion"},{"floor":22.0,"key":"DistilledChaos"},{"floor":25,"key":"EssenceOfSteel"},{"floor":30,"key":"Fire Potion"},{"floor":31,"key":"Strength Potion"},{"floor":33,"key":"FocusPotion"},{"floor":35,"key":"ColorlessPotion"},{"floor":37,"key":"SneckoOil"},{"floor":40,"key":"PowerPotion"},{"floor":42,"key":"DuplicationPotion"},{"floor":45,"key":"BlessingOfTheForge"},{"floor":48,"key":"FocusPotion"}],"is_trial":false,"path_per_floor":["M","M","?","M","$","E","R","E","T","E","R","M","R","M","R","B",null,"M","?","?","?","M","R","?","E","T","R","?","R","E","M","R","B",null,"M","M","M","?","M","E","R","E","T","R","E","?","E","M","R","B","B",null,"R","$","E"],"character_chosen":"DEFECT","items_purchased":["Rainbow","OrangePellets","DuplicationPotion","SkillPotion"],"campfire_rested":5,"item_purchase_floors":[5,54,54,54],"current_hp_per_floor":[63,62,62,61,61,38,38,36,36,15,36,38,38,43,43,17,61,46,46,24,24,24,48,48,50,50,50,50,50,6,6,30,29,68,70,72,74,74,75,72,72,81,81,81,65,70,59,33,59,33,42,77,88,88,0,0],"gold":12,"neow_bonus":"THREE_CARDS","is_daily":false,"chose_seed":false,"campfire_upgraded":6,"win_rate":0.0,"timestamp":1612038435,"path_taken":["M","M","?","M","?","E","R","E","T","E","R","M","R","?","R","BOSS","M","?","?","?","M","R","?","E","T","R","?","R","E","M","R","BOSS","M","M","M","?","?","E","R","E","T","R","E","?","E","M","R","BOSS","BOSS","R","$","E"],"items_purchased_type":["Card","Relic","Potion","Potion"],"build_version":"2020-12-22","purchased_purges":1,"victory":false,"max_hp_per_floor":[71,71,71,71,71,71,71,71,71,71,71,71,71,76,76,76,76,76,76,81,81,81,81,81,81,81,81,81,81,81,81,81,81,81,81,81,81,81,81,81,81,81,81,81,88,88,88,88,88,88,88,88,88,88,88,88],"relic_stats":{"Blood Vial":42,"OrangePellets":[1],"counters":[27,133],"Shuriken":[13],"Snecko Eye":[180,158,148,172],"Letter Opener":[111],"Question Card":19,"Cursed Key":0,"obtain_stats":[{"Lantern":40,"Calipers":8,"The Courier":47,"Incense Burner":30,"Letter Opener":42,"Question Card":9,"Cursed Key":34,"White Beast Statue":19,"Blood Vial":6,"OrangePellets":54,"Shuriken":10,"Strawberry":45,"Snecko Eye":17,"Bottled Lightning":25,"Cracked Core":0},{"Lantern":20,"Calipers":5,"The Courier":23,"Incense Burner":13,"Letter Opener":21,"Question Card":5,"Cursed Key":15,"White Beast Statue":10,"Blood Vial":4,"OrangePellets":26,"Shuriken":6,"Strawberry":22,"Snecko Eye":9,"Bottled Lightning":12,"Cracked Core":0},{"Lantern":90,"Calipers":22,"The Courier":106,"Incense Burner":57,"Letter Opener":95,"Question Card":22,"Cursed Key":71,"White Beast Statue":43,"Blood Vial":15,"OrangePellets":128,"Shuriken":27,"Strawberry":99,"Snecko Eye":39,"Bottled Lightning":51,"Cracked Core":0}]},"card_choices":[{"not_picked":["Steam","Turbo"],"picked":"Loop","floor":0.0},{"not_picked":["Beam Cell","Self Repair"],"picked":"Sunder","floor":1.0},{"not_picked":["Hologram","Gash"],"picked":"Conserve Battery","floor":2.0},{"not_picked":["Reinforced Body","Storm"],"picked":"Rip and Tear","floor":8.0},{"not_picked":["Heatsinks","Ball Lightning","Rebound"],"picked":"Hyperbeam","floor":10.0},{"not_picked":["Rip and Tear","Melter","Steam"],"picked":"Turbo","floor":12.0},{"not_picked":["Streamline","Aggregate","Stack"],"picked":"Coolheaded","floor":14.0},{"not_picked":["All For One","Creative AI","Amplify"],"picked":"Electrodynamics","floor":16.0},{"not_picked":["Storm","Reprogram","Rip and Tear"],"picked":"Chill","floor":18.0},{"not_picked":["Streamline","Stack","Reinforced Body"],"picked":"Capacitor","floor":22.0},{"not_picked":["Leap","Go for the Eyes","Gash"],"picked":"All For One","floor":31},{"not_picked":["Seek","All For One","Buffer"],"picked":"Biased Cognition","floor":33},{"not_picked":["Beam Cell","Steam+1","Recycle"],"picked":"Coolheaded+1","floor":35},{"not_picked":["Streamline+1","Go for the Eyes","Conserve Battery"],"picked":"Self Repair","floor":37},{"not_picked":["Streamline","BootSequence","Leap"],"picked":"Compile Driver","floor":39},{"not_picked":["Glacier+1","Scrape","Go for the Eyes+1"],"picked":"Force Field","floor":42},{"not_picked":["Recycle","Auto Shields+1","Ball Lightning+1"],"picked":"Lockon+1","floor":47},{"not_picked":["Stack","Darkness","Streamline"],"picked":"Chaos+1","floor":48}],"player_experience":2438689,"relics_obtained":[{"floor":6.0,"key":"Blood Vial"},{"floor":8.0,"key":"Calipers"},{"floor":9.0,"key":"Question Card"},{"floor":10.0,"key":"Shuriken"},{"floor":25,"key":"Bottled Lightning"},{"floor":30,"key":"Incense Burner"},{"floor":40,"key":"Lantern"},{"floor":42,"key":"Letter Opener"},{"floor":45,"key":"Strawberry"},{"floor":47,"key":"The Courier"}],"event_choices":[{"damage_healed":0.0,"max_hp_gain":0.0,"max_hp_loss":0.0,"gold_gain":0.0,"event_name":"Accursed Blacksmith","player_choice":"Forge","floor":3.0,"gold_loss":0.0,"damage_taken":0.0,"cards_upgraded":["Sunder"]},{"damage_healed":0.0,"max_hp_gain":0.0,"max_hp_loss":0.0,"gold_gain":0.0,"event_name":"Addict","player_choice":"Obtained Relic","floor":19.0,"gold_loss":85.0,"damage_taken":0.0,"relics_obtained":["White Beast Statue"]},{"damage_healed":0.0,"max_hp_gain":5.0,"max_hp_loss":0.0,"gold_gain":0.0,"event_name":"Forgotten Altar","player_choice":"Shed Blood","floor":20.0,"gold_loss":0.0,"damage_taken":27.0},{"damage_healed":0.0,"max_hp_gain":0.0,"max_hp_loss":0.0,"gold_gain":0.0,"cards_transformed":["Strike_B","Strike_B"],"event_name":"Drug Dealer","player_choice":"Became Test Subject","floor":21.0,"gold_loss":0.0,"damage_taken":0.0,"cards_obtained":["Meteor Strike","Glacier"]},{"cards_removed":["Strike_B"],"damage_healed":0.0,"max_hp_gain":0.0,"max_hp_loss":0.0,"gold_gain":0.0,"event_name":"Beggar","player_choice":"Gave Gold","floor":24.0,"gold_loss":75.0,"damage_taken":0.0},{"damage_healed":0,"gold_gain":0,"player_choice":"Ignored","damage_taken":0,"max_hp_gain":0,"max_hp_loss":0,"event_name":"The Mausoleum","floor":28,"gold_loss":0},{"cards_removed":["Strike_B"],"damage_healed":0,"gold_gain":0,"player_choice":"Upgrade and Remove","damage_taken":0,"max_hp_gain":0,"max_hp_loss":0,"event_name":"Designer","floor":38,"gold_loss":110,"cards_upgraded":["Electrodynamics"]},{"cards_removed":["Turbo"],"damage_healed":5,"gold_gain":0,"player_choice":"Offered Common","damage_taken":0,"max_hp_gain":0,"max_hp_loss":0,"event_name":"Bonfire Elementals","floor":46,"gold_loss":0},{"cards_removed":["Turbo"],"damage_healed":5,"gold_gain":0,"player_choice":"Offered Special","damage_taken":0,"max_hp_gain":0,"max_hp_loss":0,"event_name":"Bonfire Elementals","floor":46,"gold_loss":0}],"is_beta":false,"boss_relics":[{"not_picked":["Pandora\u0027s Box","Sozu"],"picked":"Snecko Eye"},{"not_picked":["Coffee Dripper","Busted Crown"],"picked":"Cursed Key"}],"items_purged_floors":[54],"is_endless":false,"potions_floor_spawned":[4,6,8,12,14,22,25,30,31,33,35,36,37,39,40,42,45,47,48],"killed_by":"Shield and Spear","ascension_level":20}}