{"host":"q6r63elxu27obe7v","time":1612015331,"event":{"mods":["BaseMod","DeckTracker","Keyboard Shortcuts","Minty Spire (QoL Compilation)","Permanent Neow","Quick Restart","StSLib","SuperFastMode","Swap Starting Deck Mod"],"gold_per_floor":[115,115,80,5,17,52,52,88,88,113,113,113,144,162,162,290,290,311,311,324,324,339,339,254,254,254,254,254,268,39,60,60,60,60],"floor_reached":33,"language":"KOR","playtime":1605,"items_purged":[],"score":288,"play_id":"fc5bd85f-0ff6-44e9-94a1-382c765d3d48","local_time":"20210130230211","is_ascension_mode":false,"campfire_choices":[{"floor":11,"key":"RECALL"},{"floor":15,"key":"REST"},{"floor":23,"key":"REST"},{"floor":25,"key":"REST"},{"data":"Adrenaline","floor":27,"key":"SMITH"},{"floor":32,"key":"REST"}],"circlet_count":0,"master_deck":["Strike_G+1","Strike_G+1","Strike_G+1","Strike_G+1","Defend_G+1","Defend_G+1","Defend_G+1","Defend_G+1","Neutralize+1","Blade Dance","Blade Dance","Finisher","Distraction","Backstab","Deflect","Adrenaline+1","Skewer+1","Finisher+1","Corpse Explosion","Slice","Backstab","Master of Strategy","Slice","Backstab"],"relics":["SlaversCollar","Question Card","Golden Idol","Ninja Scroll","Darkstone Periapt","Astrolabe","Smiling Mask","Calipers"],"acts_visited":["Exordium","TheCity"],"potions_floor_usage":[8,16,16,22,29,31],"damage_taken":[{"damage":11,"enemies":"Jaw Worm","floor":1,"turns":4},{"damage":2,"enemies":"2 Louse","floor":5,"turns":2},{"damage":15,"enemies":"Gremlin Nob","floor":6,"turns":4},{"damage":8,"enemies":"Lagavulin","floor":8,"turns":5},{"damage":0,"enemies":"Small Slimes","floor":10,"turns":2},{"damage":0,"enemies":"Gremlin Nob","floor":13,"turns":2},{"damage":8,"enemies":"Exordium Thugs","floor":14,"turns":2},{"damage":22,"enemies":"Hexaghost","floor":16,"turns":10},{"damage":5,"enemies":"3 Byrds","floor":18,"turns":3},{"damage":26,"enemies":"2 Thieves","floor":20,"turns":3},{"damage":17,"enemies":"Snecko","floor":22,"turns":6},{"damage":15,"enemies":"Snake Plant","floor":29,"turns":4},{"damage":12,"enemies":"Centurion and Healer","floor":31,"turns":3},{"damage":58,"enemies":"Collector","floor":33,"turns":7}],"seed_played":"-2822120612069974663","potions_obtained":[{"floor":1,"key":"LiquidBronze"},{"floor":13,"key":"SteroidPotion"},{"floor":14,"key":"AttackPotion"},{"floor":16,"key":"GamblersBrew"},{"floor":18,"key":"DuplicationPotion"},{"floor":20,"key":"Poison Potion"}],"is_trial":false,"path_per_floor":["M","?","?","$","M","E","?","E","T","M","R","?","E","M","R","B",null,"M","?","M","?","M","R","?","R","T","R","$","M","$","M","R","B"],"character_chosen":"THE_SILENT","items_purchased":["Finisher","Master of Strategy","Slice"],"campfire_rested":4,"item_purchase_floors":[4,30,30],"current_hp_per_floor":[59,59,70,70,68,53,36,28,28,28,28,28,28,20,41,19,70,65,65,39,39,22,43,43,64,64,64,64,49,49,37,58,0,0],"gold":60,"neow_bonus":"BOSS_RELIC","is_daily":false,"chose_seed":false,"campfire_upgraded":1,"win_rate":0.0,"timestamp":1612015331,"path_taken":["M","?","?","$","M","E","?","E","T","?","R","?","E","M","R","BOSS","M","?","?","?","M","R","?","R","T","R","$","M","?","M","R","BOSS"],"items_purchased_type":["Card","Card","Card"],"build_version":"2020-12-22","purchased_purges":0,"victory":false,"max_hp_per_floor":[70,70,70,70,70,70,70,70,70,70,70,70,70,70,70,70,70,70,70,70,70,70,70,70,70,70,70,70,70,70,70,70,70,70],"card_choices":[{"not_picked":["Dash","Tactician"],"picked":"Blade Dance","floor":1},{"not_picked":["Dash","Tactician"],"picked":"Blade Dance","floor":1},{"not_picked":["Well Laid Plans","Caltrops"],"picked":"Distraction","floor":5},{"not_picked":["PiercingWail","Burst"],"picked":"Backstab","floor":6},{"not_picked":["Poisoned Stab","Underhanded Strike","Acrobatics","Leg Sweep"],"picked":"SKIP","floor":8},{"not_picked":["Outmaneuver","Underhanded Strike","Calculated Gamble","Quick Slash"],"picked":"SKIP","floor":10},{"not_picked":["Underhanded Strike","Flechettes","PiercingWail","Dagger Throw"],"picked":"SKIP","floor":13},{"not_picked":["Distraction","Reflex","Outmaneuver"],"picked":"Deflect","floor":14},{"not_picked":["Envenom","Night Terror","Doppelganger"],"picked":"Adrenaline","floor":16},{"not_picked":["Underhanded Strike","Leg Sweep","Blur","Flying Knee+1"],"picked":"SKIP","floor":18},{"not_picked":["Endless Agony","Heel Hook","Deadly Poison","Tactician+1"],"picked":"SKIP","floor":20},{"not_picked":["PiercingWail+1","Acrobatics","Bane+1"],"picked":"Slice","floor":22},{"not_picked":["Slice","Terror","Flechettes"],"picked":"Backstab","floor":29},{"not_picked":["Slice+1","Endless Agony+1","Sucker Punch+1"],"picked":"Backstab","floor":31}],"player_experience":45414,"relics_obtained":[{"floor":6,"key":"Question Card"},{"floor":8,"key":"Ninja Scroll"},{"floor":13,"key":"Darkstone Periapt"},{"floor":26,"key":"Calipers"}],"event_choices":[{"damage_healed":0,"gold_gain":0,"player_choice":"Grow","damage_taken":0,"max_hp_gain":0,"max_hp_loss":0,"event_name":"Living Wall","floor":2,"gold_loss":0,"cards_upgraded":["Neutralize"]},{"damage_healed":17,"gold_gain":0,"player_choice":"Healed","damage_taken":0,"max_hp_gain":0,"max_hp_loss":0,"event_name":"The Cleric","floor":3,"gold_loss":35},{"damage_healed":0,"gold_gain":0,"player_choice":"Take Damage","damage_taken":17,"relics_obtained":["Golden Idol"],"max_hp_gain":0,"max_hp_loss":0,"event_name":"Golden Idol","floor":7,"gold_loss":0},{"damage_healed":0,"gold_gain":0,"player_choice":"Ignored","damage_taken":0,"max_hp_gain":0,"max_hp_loss":0,"event_name":"NoteForYourself","floor":12,"gold_loss":0},{"damage_healed":0,"gold_gain":0,"cards_transformed":["Tools of the Trade"],"player_choice":"Transformed","damage_taken":0,"max_hp_gain":0,"max_hp_loss":0,"event_name":"Transmorgrifier","floor":19,"gold_loss":0,"cards_obtained":["Corpse Explosion"]},{"damage_healed":0,"gold_gain":0,"player_choice":"Simplicity","damage_taken":0,"max_hp_gain":0,"max_hp_loss":0,"event_name":"Back to Basics","floor":21,"gold_loss":0,"cards_upgraded":["Strike_G","Strike_G","Strike_G","Strike_G","Defend_G","Defend_G","Defend_G","Defend_G"]},{"damage_healed":0,"gold_gain":0,"player_choice":"Obtained Relic","damage_taken":0,"relics_obtained":["Smiling Mask"],"max_hp_gain":0,"max_hp_loss":0,"event_name":"Addict","floor":24,"gold_loss":85}],"is_beta":false,"boss_relics":[{"not_picked":["Runic Pyramid","Ectoplasm"],"picked":"Astrolabe"}],"items_purged_floors":[],"is_endless":false,"potions_floor_spawned":[1,13,14,16,18,20],"killed_by":"Collector","ascension_level":0}}