{"host":"5v9rfzf5qju8k9wy","time":1612012807,"event":{"mods":["Act Like it!","Arknights The Spire","BaseMod","Gensokyo","Marisa£®ÏF”Í°°ƒß¿Ì…≥£©","Minty Spire (QoL Compilation)","Reimu£®≤©¿ˆ¡È√Œ£©","Remilia£®¿Ÿ√◊¿Ú—«£©","Replay The Spire","StSLib","The Administrix","Youmu£®ªÍ∆«—˝√Œ£©"],"gold_per_floor":[110,128,154,170,170,204,204,83,109,109,129,148,148,158,158,256,256,267,267,277,297,20,20,20],"floor_reached":23,"language":"ZHS","playtime":1973,"items_purged":["Defend_YM"],"score":203,"play_id":"e1f39af9-b055-4f78-b324-e78489800203","local_time":"20210130212007","is_ascension_mode":false,"campfire_choices":[{"floor":7.0,"key":"REST"},{"data":"PreachingAvici","floor":10.0,"key":"SMITH"},{"data":"Strike_YM","floor":15.0,"key":"PURGE"}],"circlet_count":0,"master_deck":["Strike_YM","Strike_YM","Strike_YM","Defend_YM","Defend_YM","Defend_YM","SlashOfPresentWorld","WheelOfPainOfLivingAndDead","LowerRealmReflectionSlash","SlashOfDepartureFromHesitation","PreachingAvici+1","SlashOfMeditation","AsuraSword","SwordExtraction","CherryBlossomFlashing","EchoesOfTheInclemencyOfAllBeings","Injury","HiganSword","HeavenSword","HumanKnowledgeSword+1","RapidSlash+1","LifeCuttingSword+1","ConstancyOfTheConventionalTruth","ConstancyOfTheConventionalTruth"],"relics":["HalfPhantom","Bronze Scales","Replay:Baseball","Gensokyo:CelestialsFlawlessClothing","Strawberry","Potion Belt","Oddly Smooth Stone","Painkiller Herb","Quantum Egg","Frozen Eye"],"acts_visited":["Gensokyo:Gensokyo","Gensokyo:Gensokyoer"],"potions_floor_usage":[],"damage_taken":[{"damage":2.0,"enemies":"Gensokyo:Gryphon","floor":1.0,"turns":3.0},{"damage":0.0,"enemies":"Gensokyo:2_Kodama","floor":2.0,"turns":3.0},{"damage":12.0,"enemies":"Gensokyo:Aya","floor":3.0,"turns":6.0},{"damage":4.0,"enemies":"Gensokyo:Python","floor":4.0,"turns":4.0},{"damage":17.0,"enemies":"Gensokyo:Aya","floor":6.0,"turns":6.0},{"damage":0.0,"enemies":"Gensokyo:2_Rabbits","floor":11.0,"turns":2.0},{"damage":0.0,"enemies":"Gensokyo:Kitsune","floor":12.0,"turns":3.0},{"damage":0.0,"enemies":"Gensokyo:LivingMonolith","floor":14.0,"turns":3.0},{"damage":27.0,"enemies":"Gensokyo:Kokoro","floor":16.0,"turns":11.0},{"damage":0.0,"enemies":"Gensokyo:CosmicMonolith","floor":18.0,"turns":3.0},{"damage":0.0,"enemies":"Gensokyo:Chomper","floor":20.0,"turns":3.0},{"damage":20,"enemies":"Gensokyo:Mirror_and_Dog","floor":21,"turns":3},{"damage":49,"enemies":"Gensokyo:Koishi","floor":23,"turns":6}],"seed_played":"7393829623369678461","potions_obtained":[{"floor":1.0,"key":"AttackPotion"},{"floor":2.0,"key":"EssenceOfSteel"},{"floor":3.0,"key":"Swift Potion"},{"floor":16.0,"key":"Explosive Potion"}],"is_trial":false,"path_per_floor":["M","M","?","M","?","E","R","$","T","R","M","M","?","M","R","B",null,"?","?","?","?","T","E"],"character_chosen":"YOUMU","items_purchased":["SwordExtraction","Quantum Egg","ConstancyOfTheConventionalTruth"],"campfire_rested":1,"item_purchase_floors":[8,22,22],"current_hp_per_floor":[58,58,46,42,24,14,38,38,38,38,38,38,38,38,38,11,82,82,82,82,62,62,13,13],"gold":20,"neow_bonus":"RANDOM_EVENT","is_daily":false,"chose_seed":false,"campfire_upgraded":1,"win_rate":0.0,"timestamp":1612012807,"path_taken":["M","M","?","?","?","E","R","?","T","R","?","M","?","M","R","BOSS","?","?","?","?","T","E"],"items_purchased_type":["Card","Relic","Card"],"build_version":"2020-12-22","purchased_purges":1,"victory":false,"max_hp_per_floor":[75,75,75,75,75,82,82,82,82,82,82,82,82,82,82,82,82,82,82,82,82,82,82,82],"card_choices":[{"not_picked":["SpiderLilyBurial","ConstancyOfTheConventionalTruth"],"picked":"LowerRealmReflectionSlash","floor":1.0},{"not_picked":["HumanGodSword","LotusPostureSlash"],"picked":"SlashOfDepartureFromHesitation","floor":2.0},{"not_picked":["GhostSword","ThoughtCuttingSword"],"picked":"PreachingAvici","floor":3.0},{"not_picked":["SlashOfDelusionalInnerEye","PhosphoricSlash"],"picked":"SlashOfMeditation","floor":4.0},{"not_picked":["CherryBlossomFlashing","HeavenlyHaloSlash"],"picked":"AsuraSword","floor":6.0},{"not_picked":["SpiritCuttingSword","PhosphoricSlash"],"picked":"CherryBlossomFlashing","floor":11.0},{"not_picked":["SlashOfMeditation","HesitationCuttingSword"],"picked":"EchoesOfTheInclemencyOfAllBeings","floor":12.0},{"not_picked":["SpiritCuttingSword","CherryBlossomFlashing"],"picked":"HiganSword","floor":14.0},{"not_picked":["VoidnessSword","ASingleThoughtAndInfiniteKalpas"],"picked":"HeavenSword","floor":16.0},{"not_picked":["HiganSword","SanzenSekai"],"picked":"HumanKnowledgeSword+1","floor":18.0},{"not_picked":["SlashOfDelusionalInnerEye","TwoHundredYojanaInOneSlash"],"picked":"RapidSlash+1","floor":20.0},{"not_picked":["PretaSword","HumanGodSword+1"],"picked":"LifeCuttingSword+1","floor":21}],"player_experience":106215,"relics_obtained":[{"floor":3.0,"key":"Replay:Baseball"},{"floor":6.0,"key":"Strawberry"},{"floor":9.0,"key":"Potion Belt"}],"event_choices":[],"is_beta":false,"boss_relics":[{"not_picked":["SacredBark","Empty Cage"],"picked":"Painkiller Herb"}],"items_purged_floors":[8],"is_endless":false,"potions_floor_spawned":[1,2,3,16],"killed_by":"Gensokyo:Koishi","ascension_level":0}}