{"host":"d61fcf2p3sjwe6yo","time":1612003262,"event":{"mods":["AchievementEnabler","BaseMod","Colored Map","Minty Spire (QoL Compilation)","StSLib","SuperFastMode"],"gold_per_floor":[116,135,149,149,167,167,167,207,207,221,235,235,254,288,288,378,378,392,407,407,126,140,184,184,205,205,249,249,265,165,290,290,386,386,410,410,149,162,175,175,209,232,258,281,325,348,387,437,437,437,437,437,437,5,36,36],"floor_reached":57,"language":"ENG","playtime":4040,"items_purged":["Grand Finale","Choke"],"score":2967,"play_id":"82a67c50-a30d-49a8-9a48-387fd9f42454","local_time":"20210130134102","is_ascension_mode":true,"campfire_choices":[{"data":"Skewer","floor":6.0,"key":"SMITH"},{"floor":12.0,"key":"REST"},{"data":"Malaise","floor":15.0,"key":"SMITH"},{"floor":24.0,"key":"REST"},{"data":"Apotheosis","floor":28.0,"key":"SMITH"},{"floor":32.0,"key":"REST"},{"floor":40.0,"key":"DIG"},{"floor":49.0,"key":"RECALL"},{"floor":53.0,"key":"REST"}],"circlet_count":0,"master_deck":["AscendersBane","Survivor","Cloak And Dagger","Skewer+1","Malaise+1","Blade Dance","After Image","Adrenaline","Leg Sweep","Malaise","Flying Knee","PiercingWail","All Out Attack","Venomology","Bouncing Flask","Well Laid Plans+1","Apotheosis+1","Accuracy","Backflip","Cloak And Dagger","Backflip","Acrobatics","Night Terror","Accuracy+1","Cloak And Dagger","Footwork","Blade Dance","After Image","Calculated Gamble+1","Backflip+1","Prepared","Concentrate","Prepared+1"],"relics":["Ring of the Snake","Omamori","Golden Idol","Ice Cream","Singing Bowl","Shovel","Dream Catcher","Pandora\u0027s Box","Regal Pillow","Prayer Wheel","Lantern","Tingsha","Bottled Lightning","HoveringKite","Chemical X","Blue Candle","Gremlin Horn","InkBottle","Question Card","Happy Flower","Bottled Tornado","Pear"],"acts_visited":["Exordium","TheCity","TheBeyond","TheEnding"],"potions_floor_usage":[56,56,56],"damage_taken":[{"damage":4.0,"enemies":"Jaw Worm","floor":1.0,"turns":8.0},{"damage":1.0,"enemies":"Small Slimes","floor":2.0,"turns":4.0},{"damage":4.0,"enemies":"Cultist","floor":3.0,"turns":4.0},{"damage":3.0,"enemies":"Exordium Thugs","floor":5.0,"turns":4.0},{"damage":7.0,"enemies":"Lagavulin","floor":8.0,"turns":6.0},{"damage":6.0,"enemies":"3 Louse","floor":10.0,"turns":3.0},{"damage":5.0,"enemies":"Large Slime","floor":11.0,"turns":6.0},{"damage":5.0,"enemies":"Red Slaver","floor":13.0,"turns":4.0},{"damage":1.0,"enemies":"Gremlin Nob","floor":14.0,"turns":3.0},{"damage":2.0,"enemies":"Hexaghost","floor":16.0,"turns":10.0},{"damage":13.0,"enemies":"2 Thieves","floor":18.0,"turns":4.0},{"damage":0.0,"enemies":"Chosen","floor":19.0,"turns":6.0},{"damage":14.0,"enemies":"Snake Plant","floor":22.0,"turns":5.0},{"damage":47.0,"enemies":"Slavers","floor":23.0,"turns":7.0},{"damage":9.0,"enemies":"Snecko","floor":25.0,"turns":5.0},{"damage":4.0,"enemies":"Book of Stabbing","floor":27.0,"turns":7.0},{"damage":0.0,"enemies":"Centurion and Healer","floor":29.0,"turns":4.0},{"damage":9.0,"enemies":"Colosseum Slavers","floor":31.0,"turns":4.0},{"damage":7.0,"enemies":"Colosseum Nobs","floor":31.0,"turns":4.0},{"damage":17.0,"enemies":"Collector","floor":33.0,"turns":10.0},{"damage":0.0,"enemies":"3 Shapes","floor":35.0,"turns":4.0},{"damage":2.0,"enemies":"Orb Walker","floor":38.0,"turns":3.0},{"damage":6.0,"enemies":"3 Darklings","floor":39.0,"turns":5.0},{"damage":0.0,"enemies":"Reptomancer","floor":41.0,"turns":4.0},{"damage":9.0,"enemies":"Jaw Worm Horde","floor":42.0,"turns":4.0},{"damage":10.0,"enemies":"Spire Growth","floor":44.0,"turns":3.0},{"damage":2.0,"enemies":"Nemesis","floor":45.0,"turns":5.0},{"damage":0.0,"enemies":"4 Shapes","floor":46.0,"turns":2.0},{"damage":0.0,"enemies":"Reptomancer","floor":47.0,"turns":4.0},{"damage":0.0,"enemies":"Awakened One","floor":50.0,"turns":11.0},{"damage":16.0,"enemies":"Time Eater","floor":51.0,"turns":11.0},{"damage":53.0,"enemies":"Shield and Spear","floor":55.0,"turns":6.0},{"damage":42,"enemies":"The Heart","floor":56,"turns":10}],"seed_played":"-8320992968902574659","potions_obtained":[{"floor":1.0,"key":"LiquidMemories"},{"floor":2.0,"key":"CunningPotion"},{"floor":13.0,"key":"CunningPotion"},{"floor":14.0,"key":"FearPotion"},{"floor":19.0,"key":"ColorlessPotion"},{"floor":22.0,"key":"SkillPotion"},{"floor":25.0,"key":"SkillPotion"},{"floor":33.0,"key":"CunningPotion"},{"floor":45.0,"key":"Dexterity Potion"},{"floor":46.0,"key":"AttackPotion"}],"is_trial":false,"path_per_floor":["M","M","M","?","M","R","?","E","T","M","M","R","M","E","R","B",null,"M","M","?","$","M","E","R","M","T","E","R","M","$","?","R","B",null,"M","?","$","M","M","R","E","M","T","M","E","M","E","?","R","B","B",null,"R","$","E","B",null],"character_chosen":"THE_SILENT","items_purchased":["Apotheosis","Chemical X","Footwork","Happy Flower","Bottled Tornado"],"campfire_rested":4,"item_purchase_floors":[21,37,37,54,54],"current_hp_per_floor":[55,54,50,27,24,24,24,19,19,13,8,28,25,26,26,24,60,47,49,45,45,45,24,62,53,53,49,49,51,51,35,76,59,76,78,78,78,76,74,74,74,65,65,59,57,59,61,61,61,61,45,83,98,98,57,15],"gold":36,"neow_bonus":"RANDOM_COMMON_RELIC","is_daily":false,"chose_seed":false,"campfire_upgraded":3,"win_rate":0.0,"timestamp":1612003262,"path_taken":["M","M","M","?","M","R","?","E","T","M","M","R","M","E","R","BOSS","M","?","?","$","?","E","R","M","T","E","R","M","$","?","R","BOSS","M","?","$","?","M","R","E","M","T","M","E","M","E","?","R","BOSS","BOSS","R","$","E","BOSS"],"items_purchased_type":["Card","Relic","Card","Relic","Relic"],"build_version":"2020-12-22","purchased_purges":2,"victory":true,"max_hp_per_floor":[66,66,66,66,66,66,66,68,68,68,68,68,70,72,72,72,72,72,74,74,74,76,78,78,78,78,78,78,80,80,80,82,82,82,84,84,84,84,88,88,88,88,88,92,92,94,96,96,96,96,96,96,98,98,110,110],"card_choices":[{"not_picked":["All Out Attack","Deadly Poison"],"picked":"Cloak And Dagger","floor":1.0},{"not_picked":["Quick Slash","Cloak And Dagger"],"picked":"Dagger Spray","floor":2.0},{"not_picked":["Concentrate","Flying Knee"],"picked":"Skewer","floor":3.0},{"not_picked":["Sucker Punch","Distraction","Skewer"],"picked":"SKIP","floor":5.0},{"not_picked":["Finisher","Quick Slash","Choke"],"picked":"Singing Bowl","floor":8.0},{"not_picked":["Blade Dance","Deadly Poison"],"picked":"Malaise","floor":10.0},{"not_picked":["Escape Plan","Dagger Throw"],"picked":"Blade Dance","floor":11.0},{"not_picked":["Sucker Punch","Infinite Blades","Tactician"],"picked":"Singing Bowl","floor":13.0},{"not_picked":["Dagger Throw","Dagger Spray","Prepared"],"picked":"Singing Bowl","floor":14.0},{"not_picked":["Wraith Form v2","Grand Finale"],"picked":"After Image","floor":16.0},{"not_picked":["Bane+1","Outmaneuver"],"picked":"Well Laid Plans+1","floor":18.0},{"not_picked":["Dagger Throw","Slice+1","Backstab"],"picked":"Singing Bowl","floor":19.0},{"not_picked":["Backstab","Dodge and Roll","Dagger Spray"],"picked":"Singing Bowl","floor":22.0},{"not_picked":["Venomology","Deadly Poison","Backstab"],"picked":"Singing Bowl","floor":23.0},{"not_picked":["Eviscerate","Backstab"],"picked":"Accuracy","floor":24.0},{"not_picked":["Cloak And Dagger","Slice"],"picked":"Backflip","floor":25.0},{"not_picked":["Prepared","Dagger Throw+1"],"picked":"Cloak And Dagger","floor":27.0},{"not_picked":["Endless Agony","Cloak And Dagger"],"picked":"Backflip","floor":29.0},{"not_picked":["Riddle With Holes+1","Deadly Poison+1","Cloak And Dagger"],"picked":"Singing Bowl","floor":29.0},{"not_picked":["Deadly Poison","Setup"],"picked":"Acrobatics","floor":31.0},{"not_picked":["Glass Knife","Poisoned Stab","Sucker Punch"],"picked":"Singing Bowl","floor":32.0},{"not_picked":["Doppelganger","A Thousand Cuts"],"picked":"Night Terror","floor":33.0},{"not_picked":["Dodge and Roll+1","Underhanded Strike"],"picked":"Accuracy+1","floor":35.0},{"not_picked":["Infinite Blades+1","Predator","Dodge and Roll"],"picked":"Singing Bowl","floor":35.0},{"not_picked":["Slice","Bouncing Flask"],"picked":"Blade Dance","floor":38.0},{"not_picked":["Cloak And Dagger","Deadly Poison"],"picked":"After Image","floor":38.0},{"not_picked":["Quick Slash","Prepared","Leg Sweep"],"picked":"Singing Bowl","floor":39.0},{"not_picked":["Prepared","Bouncing Flask+1","Backflip"],"picked":"Singing Bowl","floor":39.0},{"not_picked":["Distraction","Slice"],"picked":"Calculated Gamble+1","floor":41.0},{"not_picked":["Terror","Leg Sweep"],"picked":"Backflip+1","floor":42.0},{"not_picked":["Crippling Poison","Dodge and Roll+1"],"picked":"Prepared","floor":42.0},{"not_picked":["Prepared","Dagger Spray","Finisher"],"picked":"Singing Bowl","floor":44.0},{"not_picked":["Bullet Time","Riddle With Holes","Deflect"],"picked":"Singing Bowl","floor":44.0},{"not_picked":["Dodge and Roll","Underhanded Strike"],"picked":"Concentrate","floor":45.0},{"not_picked":["Flechettes","Tactician","Backflip+1"],"picked":"Singing Bowl","floor":46.0},{"not_picked":["Dagger Throw","Expertise"],"picked":"Prepared+1","floor":46.0},{"not_picked":["Blade Dance","Backflip+1","Escape Plan"],"picked":"Singing Bowl","floor":47.0},{"not_picked":["PiercingWail","Dodge and Roll+1","Skewer","Die Die Die"],"picked":"Singing Bowl","floor":53.0},{"not_picked":["PiercingWail","Concentrate","Quick Slash","Cloak And Dagger"],"picked":"Singing Bowl","floor":55.0}],"player_experience":231762,"relics_obtained":[{"floor":8.0,"key":"Singing Bowl"},{"floor":9.0,"key":"Shovel"},{"floor":14.0,"key":"Dream Catcher"},{"floor":23.0,"key":"Regal Pillow"},{"floor":26.0,"key":"Prayer Wheel"},{"floor":27.0,"key":"Lantern"},{"floor":31.0,"key":"Tingsha"},{"floor":31.0,"key":"Bottled Lightning"},{"floor":40.0,"key":"Blue Candle"},{"floor":41.0,"key":"Gremlin Horn"},{"floor":45.0,"key":"InkBottle"},{"floor":47.0,"key":"Question Card"},{"floor":55.0,"key":"Pear"}],"event_choices":[{"damage_healed":0.0,"max_hp_gain":0.0,"max_hp_loss":0.0,"gold_gain":0.0,"event_name":"Golden Idol","player_choice":"Take Damage","floor":4.0,"gold_loss":0.0,"damage_taken":23.0,"relics_obtained":["Golden Idol"]},{"cards_removed":["Dagger Spray"],"damage_healed":0.0,"max_hp_gain":0.0,"max_hp_loss":0.0,"gold_gain":0.0,"event_name":"WeMeetAgain","player_choice":"Gave Card","floor":7.0,"gold_loss":0.0,"damage_taken":0.0,"relics_obtained":["Ice Cream"]},{"damage_healed":0.0,"max_hp_gain":0.0,"max_hp_loss":0.0,"gold_gain":0.0,"event_name":"The Woman in Blue","player_choice":"Bought 0 Potions","floor":20.0,"gold_loss":0.0,"damage_taken":0.0},{"damage_healed":0.0,"max_hp_gain":0.0,"max_hp_loss":0.0,"gold_gain":0.0,"event_name":"Colosseum","player_choice":"Fight","floor":31.0,"gold_loss":0.0,"damage_taken":0.0},{"damage_healed":0.0,"max_hp_gain":0.0,"max_hp_loss":0.0,"gold_gain":0.0,"event_name":"Colosseum","player_choice":"Fought Nobs","floor":31.0,"gold_loss":0.0,"damage_taken":0.0},{"damage_healed":0.0,"max_hp_gain":0.0,"max_hp_loss":0.0,"gold_gain":0.0,"cards_transformed":["Neutralize"],"event_name":"Transmorgrifier","player_choice":"Transformed","floor":36.0,"gold_loss":0.0,"damage_taken":0.0,"cards_obtained":["Cloak And Dagger"]},{"damage_healed":0.0,"max_hp_gain":0.0,"max_hp_loss":0.0,"gold_gain":50.0,"event_name":"Golden Shrine","player_choice":"Pray","floor":48.0,"gold_loss":0.0,"damage_taken":0.0}],"is_beta":false,"boss_relics":[{"not_picked":["WristBlade","Fusion Hammer"],"picked":"Pandora\u0027s Box"},{"not_picked":["Black Star","Astrolabe"],"picked":"HoveringKite"}],"items_purged_floors":[21,30],"is_endless":false,"potions_floor_spawned":[1,2,13,14,19,22,25,31,33,38,42,45,46],"ascension_level":20}}