{"host":"6xsbn6ynqlzwllfm","time":1612009317,"event":{"mods":["2.2 Compatiblity","BaseMod","Bestiary","Colored Map","Colored Powertips","Curses Come First","Highlight Path","Keyboard Shortcuts","Minty Spire (QoL Compilation)","Relic Stats","Slay the Relics Exporter","StSLib","SuperFastMode"],"gold_per_floor":[315,330,330,330,86,86,86],"floor_reached":6,"language":"ENG","playtime":138,"items_purged":["Strike_P"],"score":68,"play_id":"508f03dc-da4d-4f99-9cbd-1c262738f42a","local_time":"20210130072157","is_ascension_mode":true,"campfire_choices":[],"circlet_count":0,"master_deck":["AscendersBane","Strike_P","Strike_P","Defend_P","Defend_P","Defend_P","Defend_P","Eruption","Vigilance","FlurryOfBlows","Adaptation","MentalFortress"],"relics":["PureWater","Old Coin","Golden Idol","PreservedInsect"],"acts_visited":["Exordium"],"potions_floor_usage":[],"damage_taken":[{"damage":2,"enemies":"Small Slimes","floor":1,"turns":3},{"damage":1,"enemies":"2 Louse","floor":2,"turns":3},{"damage":71,"enemies":"3 Sentries","floor":6,"turns":7}],"seed_played":"-3154477557142201607","potions_obtained":[],"is_trial":false,"path_per_floor":["M","M","?","?","$","E"],"character_chosen":"WATCHER","items_purchased":["PreservedInsect"],"campfire_rested":0,"item_purchase_floors":[5],"current_hp_per_floor":[59,58,58,58,58,0,0],"gold":86,"neow_bonus":"ONE_RARE_RELIC","is_daily":false,"chose_seed":false,"campfire_upgraded":0,"win_rate":0.0,"timestamp":1612009317,"path_taken":["M","M","?","?","$","E"],"items_purchased_type":["Relic"],"build_version":"2020-12-22","purchased_purges":1,"victory":false,"max_hp_per_floor":[68,68,62,62,62,62,62],"relic_stats":{"counters":[3,13],"Golden Idol":0,"PreservedInsect":34,"obtain_stats":[{"Golden Idol":3,"PreservedInsect":5,"PureWater":0,"Old Coin":0},{"Golden Idol":2,"PreservedInsect":2,"PureWater":0,"Old Coin":0},{"Golden Idol":6,"PreservedInsect":6,"PureWater":0,"Old Coin":0}]},"card_choices":[{"not_picked":["JustLucky","ThirdEye"],"picked":"FlurryOfBlows","floor":1},{"not_picked":["JustLucky","WreathOfFlame"],"picked":"Adaptation","floor":2}],"player_experience":1276691,"relics_obtained":[],"event_choices":[{"damage_healed":0,"gold_gain":0,"player_choice":"Lose Max HP","damage_taken":0,"relics_obtained":["Golden Idol"],"max_hp_gain":0,"max_hp_loss":6,"event_name":"Golden Idol","floor":3,"gold_loss":0},{"damage_healed":0,"gold_gain":0,"cards_transformed":["Strike_P"],"player_choice":"Transformed","damage_taken":0,"max_hp_gain":0,"max_hp_loss":0,"event_name":"Transmorgrifier","floor":4,"gold_loss":0,"cards_obtained":["MentalFortress"]}],"is_beta":false,"boss_relics":[],"items_purged_floors":[5],"is_endless":false,"potions_floor_spawned":[],"killed_by":"3 Sentries","ascension_level":20}}