{"host":"nsc6ozq3atyrdr3m","time":1612038447,"event":{"mods":["BaseMod","Colored Map","Minty Spire (QoL Compilation)"],"gold_per_floor":[110,110,110,12,12,12,187,227,254,329,344,383,383,383,383,383,383],"floor_reached":16,"language":"FRA","playtime":256,"items_purged":["Regret"],"score":199,"play_id":"a090cd55-34f3-4363-a2d2-9dec953e6f64","local_time":"20210130212727","is_ascension_mode":true,"campfire_choices":[{"data":"Neutralize","floor":6,"key":"SMITH"},{"data":"Phantasmal Killer","floor":13,"key":"SMITH"},{"floor":15,"key":"REST"}],"circlet_count":0,"master_deck":["Strike_G","Strike_G","Strike_G","Strike_G","Defend_G","Defend_G","Defend_G","Defend_G","Defend_G","Survivor","Neutralize+1","Blur","Slice","Doubt","Phantasmal Killer+1","Acrobatics","Endless Agony"],"relics":["Ring of the Snake","NeowsBlessing","Meat on the Bone","Golden Idol","Ornamental Fan","Strawberry","Mango","Tingsha"],"acts_visited":["Exordium"],"potions_floor_usage":[12,12],"damage_taken":[{"damage":0,"enemies":"Cultist","floor":1,"turns":1},{"damage":0,"enemies":"Lagavulin","floor":8,"turns":1},{"damage":0,"enemies":"Small Slimes","floor":11,"turns":1},{"damage":38,"enemies":"Gremlin Nob","floor":12,"turns":6},{"damage":76,"enemies":"Slime Boss","floor":16,"turns":11}],"seed_played":"-6816456672126457298","potions_obtained":[{"floor":1,"key":"Regen Potion"},{"floor":8,"key":"Explosive Potion"}],"is_trial":false,"path_per_floor":["M","?","?","$","?","R","?","E","T","?","M","E","R","T","R","B"],"character_chosen":"THE_SILENT","items_purchased":["Slice"],"campfire_rested":1,"item_purchase_floors":[4],"current_hp_per_floor":[63,63,46,46,39,39,39,39,46,39,39,42,42,42,69,0,0],"gold":383,"neow_bonus":"THREE_ENEMY_KILL","is_daily":false,"chose_seed":false,"campfire_upgraded":2,"win_rate":0.0,"timestamp":1612038447,"path_taken":["M","?","?","$","?","R","?","E","T","?","?","E","R","?","R","BOSS"],"items_purchased_type":["Card"],"build_version":"2020-12-22","purchased_purges":1,"victory":false,"max_hp_per_floor":[70,70,70,70,70,70,70,70,77,77,77,91,91,91,91,91,91],"card_choices":[{"not_picked":["Outmaneuver","Backflip"],"picked":"Blur","floor":1},{"not_picked":["Calculated Gamble","Prepared"],"picked":"Phantasmal Killer","floor":8},{"not_picked":["Finisher","Masterful Stab"],"picked":"Acrobatics","floor":11},{"not_picked":["Dodge and Roll","Night Terror"],"picked":"Endless Agony","floor":12}],"player_experience":358916,"relics_obtained":[{"floor":8,"key":"Ornamental Fan"},{"floor":9,"key":"Strawberry"},{"floor":12,"key":"Mango"},{"floor":14,"key":"Tingsha"}],"event_choices":[{"damage_healed":0,"gold_gain":0,"player_choice":"Box","damage_taken":0,"relics_obtained":["Meat on the Bone"],"max_hp_gain":0,"max_hp_loss":0,"event_name":"Big Fish","floor":2,"gold_loss":0,"cards_obtained":["Regret"]},{"damage_healed":0,"gold_gain":0,"player_choice":"Take Damage","damage_taken":17,"relics_obtained":["Golden Idol"],"max_hp_gain":0,"max_hp_loss":0,"event_name":"Golden Idol","floor":3,"gold_loss":0},{"cards_removed":["Strike_G"],"damage_healed":0,"gold_gain":0,"player_choice":"Card Removal","damage_taken":7,"max_hp_gain":0,"max_hp_loss":0,"event_name":"Golden Wing","floor":5,"gold_loss":0},{"damage_healed":0,"gold_gain":175,"player_choice":"AGREE","damage_taken":0,"max_hp_gain":0,"max_hp_loss":0,"event_name":"Liars Game","floor":7,"gold_loss":0,"cards_obtained":["Doubt"]},{"damage_healed":0,"gold_gain":75,"player_choice":"Touch","damage_taken":7,"max_hp_gain":0,"max_hp_loss":0,"event_name":"FaceTrader","floor":10,"gold_loss":0}],"is_beta":false,"boss_relics":[],"items_purged_floors":[4],"is_endless":false,"potions_floor_spawned":[1,8],"killed_by":"Slime Boss","ascension_level":7}}