{"host":"75zx7uhsgygk98v8","time":1612030070,"event":{"mods":["BaseMod","Colored Map","Colored Powertips","Downfall","Googly Eyes","Highlight Path","Minty Spire (QoL Compilation)","StSLib"],"gold_per_floor":[99,111,127,142,292,309,309,309,309,309],"floor_reached":8,"language":"ENG","playtime":507,"items_purged":[],"score":50,"play_id":"c1b651a6-3d0d-4d4f-a51d-cc869344ebaf","local_time":"20210130120750","is_ascension_mode":true,"campfire_choices":[{"floor":1,"key":"RECALL"}],"circlet_count":0,"master_deck":["Guardian:Strike_Guardian","Guardian:Strike_Guardian","Guardian:Defend_Guardian","Guardian:Defend_Guardian","Guardian:Defend_Guardian","Guardian:CurlUp","Guardian:TwinSlam","Guardian:PrismaticBarrier+1","Guardian:Orbwalk+1","Guardian:ChargeCore","Guardian:Planning","Guardian:TimeBomb","downfall:Icky","Guardian:Gem_White"],"relics":["Astrolabe","Shovel"],"acts_visited":["Exordium"],"potions_floor_usage":[],"damage_taken":[{"damage":2,"enemies":"2 Louse","floor":2,"turns":5},{"damage":0,"enemies":"Small Slimes","floor":3,"turns":3},{"damage":1,"enemies":"Cultist","floor":4,"turns":4},{"damage":13,"enemies":"Gremlin Gang","floor":6,"turns":6},{"damage":71,"enemies":"Gremlin Nob","floor":8,"turns":5}],"seed_played":"1296472307468085252","potions_obtained":[{"floor":3,"key":"Regen Potion"}],"is_trial":false,"path_per_floor":["R","M","M","M","?","M","T","E"],"character_chosen":"GUARDIAN","items_purchased":[],"campfire_rested":0,"item_purchase_floors":[],"current_hp_per_floor":[80,78,78,77,77,64,64,0,0,0],"gold":309,"neow_bonus":"BOSS_RELIC","is_daily":false,"chose_seed":false,"campfire_upgraded":0,"win_rate":0.0,"timestamp":1612030070,"path_taken":["R","M","M","M","?","M","T","E"],"items_purchased_type":[],"build_version":"2020-12-22","purchased_purges":0,"victory":false,"max_hp_per_floor":[80,80,80,80,80,80,80,80,80,80],"card_choices":[{"not_picked":["Guardian:TemporalShield","Guardian:PiercingHide"],"picked":"Guardian:ChargeCore","floor":2},{"not_picked":["Guardian:Reroute","Guardian:ShieldCharger"],"picked":"Guardian:Planning","floor":3},{"not_picked":["Guardian:CrystalBeam","Guardian:Planning"],"picked":"Guardian:TimeBomb","floor":4},{"not_picked":["Guardian:SentryBeam","Guardian:TimeCapacitor"],"picked":"Guardian:Gem_White","floor":6}],"player_experience":1290279,"relics_obtained":[{"floor":7,"key":"Shovel"}],"event_choices":[],"is_beta":false,"boss_relics":[],"items_purged_floors":[],"is_endless":false,"potions_floor_spawned":[3],"killed_by":"Gremlin Nob","ascension_level":1}}