{"host":"v0mw6c8s9jqyt2m0","time":1612030135,"event":{"mods":["Astrologer","BaseMod","Hermit","Marisa????????","Minty Spire (QoL Compilation)","StSLib","The Cursed","The Disciple","The Gatherer","The Hierophant","The Servant 0.9.4"],"gold_per_floor":[114,129,140,160,175,209,224,224,224,236,116,116,127,160,160,259,259,271,290,310,186,204,204,237,37,62,62,81,81,100,135,135,236,286,300,312,45,45,45],"floor_reached":38,"language":"ENG","playtime":5480,"items_purged":["Doubt","Defend_S","Strike_S","Pain"],"score":557,"play_id":"352b4cb4-ee3a-4ce8-9111-7fceafaafb13","local_time":"20210130190855","is_ascension_mode":false,"campfire_choices":[{"data":"BestPractice","floor":8,"key":"SMITH"},{"data":"Foresight","floor":12,"key":"SMITH"},{"floor":15,"key":"RECALL"},{"data":"SilverBlades","floor":23,"key":"SMITH"},{"floor":29,"key":"REST"},{"floor":32,"key":"REST"}],"circlet_count":0,"master_deck":["Strike_S","Defend_S","Defend_S","Defend_S","KidneyShot","Exchange","Defy","Alleviate","DoubleEdge","Moonlight","BestPractice+1","Ricochet","Moonlight","FlawlessForm","Rearm+1","Misdirection","Foresight+1","Starlight","FloweringNight","Luminosity","SpecialFormula","SilverBlades+1","Solidify","BottledTime+1","LightFlow","Gouge","BottledTime+1","TheWorld","SurpressingFire"],"relics":["Uniform","Smiling Mask","InkBottle","Mango","Cursed Key","Toy Ornithopter","Anchor","Unceasing Top","Centennial Puzzle","Tiny House"],"acts_visited":["Exordium","TheCity","TheBeyond"],"potions_floor_usage":[6,13,16,16,22,22,28,38],"damage_taken":[{"damage":12,"enemies":"Cultist","floor":1,"turns":7},{"damage":0,"enemies":"Jaw Worm","floor":2,"turns":4},{"damage":6,"enemies":"Small Slimes","floor":3,"turns":4},{"damage":2,"enemies":"3 Louse","floor":4,"turns":4},{"damage":6,"enemies":"Red Slaver","floor":5,"turns":4},{"damage":3,"enemies":"Lagavulin","floor":6,"turns":7},{"damage":2,"enemies":"Looter","floor":7,"turns":2},{"damage":0,"enemies":"2 Fungi Beasts","floor":10,"turns":4},{"damage":0,"enemies":"Exordium Thugs","floor":13,"turns":4},{"damage":5,"enemies":"Gremlin Nob","floor":14,"turns":4},{"damage":0,"enemies":"Hexaghost","floor":16,"turns":10},{"damage":5,"enemies":"3 Byrds","floor":18,"turns":4},{"damage":7,"enemies":"Shell Parasite","floor":19,"turns":5},{"damage":16,"enemies":"Centurion and Healer","floor":20,"turns":5},{"damage":3,"enemies":"Cultist and Chosen","floor":22,"turns":5},{"damage":39,"enemies":"Slavers","floor":24,"turns":7},{"damage":25,"enemies":"3 Cultists","floor":28,"turns":6},{"damage":6,"enemies":"Centurion and Healer","floor":30,"turns":6},{"damage":48,"enemies":"Gremlin Leader","floor":31,"turns":6},{"damage":5,"enemies":"Champ","floor":33,"turns":8},{"damage":21,"enemies":"3 Darklings","floor":35,"turns":6},{"damage":20,"enemies":"3 Shapes","floor":36,"turns":4},{"damage":69,"enemies":"2 Orb Walkers","floor":38,"turns":5}],"seed_played":"994412145796276135","potions_obtained":[{"floor":1,"key":"DistilledChaos"},{"floor":2,"key":"Fire Potion"},{"floor":3,"key":"FairyPotion"},{"floor":7,"key":"Energy Potion"},{"floor":14,"key":"SpeedPotion"},{"floor":19,"key":"AttackPotion"},{"floor":20,"key":"SneckoOil"},{"floor":22,"key":"GamblersBrew"},{"floor":34,"key":"Ancient Potion"},{"floor":36,"key":"ColorlessPotion"}],"is_trial":false,"path_per_floor":["M","M","M","M","M","E","M","R","T","M","$","R","M","E","R","B",null,"M","M","M","$","M","R","E","$","T","?","M","R","M","E","R","B",null,"M","M","$","?"],"character_chosen":"THE_SERVANT","items_purchased":["Foresight","SilverBlades","Anchor","TheWorld","SurpressingFire"],"campfire_rested":2,"item_purchase_floors":[11,21,25,37,37],"current_hp_per_floor":[53,53,47,45,39,36,34,34,34,34,34,34,34,43,43,43,79,74,67,51,51,53,53,22,22,22,22,7,30,29,15,38,38,84,71,56,56,0,0],"gold":45,"neow_bonus":"TRANSFORM_TWO_CARDS","is_daily":false,"chose_seed":false,"campfire_upgraded":3,"win_rate":0.0,"timestamp":1612030135,"path_taken":["M","?","M","M","M","E","M","R","T","M","$","R","M","E","R","BOSS","M","M","M","$","M","R","E","$","T","?","M","R","M","E","R","BOSS","M","M","$","?"],"items_purchased_type":["Card","Card","Relic","Card","Card"],"build_version":"2020-12-22","purchased_purges":4,"victory":false,"max_hp_per_floor":[65,65,65,65,65,65,65,65,65,65,65,65,65,79,79,79,79,79,79,79,79,79,79,79,79,79,79,79,79,79,79,79,79,84,84,84,84,84,84],"card_choices":[{"not_picked":["Rearm","Collapse"],"picked":"DoubleEdge","floor":1},{"not_picked":["Reset","TimeWarp"],"picked":"Moonlight","floor":2},{"not_picked":["Luminosity","DoubleEdge"],"picked":"BestPractice","floor":3},{"not_picked":["DualDimension","StarChef"],"picked":"Ricochet","floor":4},{"not_picked":["DoubleEdge","Revamp"],"picked":"Moonlight","floor":5},{"not_picked":["Rearm","ShatteredReality"],"picked":"FlawlessForm","floor":6},{"not_picked":["Potential","Shuttle"],"picked":"Rearm","floor":7},{"not_picked":["Barrier","Revamp"],"picked":"Misdirection","floor":10},{"not_picked":["RealityMarble","Defy","StarChef"],"picked":"SKIP","floor":13},{"not_picked":["Ricochet","ReturningBlade"],"picked":"Starlight","floor":14},{"not_picked":["KillingDoll","FlawlessForm"],"picked":"FloweringNight","floor":16},{"not_picked":["Read","Rearm"],"picked":"Luminosity","floor":18},{"not_picked":["Replace","Unruled","Rewind+1"],"picked":"SKIP","floor":19},{"not_picked":["Read","ReturningBlade"],"picked":"SpecialFormula","floor":20},{"not_picked":["Advance","Barrier","Revamp+1"],"picked":"SKIP","floor":22},{"not_picked":["Replace","Alleviate"],"picked":"Solidify","floor":24},{"not_picked":["Starlight","Advance","Alleviate"],"picked":"SKIP","floor":28},{"not_picked":["Potential+1","Rearm"],"picked":"BottledTime+1","floor":30},{"not_picked":["Starlight","Ricochet","TimeWarp"],"picked":"SKIP","floor":31},{"not_picked":["ForgedInTime","FloweringNight"],"picked":"LightFlow","floor":33},{"not_picked":["Spin","Rewind"],"picked":"Gouge","floor":34},{"not_picked":["Spin","Revamp+1"],"picked":"BottledTime+1","floor":35},{"not_picked":["Collapse","Rearm+1","Gouge+1"],"picked":"SKIP","floor":36}],"player_experience":128196,"relics_obtained":[{"floor":6,"key":"Smiling Mask"},{"floor":9,"key":"InkBottle"},{"floor":14,"key":"Mango"},{"floor":24,"key":"Toy Ornithopter"},{"floor":31,"key":"Centennial Puzzle"}],"event_choices":[{"damage_healed":0,"gold_gain":0,"player_choice":"Opened","damage_taken":0,"relics_obtained":["Unceasing Top"],"max_hp_gain":0,"max_hp_loss":0,"event_name":"The Mausoleum","floor":27,"gold_loss":0},{"damage_healed":0,"gold_gain":0,"player_choice":"Fight","damage_taken":0,"max_hp_gain":0,"max_hp_loss":0,"event_name":"Mysterious Sphere","floor":38,"gold_loss":0}],"is_beta":false,"boss_relics":[{"not_picked":["Fusion Hammer","Runic Pyramid"],"picked":"Cursed Key"},{"not_picked":["Empty Cage","Velvet Choker"],"picked":"Tiny House"}],"items_purged_floors":[11,21,25,37],"is_endless":false,"potions_floor_spawned":[1,2,3,7,14,19,20,22,36],"killed_by":"2 Orb Walkers","ascension_level":0}}