{"host":"yecadp3kwkksam5a","time":1612009001,"event":{"mods":["BaseMod","Minty Spire (QoL Compilation)","StSLib","SuperFastMode","The Cursed"],"gold_per_floor":[211,211,50,62,62,89,89,122,149,149,183,183,199,213,213,311,311,325,250,250,1,16,16,16],"floor_reached":23,"language":"KOR","playtime":800,"items_purged":["Strike_P","Strike_P"],"score":411,"play_id":"3a86b409-b8da-437b-9714-f74b5085c050","local_time":"20210130211641","is_ascension_mode":true,"campfire_choices":[{"data":"Eruption","floor":7.0,"key":"SMITH"},{"data":"DevaForm","floor":10.0,"key":"SMITH"},{"data":"InnerPeace","floor":15,"key":"SMITH"}],"circlet_count":0,"master_deck":["AscendersBane","Strike_P","Defend_P","Defend_P","Defend_P","Eruption+1","Vigilance+1","Mayhem+1","Mayhem+1","Mayhem+1","Mayhem+1","Mayhem+1","FlurryOfBlows+1","Flash of Steel","Evaluate","DevaForm+1","InnerPeace+1","DevaForm","Fasting2+1","Mayhem+1"],"relics":["HolyWater","Bird Faced Urn","Lantern","Toy Ornithopter","Orichalcum","Art of War","Shuriken","StoneCalendar","DollysMirror"],"acts_visited":["TheCity"],"potions_floor_usage":[23],"damage_taken":[{"damage":2.0,"enemies":"Small Slimes","floor":1.0,"turns":4.0},{"damage":7.0,"enemies":"Jaw Worm","floor":4.0,"turns":3.0},{"damage":0.0,"enemies":"Lagavulin","floor":6.0,"turns":4.0},{"damage":12.0,"enemies":"3 Sentries","floor":8.0,"turns":6.0},{"damage":17,"enemies":"Gremlin Nob","floor":11,"turns":4},{"damage":3,"enemies":"2 Louse","floor":13,"turns":3},{"damage":14,"enemies":"Exordium Wildlife","floor":14,"turns":5},{"damage":27,"enemies":"Hexaghost","floor":16,"turns":7},{"damage":21,"enemies":"3 Byrds","floor":18,"turns":5},{"damage":30,"enemies":"2 Thieves","floor":22,"turns":4},{"damage":73,"enemies":"Slavers","floor":23,"turns":4}],"seed_played":"-6125037004751956780","potions_obtained":[{"floor":8.0,"key":"SteroidPotion"},{"floor":13,"key":"ColorlessPotion"},{"floor":14,"key":"Regen Potion"}],"is_trial":false,"path_per_floor":["M","?","$","M","?","E","R","E","T","R","E","?","M","M","R","B",null,"M","?","?","$","M","E"],"character_chosen":"WATCHER","items_purchased":["Flash of Steel","DollysMirror"],"campfire_rested":0,"item_purchase_floors":[3,21],"current_hp_per_floor":[70,56,56,59,56,66,66,66,66,66,55,48,57,55,55,40,64,57,57,57,57,45,0,0],"gold":16,"neow_bonus":"HUNDRED_GOLD","is_daily":false,"chose_seed":false,"campfire_upgraded":3,"win_rate":0.0,"timestamp":1612009001,"path_taken":["M","?","$","M","?","E","R","E","T","R","E","?","M","M","R","BOSS","M","?","?","$","?","E"],"items_purchased_type":["Card","Relic"],"build_version":"2020-12-22","purchased_purges":2,"victory":false,"max_hp_per_floor":[72,72,72,72,72,72,72,72,72,72,72,72,72,72,72,72,72,72,72,72,72,72,72,72],"card_choices":[{"not_picked":["EmptyFist","WreathOfFlame"],"picked":"FlurryOfBlows","floor":1.0},{"not_picked":["Collect","SandsOfTime"],"picked":"Evaluate","floor":4.0},{"not_picked":["FlurryOfBlows","FearNoEvil"],"picked":"DevaForm","floor":6.0},{"not_picked":["Tantrum","Protect","ClearTheMind"],"picked":"SKIP","floor":8.0},{"not_picked":["Crescendo","Consecrate","ClearTheMind"],"picked":"SKIP","floor":11},{"not_picked":["EmptyBody","Protect"],"picked":"InnerPeace","floor":13},{"not_picked":["Protect","WaveOfTheHand","LikeWater"],"picked":"SKIP","floor":14},{"not_picked":["Establishment","Judgement"],"picked":"DevaForm","floor":16},{"not_picked":["Consecrate","SashWhip+1"],"picked":"Fasting2+1","floor":18},{"not_picked":["BowlingBash","PathToVictory","SandsOfTime"],"picked":"SKIP","floor":22}],"player_experience":538908,"relics_obtained":[{"floor":6.0,"key":"Toy Ornithopter"},{"floor":8.0,"key":"Orichalcum"},{"floor":9.0,"key":"Art of War"},{"floor":11,"key":"Shuriken"}],"event_choices":[{"damage_healed":0.0,"max_hp_gain":0.0,"max_hp_loss":0.0,"gold_gain":0.0,"event_name":"Shining Light","player_choice":"Entered Light","floor":2.0,"gold_loss":0.0,"damage_taken":14.0,"cards_upgraded":["Vigilance","FlurryOfBlows"]},{"damage_healed":0.0,"max_hp_gain":0.0,"max_hp_loss":0.0,"gold_gain":0.0,"event_name":"Scrap Ooze","player_choice":"Success","floor":5.0,"gold_loss":0.0,"damage_taken":3.0,"relics_obtained":["Lantern"]},{"cards_removed":["Strike_P"],"damage_healed":0,"gold_gain":0,"player_choice":"Card Removal","damage_taken":7,"max_hp_gain":0,"max_hp_loss":0,"event_name":"Golden Wing","floor":12,"gold_loss":0},{"cards_removed":["Defend_P"],"damage_healed":0,"gold_gain":0,"player_choice":"Gave Gold","damage_taken":0,"max_hp_gain":0,"max_hp_loss":0,"event_name":"Beggar","floor":19,"gold_loss":75},{"damage_healed":0,"gold_gain":0,"player_choice":"Opened","damage_taken":0,"relics_obtained":["StoneCalendar"],"max_hp_gain":0,"max_hp_loss":0,"event_name":"The Mausoleum","floor":20,"gold_loss":0}],"is_beta":false,"boss_relics":[{"not_picked":["Philosopher\u0027s Stone","Tiny House"],"picked":"HolyWater"}],"items_purged_floors":[3,21],"is_endless":false,"potions_floor_spawned":[8,13,14,16,22],"killed_by":"Slavers","ascension_level":10}}