{"host":"7qqg3hyzrz6apiso","time":1612024318,"event":{"mods":["AchievementEnabler","BaseMod","Better Debug","Colored Map","Keyboard Shortcuts","Minty Spire (QoL Compilation)","Permanent Neow","Quick Restart","StSLib","SuperFastMode"],"gold_per_floor":[113,38,3,20,36,36,62,79,104,135,152,152,169,14,14,111,111,129,41,61,61,79,79,97,19,19,19,118,118,118],"floor_reached":29,"language":"KOR","playtime":1121,"items_purged":["Strike_B","Steam Power"],"score":259,"play_id":"0de60f4f-737f-4b7d-b354-df09fe3c8623","local_time":"20210131013158","is_ascension_mode":true,"campfire_choices":[{"data":"FTL","floor":6,"key":"SMITH"},{"floor":12,"key":"REST"},{"data":"Defragment","floor":15,"key":"SMITH"},{"floor":23,"key":"REST"},{"floor":27,"key":"REST"}],"circlet_count":0,"master_deck":["Zap","Dualcast","Core Surge+1","FTL+1","Conserve Battery","Defragment+1","Hologram","Coolheaded","Creative AI","Fission","Capacitor","Echo Form","Aggregate","Reprogram","Leap","Storm","Chill","Cold Snap"],"relics":["Cracked Core","MealTicket","Art of War","Whetstone","Membership Card","Pandora\u0027s Box","Blood Vial","Oddly Smooth Stone"],"acts_visited":["Exordium","TheCity"],"potions_floor_usage":[7,7,10,16,16,16,16,22,22],"damage_taken":[{"damage":12,"enemies":"Jaw Worm","floor":1,"turns":3},{"damage":11,"enemies":"Small Slimes","floor":4,"turns":4},{"damage":1,"enemies":"2 Louse","floor":5,"turns":3},{"damage":10,"enemies":"Gremlin Nob","floor":7,"turns":3},{"damage":8,"enemies":"Blue Slaver","floor":8,"turns":3},{"damage":8,"enemies":"Lagavulin","floor":10,"turns":7},{"damage":9,"enemies":"Lots of Slimes","floor":11,"turns":3},{"damage":3,"enemies":"Looter","floor":13,"turns":4},{"damage":17,"enemies":"Slime Boss","floor":16,"turns":7},{"damage":21,"enemies":"Chosen","floor":18,"turns":5},{"damage":23,"enemies":"Shell Parasite","floor":20,"turns":5},{"damage":24,"enemies":"Snecko","floor":22,"turns":7},{"damage":30,"enemies":"Shelled Parasite and Fungi","floor":24,"turns":7},{"damage":53,"enemies":"Book of Stabbing","floor":29,"turns":5}],"seed_played":"6102226642134175927","potions_obtained":[{"floor":1,"key":"AttackPotion"},{"floor":4,"key":"Weak Potion"},{"floor":8,"key":"ColorlessPotion"},{"floor":13,"key":"EntropicBrew"},{"floor":16,"key":"DistilledChaos"},{"floor":20,"key":"EssenceOfDarkness"}],"is_trial":false,"path_per_floor":["M","$","?","M","M","R","E","M","T","E","M","R","M","$","R","B",null,"M","$","M","?","M","R","M","$","T","R","?","E"],"character_chosen":"DEFECT","items_purchased":["Membership Card","Storm","Blood Vial"],"campfire_rested":3,"item_purchase_floors":[14,19,25],"current_hp_per_floor":[63,63,75,64,63,63,53,45,45,37,28,50,47,62,62,45,75,54,69,46,46,22,44,14,29,29,51,51,0,0],"gold":118,"neow_bonus":"ONE_RANDOM_RARE_CARD","is_daily":false,"chose_seed":false,"campfire_upgraded":2,"win_rate":0.0,"timestamp":1612024318,"path_taken":["M","$","?","M","M","R","E","M","T","E","M","R","M","$","R","BOSS","M","$","M","?","M","R","M","$","T","R","?","E"],"items_purchased_type":["Relic","Card","Relic"],"build_version":"2020-12-22","purchased_purges":2,"victory":false,"max_hp_per_floor":[75,75,75,75,75,75,75,75,75,75,75,75,75,75,75,75,75,75,75,75,75,75,75,75,75,75,75,75,75,75],"card_choices":[{"not_picked":["Aggregate","Tempest","Stack"],"picked":"SKIP","floor":1},{"not_picked":["Barrage","Sunder"],"picked":"FTL","floor":4},{"not_picked":["Compile Driver","BootSequence"],"picked":"Conserve Battery","floor":5},{"not_picked":["Rebound","Leap"],"picked":"Defragment","floor":7},{"not_picked":["Undo","Barrage"],"picked":"Hologram","floor":8},{"not_picked":["Redo","Fusion","Steam"],"picked":"SKIP","floor":10},{"not_picked":["Streamline","Ball Lightning"],"picked":"Coolheaded","floor":11},{"not_picked":["Barrage","Tempest","Streamline"],"picked":"SKIP","floor":13},{"not_picked":["Thunder Strike","Core Surge"],"picked":"Creative AI","floor":16},{"not_picked":["Redo","Streamline+1"],"picked":"Leap","floor":18},{"not_picked":["Doom and Gloom","Coolheaded"],"picked":"Chill","floor":20},{"not_picked":["Auto Shields","Redo+1"],"picked":"Cold Snap","floor":22},{"not_picked":["Steam+1","Leap","Turbo+1"],"picked":"SKIP","floor":24}],"player_experience":174410,"relics_obtained":[{"floor":7,"key":"MealTicket"},{"floor":9,"key":"Art of War"},{"floor":10,"key":"Whetstone"},{"floor":26,"key":"Oddly Smooth Stone"}],"event_choices":[{"damage_healed":18,"gold_gain":0,"player_choice":"Healed","damage_taken":0,"max_hp_gain":0,"max_hp_loss":0,"event_name":"The Cleric","floor":3,"gold_loss":35},{"cards_removed":["Steam Power"],"damage_healed":0,"gold_gain":0,"player_choice":"Elegance","damage_taken":0,"max_hp_gain":0,"max_hp_loss":0,"event_name":"Back to Basics","floor":21,"gold_loss":0},{"damage_healed":0,"gold_gain":99,"player_choice":"Stole From Cult","damage_taken":0,"max_hp_gain":0,"max_hp_loss":0,"event_name":"Nest","floor":28,"gold_loss":0}],"is_beta":false,"boss_relics":[{"not_picked":["Runic Pyramid","Cursed Key"],"picked":"Pandora\u0027s Box"}],"items_purged_floors":[2,19],"is_endless":false,"potions_floor_spawned":[1,4,8,13,16,20],"killed_by":"Book of Stabbing","ascension_level":2}}