{"host":"2pffx5rqbod9ds0c","time":1612041692,"event":{"mods":["BaseMod","Better Altar","Better Match","Better Note","Better Sensory Stone","Better Skull","Better Third Choice","Custom Start","Hubris","Minty Spire (QoL Compilation)","Quick Restart","Relic Stats","Robot Space Explorer","Spicy Shops","StSLib"],"gold_per_floor":[117,133,58,76,91,91,117,117,117,117,17,0,0,0,0],"floor_reached":14,"language":"ENG","playtime":337,"items_purged":["Strike_R","Strike_R"],"score":176,"play_id":"074f7dac-3ae8-4fbc-b34f-d207f538e6d8","local_time":"20210130132132","is_ascension_mode":true,"campfire_choices":[{"data":"Uppercut","floor":6,"key":"SMITH"},{"data":"Rampage","floor":8,"key":"SMITH"}],"circlet_count":0,"master_deck":["AscendersBane","Strike_R","Strike_R","Defend_R","Defend_R","Defend_R","Defend_R","Bash","Rampage+1","Shrug It Off","Uppercut+1","Cleave"],"relics":["Burning Blood","Blue Candle","hubris:TenFootPole","Bronze Scales"],"acts_visited":["Exordium"],"potions_floor_usage":[7],"damage_taken":[{"damage":2,"enemies":"Cultist","floor":1,"turns":4},{"damage":13,"enemies":"Small Slimes","floor":2,"turns":5},{"damage":3,"enemies":"2 Louse","floor":4,"turns":4},{"damage":9,"enemies":"Looter","floor":5,"turns":3},{"damage":49,"enemies":"3 Sentries","floor":7,"turns":13},{"damage":30,"enemies":"Gremlin Nob","floor":14,"turns":3}],"seed_played":"-2743342638968106179","potions_obtained":[{"floor":1,"key":"Dexterity Potion"},{"floor":2,"key":"Weak Potion"}],"is_trial":false,"path_per_floor":["M","M","$","M","M","R","E","R","T","?","$","?","T","E"],"character_chosen":"IRONCLAD","items_purchased":[],"campfire_rested":0,"item_purchase_floors":[],"current_hp_per_floor":[72,65,65,68,65,65,22,22,22,19,19,19,19,0,0],"gold":0,"neow_bonus":"THREE_CARDS","is_daily":false,"chose_seed":false,"campfire_upgraded":2,"win_rate":0.0,"timestamp":1612041692,"path_taken":["M","M","?","M","M","R","E","R","T","?","$","?","?","E"],"items_purchased_type":[],"build_version":"2020-12-22","purchased_purges":2,"victory":false,"max_hp_per_floor":[75,75,75,75,75,75,75,75,75,75,75,75,75,75,75],"relic_stats":{"counters":[6,32],"Blue Candle":[0],"Bronze Scales":[3],"obtain_stats":[{"Blue Candle":7,"Bronze Scales":13,"hubris:TenFootPole":9,"Burning Blood":0},{"Blue Candle":5,"Bronze Scales":5,"hubris:TenFootPole":5,"Burning Blood":0},{"Blue Candle":29,"Bronze Scales":29,"hubris:TenFootPole":29,"Burning Blood":0}],"Burning Blood":30},"card_choices":[{"not_picked":["Sever Soul","Wild Strike"],"picked":"Rampage","floor":0},{"not_picked":["Searing Blow","Evolve"],"picked":"Shrug It Off","floor":1},{"not_picked":["Body Slam","Perfected Strike","Sword Boomerang"],"picked":"SKIP","floor":2},{"not_picked":["Warcry","Entrench","Sword Boomerang"],"picked":"SKIP","floor":4},{"not_picked":["Armaments","Clothesline"],"picked":"Uppercut","floor":5},{"not_picked":["Twin Strike","Infernal Blade"],"picked":"Cleave","floor":7}],"player_experience":800833,"relics_obtained":[{"floor":7,"key":"Blue Candle"},{"floor":9,"key":"hubris:TenFootPole"},{"floor":13,"key":"Bronze Scales"}],"event_choices":[{"cards_removed":["Strike_R"],"damage_healed":0,"gold_gain":0,"player_choice":"Card Removal","damage_taken":7,"max_hp_gain":0,"max_hp_loss":0,"event_name":"Golden Wing","floor":10,"gold_loss":0},{"damage_healed":0,"gold_gain":0,"player_choice":"Left","damage_taken":0,"max_hp_gain":0,"max_hp_loss":0,"event_name":"betterThird:BetterGoop","floor":12,"gold_loss":17}],"is_beta":false,"boss_relics":[],"items_purged_floors":[3,11],"is_endless":false,"potions_floor_spawned":[1,2,4],"killed_by":"Gremlin Nob","ascension_level":20}}