{"host":"y1nstw52wejfnhs9","time":1612003156,"event":{"mods":["BaseMod","Bestiary","Better Note","Better Skull","Better Third Choice","Custom Start","Minty Spire (QoL Compilation)","Practice Mode","Replay The Spire","SOS???????","StSLib","SuperFastMode","The Bug Knight","The Forsaken","The Wild Card"],"gold_per_floor":[115,115,129,144,157,157,157,22,48,65,65,77,104,119,119,119,119],"floor_reached":16,"language":"ENG","playtime":416,"items_purged":[],"score":109,"play_id":"2936f617-0b75-44c7-ba1b-187a2bae33cb","local_time":"20210130023916","is_ascension_mode":true,"campfire_choices":[{"data":"Streamline","floor":6,"key":"SMITH"},{"data":"Self Repair","floor":11,"key":"SMITH"},{"data":"ReplayTheSpireMod:Omega Cannon","floor":15,"key":"SMITH"}],"circlet_count":0,"master_deck":["Strike_B+1","Strike_B+1","Defend_B","Defend_B","Defend_B","Defend_B","Zap","Dualcast","Streamline+1","Self Repair+1","Panic Button","Undo","ReplayTheSpireMod:Omega Cannon+1","Beam Cell","Defragment"],"relics":["Cracked Core","Whetstone","Prayer Wheel","ReplayTheSpireMod:TigerMarble"],"acts_visited":["Exordium"],"potions_floor_usage":[13,16],"damage_taken":[{"damage":0,"enemies":"2 Louse","floor":1,"turns":2},{"damage":0,"enemies":"Cultist","floor":3,"turns":3},{"damage":10,"enemies":"Small Slimes","floor":4,"turns":2},{"damage":38,"enemies":"Gremlin Gang","floor":5,"turns":4},{"damage":6,"enemies":"2 Fungi Beasts","floor":10,"turns":4},{"damage":15,"enemies":"Large Slime","floor":12,"turns":7},{"damage":21,"enemies":"3 Sentries","floor":13,"turns":8},{"damage":0,"enemies":"Blue Slaver","floor":14,"turns":2},{"damage":32,"enemies":"Slime Boss","floor":16,"turns":7}],"seed_played":"4454701725791656466","potions_obtained":[{"floor":4,"key":"Flashbang"},{"floor":10,"key":"Adrenaline Potion"},{"floor":14,"key":"LiquidBronze"}],"is_trial":false,"path_per_floor":["M","?","M","M","M","R","?","$","T","M","R","M","E","M","R","B"],"character_chosen":"DEFECT","items_purchased":["ReplayTheSpireMod:Fabricate Wheel"],"campfire_rested":0,"item_purchase_floors":[8],"current_hp_per_floor":[75,75,75,65,34,34,34,34,34,35,35,30,19,29,29,0,0],"gold":119,"neow_bonus":"THREE_CARDS","is_daily":false,"chose_seed":false,"campfire_upgraded":3,"win_rate":0.0,"timestamp":1612003156,"path_taken":["M","?","M","?","?","R","?","$","T","M","R","?","E","M","R","BOSS"],"items_purchased_type":["Card"],"build_version":"2020-12-22","purchased_purges":0,"victory":false,"max_hp_per_floor":[75,75,75,75,75,75,75,75,75,75,75,75,75,75,75,75,75],"card_choices":[{"not_picked":["Beam Cell","Cold Snap"],"picked":"Streamline","floor":0},{"not_picked":["Rebound","Streamline"],"picked":"Self Repair","floor":1},{"not_picked":["Self Repair","Sweeping Beam","Stack"],"picked":"SKIP","floor":3},{"not_picked":["ReplayTheSpireMod:Repulse","Reprogram","Streamline"],"picked":"SKIP","floor":4},{"not_picked":["Compile Driver","Fusion","Scrape"],"picked":"SKIP","floor":5},{"not_picked":["Heatsinks","Time Bomb"],"picked":"Panic Button","floor":10},{"not_picked":["Gash","Beam Cell","Redo"],"picked":"SKIP","floor":10},{"not_picked":["Redo","Go for the Eyes"],"picked":"Undo","floor":12},{"not_picked":["Gash","Redo","Conserve Battery"],"picked":"SKIP","floor":12},{"not_picked":["Scrape","BasicCrystalCard"],"picked":"ReplayTheSpireMod:Omega Cannon","floor":13},{"not_picked":["FTL","Sweeping Beam"],"picked":"Beam Cell","floor":14},{"not_picked":["Heatsinks","Sweeping Beam"],"picked":"Defragment","floor":14}],"player_experience":444039,"relics_obtained":[{"floor":9,"key":"Whetstone"},{"floor":13,"key":"ReplayTheSpireMod:TigerMarble"}],"event_choices":[{"cards_removed":["Strike_B"],"damage_healed":0,"gold_gain":0,"player_choice":"Offered Basic","damage_taken":0,"max_hp_gain":0,"max_hp_loss":0,"event_name":"Bonfire Elementals","floor":2,"gold_loss":0},{"cards_removed":["Strike_B"],"damage_healed":0,"gold_gain":0,"player_choice":"Purged","damage_taken":0,"max_hp_gain":0,"max_hp_loss":0,"event_name":"Purifier","floor":7,"gold_loss":0}],"is_beta":false,"boss_relics":[],"items_purged_floors":[],"is_endless":false,"potions_floor_spawned":[4,10,14],"killed_by":"Slime Boss","ascension_level":1}}