{"host":"uy3vg6glkp8m6iit","time":1612018157,"event":{"mods":["AchievementEnabler","BaseMod","Colored Map","DeckTracker","Highlight Path","Keyboard Shortcuts","Minty Spire (QoL Compilation)","Quick Restart","Random Character Button","Rare Cards Sparkle","Relic Stats","StSLib","everything is the same but u backflip on backflip"],"gold_per_floor":[16,29,43,43,13,13,13,13,89,104,139,139,169,201,201,275,275,294,314,15,15,30,30,57,107,107,107,121,152,152,2,2,78,78,95,95,112,16,32,32,32,66,93,105,121,21,54,67,67,67,67,67,19,51,51,51],"floor_reached":55,"language":"KOR","playtime":2680,"items_purged":["Strike_G","Strike_G"],"score":1334,"play_id":"914d82a0-5a37-4ebf-884b-040587fd5a2f","local_time":"20210130234917","is_ascension_mode":true,"campfire_choices":[{"data":"Dagger Spray","floor":6.0,"key":"SMITH"},{"data":"Noxious Fumes","floor":8.0,"key":"SMITH"},{"data":"Leg Sweep","floor":12.0,"key":"SMITH"},{"floor":15.0,"key":"REST"},{"data":"Neutralize","floor":23.0,"key":"SMITH"},{"floor":27.0,"key":"REST"},{"floor":30.0,"key":"REST"},{"data":"Blade Dance","floor":32.0,"key":"SMITH"},{"data":"Footwork","floor":40.0,"key":"SMITH"},{"data":"Acrobatics","floor":41.0,"key":"SMITH"},{"floor":49.0,"key":"RECALL"},{"data":"Well Laid Plans","floor":52.0,"key":"SMITH"}],"circlet_count":0,"master_deck":["AscendersBane","Strike_G","Strike_G","Strike_G","Defend_G","Defend_G","Defend_G","Defend_G","Defend_G","Survivor","Neutralize+1","Dagger Spray+1","Leg Sweep+1","Noxious Fumes+1","Acrobatics+1","Dagger Throw","Wraith Form v2","Deadly Poison","Adrenaline","Blade Dance+1","PiercingWail","Accuracy","Well Laid Plans+1","After Image","Blade Dance+1","Terror","Endless Agony+1","Blade Dance","Footwork+1","Tactician+1","Adrenaline","Deflect+1","Backflip","Finisher+1","Reflex"],"relics":["Ring of the Snake","Boot","Prayer Wheel","WingedGreaves","Black Star","Paper Crane","Ornamental Fan","Meat on the Bone","MealTicket","Blue Candle","Happy Flower","WristBlade","Snake Skull","Pen Nib","Akabeko","Question Card","Art of War","Bag of Marbles","Toy Ornithopter"],"acts_visited":["Exordium","TheCity","TheBeyond","TheEnding"],"potions_floor_usage":[55],"damage_taken":[{"damage":4.0,"enemies":"Small Slimes","floor":1.0,"turns":4.0},{"damage":0.0,"enemies":"Cultist","floor":2.0,"turns":5.0},{"damage":0.0,"enemies":"Jaw Worm","floor":3.0,"turns":4.0},{"damage":0.0,"enemies":"Looter","floor":5.0,"turns":4.0},{"damage":20.0,"enemies":"Exordium Wildlife","floor":10.0,"turns":5.0},{"damage":11.0,"enemies":"Lagavulin","floor":11.0,"turns":10.0},{"damage":25.0,"enemies":"3 Sentries","floor":14.0,"turns":7.0},{"damage":21.0,"enemies":"The Guardian","floor":16.0,"turns":14.0},{"damage":31.0,"enemies":"Spheric Guardian","floor":18.0,"turns":8.0},{"damage":7.0,"enemies":"Shell Parasite","floor":19.0,"turns":8.0},{"damage":2.0,"enemies":"Chosen and Byrds","floor":22.0,"turns":7.0},{"damage":20.0,"enemies":"Book of Stabbing","floor":24.0,"turns":10.0},{"damage":16.0,"enemies":"Snecko","floor":28.0,"turns":6.0},{"damage":26.0,"enemies":"Gremlin Leader","floor":29.0,"turns":9.0},{"damage":35.0,"enemies":"Automaton","floor":33.0,"turns":11.0},{"damage":1.0,"enemies":"Orb Walker","floor":35.0,"turns":5.0},{"damage":19.0,"enemies":"3 Darklings","floor":37.0,"turns":10.0},{"damage":29.0,"enemies":"Spire Growth","floor":39.0,"turns":6.0},{"damage":15.0,"enemies":"Giant Head","floor":42.0,"turns":6.0},{"damage":0.0,"enemies":"Jaw Worm Horde","floor":44.0,"turns":3.0},{"damage":0.0,"enemies":"Transient","floor":45.0,"turns":5.0},{"damage":0.0,"enemies":"Reptomancer","floor":47.0,"turns":6.0},{"damage":0.0,"enemies":"Sphere and 2 Shapes","floor":48.0,"turns":9.0},{"damage":48.0,"enemies":"Time Eater","floor":50.0,"turns":15.0},{"damage":74.0,"enemies":"Shield and Spear","floor":54.0,"turns":8.0},{"damage":26,"enemies":"The Heart","floor":55,"turns":3}],"seed_played":"-9187746739207263975","potions_obtained":[{"floor":1.0,"key":"CultistPotion"},{"floor":11.0,"key":"SkillPotion"},{"floor":14.0,"key":"Dexterity Potion"},{"floor":33.0,"key":"SkillPotion"},{"floor":39.0,"key":"DuplicationPotion"}],"is_trial":false,"path_per_floor":["M","M","M","?","M","R","?","R","T","M","E","R","?","E","R","B",null,"M","M","$","?","M","R","E","?","T","R","M","E","R","$","R","B",null,"M","?","M","$","M","R","R","E","T","M","M","$","E","M","R","B",null,"R","$","E","B"],"character_chosen":"THE_SILENT","items_purchased":["Paper Crane","Blade Dance","Well Laid Plans","Blade Dance","Footwork","SkillPotion"],"campfire_rested":3,"item_purchase_floors":[20,20,31,38,38,53],"current_hp_per_floor":[67,67,67,72,72,72,72,72,72,52,41,41,41,16,40,19,67,36,29,29,29,27,27,7,7,7,31,27,13,37,52,52,29,70,69,69,50,65,48,48,48,45,45,45,45,60,60,60,60,24,68,68,83,21,0,0],"gold":51,"neow_bonus":"TWENTY_PERCENT_HP_BONUS","is_daily":false,"chose_seed":false,"campfire_upgraded":8,"win_rate":0.0,"timestamp":1612018157,"path_taken":["M","M","M","?","M","R","?","R","T","?","E","R","?","E","R","BOSS","M","M","$","?","M","R","E","?","T","R","M","E","R","$","R","BOSS","M","?","M","$","M","R","R","E","T","M","M","$","E","M","R","BOSS","R","$","E","BOSS"],"items_purchased_type":["Relic","Card","Card","Card","Card","Potion"],"build_version":"2020-12-22","purchased_purges":2,"victory":false,"max_hp_per_floor":[78,78,78,83,83,83,83,83,83,83,83,83,83,83,83,83,83,83,83,83,83,83,83,83,83,83,83,83,83,83,83,83,83,83,83,83,83,83,83,83,83,83,83,83,83,83,83,83,83,83,83,83,83,83,83,83],"relic_stats":{"Happy Flower":[29],"counters":[26,188],"Blue Candle":[0],"Snake Skull":[36],"Pen Nib":[12],"Boot":[83],"Question Card":3,"Ornamental Fan":[232],"Prayer Wheel":10,"MealTicket":60,"Black Star":5,"Art of War":[8],"obtain_stats":[{"Happy Flower":29,"Blue Candle":29,"Snake Skull":42,"Pen Nib":42,"Paper Crane":20,"Boot":7,"Question Card":47,"Akabeko":43,"WristBlade":34,"Ornamental Fan":24,"Prayer Wheel":11,"MealTicket":26,"WingedGreaves":14,"Black Star":17,"Art of War":47,"Bag of Marbles":54,"Toy Ornithopter":54,"Ring of the Snake":0,"Meat on the Bone":24},{"Happy Flower":14,"Blue Candle":14,"Snake Skull":19,"Pen Nib":19,"Paper Crane":10,"Boot":4,"Question Card":22,"Akabeko":19,"WristBlade":15,"Ornamental Fan":12,"Prayer Wheel":6,"MealTicket":12,"WingedGreaves":7,"Black Star":8,"Art of War":22,"Bag of Marbles":25,"Toy Ornithopter":25,"Ring of the Snake":0,"Meat on the Bone":12},{"Happy Flower":101,"Blue Candle":101,"Snake Skull":139,"Pen Nib":139,"Paper Crane":69,"Boot":17,"Question Card":153,"Akabeko":139,"WristBlade":112,"Ornamental Fan":86,"Prayer Wheel":32,"MealTicket":86,"WingedGreaves":39,"Black Star":53,"Art of War":153,"Bag of Marbles":185,"Toy Ornithopter":185,"Ring of the Snake":0,"Meat on the Bone":86}],"Toy Ornithopter":5,"Ring of the Snake":[52],"Meat on the Bone":84},"card_choices":[{"not_picked":["Finisher","Masterful Stab"],"picked":"Dagger Spray","floor":1.0},{"not_picked":["Deadly Poison","Outmaneuver"],"picked":"Leg Sweep","floor":2.0},{"not_picked":["Acrobatics","Flying Knee"],"picked":"Noxious Fumes","floor":3.0},{"not_picked":["Noxious Fumes","Slice"],"picked":"Acrobatics","floor":5.0},{"not_picked":["Calculated Gamble","Skewer"],"picked":"Dagger Throw","floor":10.0},{"not_picked":["Underhanded Strike","Cloak And Dagger","Dagger Spray"],"picked":"SKIP","floor":11.0},{"not_picked":["Setup","Bane","Dash"],"picked":"SKIP","floor":14.0},{"not_picked":["Die Die Die","Tools of the Trade"],"picked":"Wraith Form v2","floor":16.0},{"not_picked":["Poisoned Stab+1","Flying Knee"],"picked":"Deadly Poison","floor":18.0},{"not_picked":["Flechettes","Sucker Punch","Dagger Spray"],"picked":"SKIP","floor":18.0},{"not_picked":["Escape Plan+1","Outmaneuver"],"picked":"Adrenaline","floor":19.0},{"not_picked":["Dodge and Roll","Flechettes","Acrobatics"],"picked":"SKIP","floor":19.0},{"not_picked":["Dagger Spray","Slice"],"picked":"PiercingWail","floor":22.0},{"not_picked":["Poisoned Stab","Outmaneuver","Finisher"],"picked":"SKIP","floor":22.0},{"not_picked":["Masterful Stab","Footwork"],"picked":"Accuracy","floor":24.0},{"not_picked":["Bane","Cloak And Dagger","Bouncing Flask"],"picked":"SKIP","floor":28.0},{"not_picked":["A Thousand Cuts","Caltrops+1","Deflect"],"picked":"SKIP","floor":28.0},{"not_picked":["Tools of the Trade","Blur","Concentrate"],"picked":"SKIP","floor":29.0},{"not_picked":["Unload","Storm of Steel"],"picked":"After Image","floor":33.0},{"not_picked":["Quick Slash+1","Terror"],"picked":"Blade Dance+1","floor":35.0},{"not_picked":["Flying Knee","Infinite Blades"],"picked":"Terror","floor":35.0},{"not_picked":["Dagger Throw+1","Flechettes+1"],"picked":"Endless Agony+1","floor":37.0},{"not_picked":["Underhanded Strike","Night Terror","Skewer+1"],"picked":"SKIP","floor":37.0},{"not_picked":["Flechettes+1","Expertise"],"picked":"Tactician+1","floor":39.0},{"not_picked":["Quick Slash+1","Dodge and Roll","Deadly Poison"],"picked":"SKIP","floor":39.0},{"not_picked":["Riddle With Holes+1","Acrobatics"],"picked":"Adrenaline","floor":42.0},{"not_picked":["Flying Knee","All Out Attack"],"picked":"Deflect+1","floor":44.0},{"not_picked":["Caltrops","All Out Attack","Expertise"],"picked":"SKIP","floor":44.0},{"not_picked":["Poisoned Stab","Outmaneuver"],"picked":"Backflip","floor":45.0},{"not_picked":["Outmaneuver","Slice","Acrobatics"],"picked":"SKIP","floor":45.0},{"not_picked":["Tactician","Noxious Fumes"],"picked":"Finisher+1","floor":47.0},{"not_picked":["Prepared","Bouncing Flask","Cloak And Dagger"],"picked":"Reflex","floor":48.0},{"not_picked":["Flying Knee","Deflect+1","Caltrops","Sucker Punch"],"picked":"SKIP","floor":48.0},{"not_picked":["Dodge and Roll","Bane+1","Acrobatics","Quick Slash"],"picked":"SKIP","floor":54.0}],"player_experience":1496830,"relics_obtained":[{"floor":7.0,"key":"Boot"},{"floor":11.0,"key":"Prayer Wheel"},{"floor":14.0,"key":"WingedGreaves"},{"floor":24.0,"key":"Ornamental Fan"},{"floor":24.0,"key":"Meat on the Bone"},{"floor":26.0,"key":"MealTicket"},{"floor":29.0,"key":"Blue Candle"},{"floor":29.0,"key":"Happy Flower"},{"floor":42.0,"key":"Snake Skull"},{"floor":42.0,"key":"Pen Nib"},{"floor":43.0,"key":"Akabeko"},{"floor":47.0,"key":"Question Card"},{"floor":47.0,"key":"Art of War"},{"floor":54.0,"key":"Bag of Marbles"},{"floor":54.0,"key":"Toy Ornithopter"}],"event_choices":[{"damage_healed":0.0,"max_hp_gain":5.0,"max_hp_loss":0.0,"gold_gain":0.0,"event_name":"Big Fish","player_choice":"Donut","floor":4.0,"gold_loss":0.0,"damage_taken":0.0},{"damage_healed":0.0,"max_hp_gain":0.0,"max_hp_loss":0.0,"gold_gain":0.0,"event_name":"Wheel of Change","player_choice":"Relic","floor":7.0,"gold_loss":0.0,"damage_taken":0.0},{"damage_healed":0.0,"max_hp_gain":0.0,"max_hp_loss":0.0,"gold_gain":30.0,"event_name":"Dead Adventurer","player_choice":"Searched \u00271\u0027 times","floor":13.0,"gold_loss":0.0,"damage_taken":0.0},{"damage_healed":0.0,"max_hp_gain":0.0,"max_hp_loss":0.0,"gold_gain":0.0,"event_name":"Ghosts","player_choice":"Ignored","floor":21.0,"gold_loss":0.0,"damage_taken":0.0},{"damage_healed":0.0,"max_hp_gain":0.0,"max_hp_loss":0.0,"gold_gain":50.0,"event_name":"Nest","player_choice":"Stole From Cult","floor":25.0,"gold_loss":0.0,"damage_taken":0.0},{"damage_healed":0.0,"max_hp_gain":0.0,"max_hp_loss":0.0,"gold_gain":0.0,"event_name":"Tomb of Lord Red Mask","player_choice":"Ignored","floor":36.0,"gold_loss":0.0,"damage_taken":0.0}],"is_beta":false,"boss_relics":[{"not_picked":["Cursed Key","SacredBark"],"picked":"Black Star"},{"not_picked":["Astrolabe","Ring of the Serpent"],"picked":"WristBlade"}],"items_purged_floors":[31,46],"is_endless":false,"potions_floor_spawned":[1,11,14,16,18,33,39,44],"killed_by":"The Heart","ascension_level":15}}