{"host":"imy0w7zcgpxryx7c","time":1612046208,"event":{"mods":["AchievementEnabler","BaseMod","Colored Map","Colored Powertips","DeckTracker","Minty Spire (QoL Compilation)","Relic Sorter","StSLib"],"gold_per_floor":[118,118,118,131,131,131,163,163,163,197,214,225,225,252,252,347,397,415,443,518,538,318,318,348,348,372,405,66,80,106,124,124,223,223,234,456,468,82,82,82,116,116,168,218,218,252,252,270,270,270,270],"floor_reached":50,"language":"ENG","playtime":10128,"items_purged":["Defend_P","Strike_P","Defend_P"],"score":897,"play_id":"ddf05306-0dea-4b83-ade9-b9c7e671e929","local_time":"20210130173648","is_ascension_mode":true,"campfire_choices":[{"data":"Prostrate","floor":6,"key":"SMITH"},{"data":"Eruption","floor":8,"key":"SMITH"},{"floor":15,"key":"REST"},{"data":"Pray","floor":23,"key":"SMITH"},{"floor":25,"key":"REST"},{"data":"Worship","floor":32,"key":"SMITH"},{"data":"Establishment","floor":40,"key":"SMITH"},{"data":"Perseverance","floor":42,"key":"SMITH"},{"floor":45,"key":"REST"},{"data":"CrushJoints","floor":47,"key":"SMITH"},{"data":"WheelKick","floor":49,"key":"SMITH"}],"circlet_count":0,"master_deck":["Strike_P+1","Strike_P+1","Defend_P+1","Eruption+1","Vigilance","Prostrate+1","Evaluate","Perseverance+1","MentalFortress+1","CrushJoints+1","WheelKick+1","ThirdEye","Ragnarok","Pray+1","Pray+1","Consecrate+1","EmptyFist+1","Vengeance+1","Tantrum+1","Worship+1","Evaluate+1","LessonLearned+1","DeusExMachina","Sanctity+1","Consecrate+1","Trip","HandOfGreed","Establishment+1","SashWhip+1","Swivel+1","Protect+1","Indignation+1"],"relics":["HolyWater","Red Mask","Bag of Marbles","PreservedInsect","Potion Belt","Unceasing Top","White Beast Statue","Tiny House","Regal Pillow","Lantern","Gremlin Horn","Art of War","Omamori","Kunai","Incense Burner","Orichalcum","Damaru","Nunchaku"],"acts_visited":["Exordium","TheCity","TheBeyond"],"potions_floor_usage":[12,16,18,21,24,27,27,29,30,33,33,33,37,44,44,44,46,50],"damage_taken":[{"damage":6,"enemies":"Cultist","floor":1,"turns":6},{"damage":0,"enemies":"Jaw Worm","floor":4,"turns":4},{"damage":16,"enemies":"3 Sentries","floor":7,"turns":6},{"damage":23,"enemies":"Lagavulin","floor":10,"turns":10},{"damage":0,"enemies":"Small Slimes","floor":11,"turns":4},{"damage":6,"enemies":"Exordium Wildlife","floor":12,"turns":3},{"damage":6,"enemies":"Gremlin Nob","floor":14,"turns":3},{"damage":0,"enemies":"Slime Boss","floor":16,"turns":8},{"damage":25,"enemies":"Chosen","floor":18,"turns":7},{"damage":0,"enemies":"Masked Bandits","floor":19,"turns":2},{"damage":0,"enemies":"Spheric Guardian","floor":21,"turns":3},{"damage":27,"enemies":"Gremlin Leader","floor":24,"turns":3},{"damage":0,"enemies":"Slavers","floor":27,"turns":3},{"damage":0,"enemies":"Centurion and Healer","floor":29,"turns":2},{"damage":0,"enemies":"Book of Stabbing","floor":30,"turns":1},{"damage":4,"enemies":"Sentry and Sphere","floor":31,"turns":3},{"damage":39,"enemies":"Automaton","floor":33,"turns":8},{"damage":0,"enemies":"3 Shapes","floor":35,"turns":3},{"damage":22,"enemies":"3 Darklings","floor":37,"turns":3},{"damage":5,"enemies":"Giant Head","floor":41,"turns":5},{"damage":23,"enemies":"Nemesis","floor":44,"turns":3},{"damage":5,"enemies":"Giant Head","floor":46,"turns":5},{"damage":18,"enemies":"4 Shapes","floor":48,"turns":3},{"damage":49,"enemies":"Time Eater","floor":50,"turns":9}],"seed_played":"4980648045628818208","potions_obtained":[{"floor":4,"key":"EssenceOfSteel"},{"floor":10,"key":"Regen Potion"},{"floor":11,"key":"GamblersBrew"},{"floor":12,"key":"Dexterity Potion"},{"floor":14,"key":"AttackPotion"},{"floor":16,"key":"Dexterity Potion"},{"floor":17,"key":"BottledMiracle"},{"floor":18,"key":"LiquidMemories"},{"floor":19,"key":"SteroidPotion"},{"floor":21,"key":"BlessingOfTheForge"},{"floor":24,"key":"SteroidPotion"},{"floor":27,"key":"FearPotion"},{"floor":29,"key":"PowerPotion"},{"floor":30,"key":"SkillPotion"},{"floor":31,"key":"AttackPotion"},{"floor":33,"key":"BottledMiracle"},{"floor":35,"key":"Weak Potion"},{"floor":37,"key":"Dexterity Potion"},{"floor":41,"key":"CultistPotion"},{"floor":44,"key":"StancePotion"},{"floor":46,"key":"BottledMiracle"},{"floor":48,"key":"Fire Potion"}],"is_trial":false,"path_per_floor":["M","?","?","M","?","R","E","R","T","E","M","M","?","E","R","B",null,"M","?","?","M","$","R","E","R","T","E","$","M","E","M","R","B",null,"M","?","M","$","?","R","E","R","T","E","R","E","R","M","R","B"],"character_chosen":"WATCHER","items_purchased":["Regal Pillow","Kunai","Trip","HandOfGreed"],"campfire_rested":3,"item_purchase_floors":[22,28,38,38],"current_hp_per_floor":[66,52,45,45,69,69,53,53,53,30,30,24,24,18,39,39,77,52,52,45,45,45,45,18,56,56,56,56,56,56,52,52,13,77,77,77,55,55,55,55,50,50,50,27,65,60,60,42,42,0,0],"gold":270,"neow_bonus":"RANDOM_COMMON_RELIC","is_daily":false,"chose_seed":false,"campfire_upgraded":8,"win_rate":0.0,"timestamp":1612046208,"path_taken":["M","?","?","M","?","R","E","R","T","E","M","M","?","E","R","BOSS","M","?","?","M","$","R","E","R","T","E","$","?","E","M","R","BOSS","M","?","M","$","?","R","E","R","T","E","R","E","R","?","R","BOSS"],"items_purchased_type":["Relic","Relic","Card","Card"],"build_version":"2020-12-22","purchased_purges":3,"victory":false,"max_hp_per_floor":[72,72,72,72,72,72,72,72,72,72,72,72,72,72,72,72,77,77,77,77,77,77,77,77,77,77,77,77,77,77,77,77,77,77,77,77,77,77,77,77,77,77,77,77,77,77,77,77,77,77,77],"card_choices":[{"not_picked":["FlyingSleeves","ClearTheMind"],"picked":"Prostrate","floor":1},{"not_picked":["Fasting2","Crescendo"],"picked":"Evaluate","floor":4},{"not_picked":["Halt","Protect"],"picked":"Perseverance","floor":7},{"not_picked":["SashWhip","Collect"],"picked":"MentalFortress","floor":10},{"not_picked":["CutThroughFate","Evaluate"],"picked":"CrushJoints","floor":11},{"not_picked":["Wish","Protect"],"picked":"WheelKick","floor":12},{"not_picked":["CrushJoints","Halt"],"picked":"ThirdEye","floor":14},{"not_picked":["ConjureBlade","Establishment"],"picked":"Ragnarok","floor":16},{"not_picked":["FollowUp","BattleHymn"],"picked":"Pray","floor":17},{"not_picked":["PathToVictory+1","Prostrate"],"picked":"Pray+1","floor":18},{"not_picked":["PathToVictory","FlurryOfBlows"],"picked":"Consecrate","floor":19},{"not_picked":["SandsOfTime","Establishment"],"picked":"EmptyFist+1","floor":21},{"not_picked":["EmptyFist+1","FollowUp"],"picked":"Vengeance+1","floor":24},{"not_picked":["ReachHeaven","SashWhip"],"picked":"Tantrum+1","floor":27},{"not_picked":["EmptyBody+1","SashWhip"],"picked":"Worship","floor":29},{"not_picked":["Vengeance","Study"],"picked":"Evaluate+1","floor":30},{"not_picked":["PathToVictory","Prostrate"],"picked":"LessonLearned","floor":31},{"not_picked":["ConjureBlade","Judgement"],"picked":"DeusExMachina","floor":33},{"not_picked":["PathToVictory","Halt+1"],"picked":"Sanctity+1","floor":35},{"not_picked":["FlurryOfBlows+1","Halt+1"],"picked":"Consecrate+1","floor":37},{"not_picked":["Judgement","EmptyFist+1"],"picked":"SashWhip+1","floor":41},{"not_picked":["ClearTheMind","EmptyBody+1"],"picked":"Swivel+1","floor":44},{"not_picked":["Swivel","DeceiveReality"],"picked":"Protect+1","floor":46},{"not_picked":["BowlingBash+1","ForeignInfluence+1"],"picked":"Indignation+1","floor":48}],"player_experience":316723,"relics_obtained":[{"floor":7,"key":"Potion Belt"},{"floor":9,"key":"Unceasing Top"},{"floor":10,"key":"White Beast Statue"},{"floor":14,"key":"Bag of Marbles"},{"floor":19,"key":"Red Mask"},{"floor":24,"key":"Art of War"},{"floor":26,"key":"Lantern"},{"floor":27,"key":"Omamori"},{"floor":30,"key":"Gremlin Horn"},{"floor":41,"key":"Incense Burner"},{"floor":43,"key":"Orichalcum"},{"floor":44,"key":"Damaru"},{"floor":46,"key":"Nunchaku"}],"event_choices":[{"damage_healed":0,"gold_gain":0,"player_choice":"Entered Light","damage_taken":14,"max_hp_gain":0,"max_hp_loss":0,"event_name":"Shining Light","floor":2,"gold_loss":0,"cards_upgraded":["Defend_P","Strike_P"]},{"cards_removed":["Defend_P"],"damage_healed":0,"gold_gain":0,"player_choice":"Card Removal","damage_taken":7,"max_hp_gain":0,"max_hp_loss":0,"event_name":"Golden Wing","floor":3,"gold_loss":0},{"damage_healed":24,"gold_gain":0,"player_choice":"Banana","damage_taken":0,"max_hp_gain":0,"max_hp_loss":0,"event_name":"Big Fish","floor":5,"gold_loss":0},{"damage_healed":0,"gold_gain":0,"player_choice":"Ignored","damage_taken":0,"max_hp_gain":0,"max_hp_loss":0,"event_name":"Liars Game","floor":13,"gold_loss":0},{"damage_healed":0,"gold_gain":0,"player_choice":"Fought Bandits","damage_taken":0,"max_hp_gain":0,"max_hp_loss":0,"event_name":"Masked Bandits","floor":19,"gold_loss":0},{"damage_healed":0,"gold_gain":75,"player_choice":"Touch","damage_taken":7,"max_hp_gain":0,"max_hp_loss":0,"event_name":"FaceTrader","floor":20,"gold_loss":0},{"damage_healed":0,"gold_gain":222,"player_choice":"Wore Mask","damage_taken":0,"max_hp_gain":0,"max_hp_loss":0,"event_name":"Tomb of Lord Red Mask","floor":36,"gold_loss":0},{"damage_healed":0,"gold_gain":0,"cards_transformed":["Strike_P"],"player_choice":"Transformed","damage_taken":0,"max_hp_gain":0,"max_hp_loss":0,"event_name":"Transmorgrifier","floor":39,"gold_loss":0,"cards_obtained":["Establishment"]}],"is_beta":false,"boss_relics":[{"not_picked":["Astrolabe","Snecko Eye"],"picked":"Tiny House"},{"not_picked":["Coffee Dripper","Velvet Choker"],"picked":"HolyWater"}],"items_purged_floors":[22,28,38],"is_endless":false,"potions_floor_spawned":[4,10,11,12,14,16,18,19,21,24,27,29,30,31,33,35,37,41,44,46,48],"killed_by":"Time Eater","ascension_level":4}}