{"host":"kh6fvhxn285ncg0o","time":1612014962,"event":{"mods":["Act Like it!","BaseMod","Colored Map","Friendly Minions","Keyboard Shortcuts","Minty Spire (QoL Compilation)","Quick Restart","Relic Stats","StSLib","SuperFastMode","UnlockEverythingMod"],"gold_per_floor":[359,373,34,34,95,95,125,125,194,223,273,306,69,85,85,162,162,181,181,199,213,45,75,75,105,105,195,19,19,19,32,32,110,110,127,127,203,216,216,216,250,302,302,334,351,376,376,276,276,276,276,276,276,71,96,96],"floor_reached":57,"language":"KOR","playtime":2391,"items_purged":["Pain","Strike_R","Bash"],"score":2999,"play_id":"e3988d32-641a-4fd9-829d-9fb59a6d00eb","local_time":"20210130225602","is_ascension_mode":true,"campfire_choices":[{"data":"Uppercut","floor":6.0,"key":"SMITH"},{"floor":8.0,"key":"REST"},{"data":"Flame Barrier","floor":15.0,"key":"SMITH"},{"data":"Carnage","floor":24,"key":"SMITH"},{"floor":29,"key":"REST"},{"data":"Dual Wield","floor":32,"key":"SMITH"},{"data":"Dark Embrace","floor":40,"key":"SMITH"},{"floor":49,"key":"RECALL"},{"data":"Second Wind","floor":53,"key":"SMITH"}],"circlet_count":0,"master_deck":["AscendersBane","Defend_R+1","Defend_R","Defend_R","Flame Barrier+1","Uppercut+1","Double Tap+1","Feed","Evolve","Carnage+1","Dark Embrace+1","Feed","Flash of Steel","Dual Wield+1","Offering","Barricade+1","Intimidate+1","Limit Break+1","Body Slam+1","Offering","Second Wind+1","Warcry+1","Reckless Charge+1","Warcry+1","Disarm"],"relics":["Burning Blood","Centennial Puzzle","Toolbox","WarpedTongs","Juzu Bracelet","Charon\u0027s Ashes","Regal Pillow","Medical Kit","Mark of Pain","TheAbacus","War Paint","Ice Cream","Pocketwatch","Astrolabe","Bottled Lightning","Dream Catcher","Shovel","Pear","Boot","Dead Branch","Toy Ornithopter"],"acts_visited":["Exordium","TheCity","TheBeyond","TheEnding"],"potions_floor_usage":[23,25,33,33,44,55,56,56],"damage_taken":[{"damage":9.0,"enemies":"Jaw Worm","floor":1.0,"turns":5.0},{"damage":12.0,"enemies":"Cultist","floor":2.0,"turns":4.0},{"damage":3.0,"enemies":"2 Louse","floor":5.0,"turns":3.0},{"damage":27.0,"enemies":"3 Sentries","floor":7.0,"turns":7.0},{"damage":26.0,"enemies":"Gremlin Nob","floor":10.0,"turns":4.0},{"damage":16.0,"enemies":"3 Sentries","floor":12.0,"turns":6.0},{"damage":0.0,"enemies":"2 Fungi Beasts","floor":14.0,"turns":2.0},{"damage":24,"enemies":"Hexaghost","floor":16,"turns":9},{"damage":10,"enemies":"3 Byrds","floor":18,"turns":4},{"damage":9,"enemies":"Chosen","floor":20,"turns":5},{"damage":4,"enemies":"Centurion and Healer","floor":21,"turns":5},{"damage":33,"enemies":"Book of Stabbing","floor":23,"turns":4},{"damage":30,"enemies":"Slavers","floor":25,"turns":3},{"damage":2,"enemies":"Chosen and Byrds","floor":31,"turns":5},{"damage":48,"enemies":"Automaton","floor":33,"turns":8},{"damage":6,"enemies":"Orb Walker","floor":35,"turns":2},{"damage":9,"enemies":"3 Shapes","floor":38,"turns":3},{"damage":12,"enemies":"Giant Head","floor":41,"turns":3},{"damage":12,"enemies":"2 Orb Walkers","floor":42,"turns":4},{"damage":26,"enemies":"Nemesis","floor":44,"turns":7},{"damage":6,"enemies":"Writhing Mass","floor":45,"turns":4},{"damage":0,"enemies":"Mind Bloom Boss Battle","floor":46,"turns":6},{"damage":62,"enemies":"Time Eater","floor":50,"turns":11},{"damage":12,"enemies":"Donu and Deca","floor":51,"turns":7},{"damage":6,"enemies":"Shield and Spear","floor":55,"turns":3},{"damage":68,"enemies":"The Heart","floor":56,"turns":13}],"seed_played":"2165822186587665299","potions_obtained":[{"floor":2.0,"key":"SteroidPotion"},{"floor":5.0,"key":"FearPotion"},{"floor":18,"key":"Block Potion"},{"floor":20,"key":"BloodPotion"},{"floor":25,"key":"LiquidMemories"},{"floor":30,"key":"SteroidPotion"},{"floor":33,"key":"Weak Potion"},{"floor":38,"key":"ColorlessPotion"},{"floor":46,"key":"Explosive Potion"},{"floor":55,"key":"Explosive Potion"}],"is_trial":false,"path_per_floor":["M","M","$","?","M","R","E","R","T","E","?","E","$","M","R","B",null,"M","?","M","M","$","E","R","E","T","?","$","R","?","M","R","B",null,"M","?","T","M","?","R","E","?","T","E","M","?","?","$","R","B","B",null,"R","$","E","B",null],"character_chosen":"IRONCLAD","items_purchased":["Centennial Puzzle","Toolbox","Medical Kit","TheAbacus","Flash of Steel","Dual Wield","DistilledChaos"],"campfire_rested":2,"item_purchase_floors":[3,3,13,22,28,28,54],"current_hp_per_floor":[65,59,59,59,62,62,41,61,61,41,41,31,31,37,37,19,56,56,56,57,63,63,36,36,28,28,16,16,55,55,65,65,23,70,73,73,73,81,81,81,79,76,86,70,74,80,80,80,80,24,26,106,106,106,106,54],"gold":96,"neow_bonus":"TWO_FIFTY_GOLD","is_daily":false,"chose_seed":false,"campfire_upgraded":6,"win_rate":0.0,"timestamp":1612014962,"path_taken":["M","M","$","?","?","R","E","R","T","E","?","E","?","M","R","BOSS","M","?","M","M","$","E","R","E","T","?","$","R","?","M","R","BOSS","M","?","?","M","?","R","E","?","T","E","M","?","?","$","R","BOSS","BOSS","R","$","E","BOSS"],"items_purchased_type":["Relic","Relic","Relic","Relic","Card","Card","Potion"],"build_version":"2020-12-22","purchased_purges":3,"victory":true,"max_hp_per_floor":[68,68,68,68,68,68,68,68,68,68,68,68,68,68,68,68,68,72,72,76,80,80,80,80,80,80,80,80,80,80,86,86,86,86,89,89,89,100,100,100,104,107,117,121,125,125,125,125,125,125,133,133,133,133,133,133],"relic_stats":{"Regal Pillow":15,"counters":[26,137],"Astrolabe":["Barricade","Intimidate","Limit Break"],"Dead Branch":[146],"Charon\u0027s Ashes":[1133],"Juzu Bracelet":4,"War Paint":["Double Tap","Defend_R"],"Medical Kit":[72],"Boot":[48],"Burning Blood":156,"WarpedTongs":[120],"Centennial Puzzle":[66],"Dream Catcher":0,"TheAbacus":[210],"Shovel":0,"obtain_stats":[{"Ice Cream":25,"Regal Pillow":12,"Pear":43,"Astrolabe":34,"Dead Branch":46,"Charon\u0027s Ashes":10,"Juzu Bracelet":7,"War Paint":23,"Medical Kit":13,"Boot":44,"Burning Blood":0,"WarpedTongs":4,"Centennial Puzzle":3,"Dream Catcher":41,"TheAbacus":22,"Shovel":42,"Toolbox":3,"Mark of Pain":17,"Bottled Lightning":37,"Toy Ornithopter":55,"Pocketwatch":26},{"Ice Cream":13,"Regal Pillow":6,"Pear":19,"Astrolabe":15,"Dead Branch":22,"Charon\u0027s Ashes":5,"Juzu Bracelet":4,"War Paint":12,"Medical Kit":6,"Boot":20,"Burning Blood":0,"WarpedTongs":2,"Centennial Puzzle":2,"Dream Catcher":18,"TheAbacus":11,"Shovel":19,"Toolbox":2,"Mark of Pain":8,"Bottled Lightning":16,"Toy Ornithopter":25,"Pocketwatch":13},{"Ice Cream":61,"Regal Pillow":29,"Pear":86,"Astrolabe":74,"Dead Branch":103,"Charon\u0027s Ashes":23,"Juzu Bracelet":19,"War Paint":58,"Medical Kit":29,"Boot":93,"Burning Blood":0,"WarpedTongs":9,"Centennial Puzzle":9,"Dream Catcher":82,"TheAbacus":54,"Shovel":86,"Toolbox":9,"Mark of Pain":40,"Bottled Lightning":76,"Toy Ornithopter":124,"Pocketwatch":61}],"Toy Ornithopter":10,"Pocketwatch":[58]},"card_choices":[{"not_picked":["Infernal Blade","Combust"],"picked":"Flame Barrier","floor":2.0},{"not_picked":["Perfected Strike","Warcry"],"picked":"Uppercut","floor":5.0},{"not_picked":["Armaments","Headbutt","Flex"],"picked":"SKIP","floor":7.0},{"not_picked":["Headbutt","Armaments","Pommel Strike"],"picked":"SKIP","floor":10.0},{"not_picked":["Heavy Blade","Thunderclap"],"picked":"Double Tap","floor":12.0},{"not_picked":["Warcry","Twin Strike","Thunderclap"],"picked":"SKIP","floor":14.0},{"not_picked":["Impervious","Brutality"],"picked":"Feed","floor":16},{"not_picked":["Disarm","Sword Boomerang"],"picked":"Evolve","floor":18},{"not_picked":["Heavy Blade","Flame Barrier","Uppercut"],"picked":"SKIP","floor":20},{"not_picked":["True Grit","Thunderclap","Clothesline"],"picked":"SKIP","floor":21},{"not_picked":["Ghostly Armor+1","Rupture"],"picked":"Dark Embrace","floor":23},{"not_picked":["Hemokinesis","True Grit"],"picked":"Feed","floor":25},{"not_picked":["Combust","Flame Barrier","Heavy Blade"],"picked":"SKIP","floor":31},{"not_picked":["Feed","Corruption"],"picked":"Offering","floor":33},{"not_picked":["Shrug It Off","Combust"],"picked":"Body Slam+1","floor":35},{"not_picked":["Power Through","Combust+1"],"picked":"Second Wind","floor":38},{"not_picked":["Body Slam+1","Corruption"],"picked":"Warcry+1","floor":41},{"not_picked":["Headbutt","Body Slam"],"picked":"Reckless Charge+1","floor":44},{"not_picked":["Infernal Blade","Flame Barrier","Heavy Blade+1"],"picked":"SKIP","floor":45},{"not_picked":["Sever Soul","Anger+1"],"picked":"Warcry+1","floor":46},{"not_picked":["Hemokinesis+1","Perfected Strike"],"picked":"Disarm","floor":55}],"player_experience":1297806,"relics_obtained":[{"floor":7.0,"key":"Juzu Bracelet"},{"floor":10.0,"key":"Charon\u0027s Ashes"},{"floor":12.0,"key":"Regal Pillow"},{"floor":23,"key":"War Paint"},{"floor":25,"key":"Ice Cream"},{"floor":26,"key":"Pocketwatch"},{"floor":37,"key":"Bottled Lightning"},{"floor":41,"key":"Dream Catcher"},{"floor":42,"key":"Shovel"},{"floor":43,"key":"Pear"},{"floor":44,"key":"Boot"},{"floor":46,"key":"Dead Branch"},{"floor":55,"key":"Toy Ornithopter"}],"event_choices":[{"damage_healed":0.0,"max_hp_gain":0.0,"max_hp_loss":0.0,"gold_gain":0.0,"event_name":"Accursed Blacksmith","player_choice":"Rummage","floor":4.0,"gold_loss":0.0,"damage_taken":0.0,"relics_obtained":["WarpedTongs"],"cards_obtained":["Pain"]},{"damage_healed":0.0,"max_hp_gain":0.0,"max_hp_loss":0.0,"gold_gain":50.0,"event_name":"Golden Shrine","player_choice":"Pray","floor":11.0,"gold_loss":0.0,"damage_taken":0.0},{"damage_healed":0,"gold_gain":0,"cards_transformed":["Strike_R"],"player_choice":"Transformed","damage_taken":0,"max_hp_gain":0,"max_hp_loss":0,"event_name":"Transmorgrifier","floor":19,"gold_loss":0,"cards_obtained":["Carnage"]},{"damage_healed":0,"gold_gain":90,"player_choice":"GOLD ","damage_taken":12,"max_hp_gain":0,"max_hp_loss":0,"event_name":"Knowing Skull","floor":27,"potions_obtained":[],"gold_loss":0,"cards_obtained":[]},{"damage_healed":0,"gold_gain":0,"player_choice":"Got Potions","damage_taken":0,"max_hp_gain":0,"max_hp_loss":0,"event_name":"Lab","floor":30,"gold_loss":0},{"damage_healed":0,"gold_gain":0,"player_choice":"Copied","damage_taken":0,"max_hp_gain":0,"max_hp_loss":0,"event_name":"Duplicator","floor":36,"gold_loss":0,"cards_obtained":["Offering"]},{"damage_healed":0,"gold_gain":0,"player_choice":"Ignored","damage_taken":0,"max_hp_gain":0,"max_hp_loss":0,"event_name":"Tomb of Lord Red Mask","floor":39,"gold_loss":0},{"damage_healed":0,"gold_gain":0,"player_choice":"Fight","damage_taken":0,"max_hp_gain":0,"max_hp_loss":0,"event_name":"Mysterious Sphere","floor":42,"gold_loss":0},{"damage_healed":0,"gold_gain":0,"player_choice":"Fight","damage_taken":0,"max_hp_gain":0,"max_hp_loss":0,"event_name":"MindBloom","floor":46,"gold_loss":0},{"cards_removed":["Defend_R"],"damage_healed":0,"gold_gain":0,"player_choice":"Removed Skill","damage_taken":0,"max_hp_gain":0,"max_hp_loss":0,"event_name":"Falling","floor":47,"gold_loss":0}],"is_beta":false,"boss_relics":[{"not_picked":["SlaversCollar","Runic Pyramid"],"picked":"Mark of Pain"},{"not_picked":["Runic Cube","Philosopher\u0027s Stone"],"picked":"Astrolabe"}],"items_purged_floors":[13,48,54],"is_endless":false,"potions_floor_spawned":[2,5,18,20,25,33,38,46,55],"ascension_level":20}}