{"host":"oc9j5nmpwz4e9fqj","time":1612037242,"event":{"mods":["ATMod(°¢èªMod)","AchievementEnabler","BaseMod","Conspire","KomeijiMod","Lobotomy","Minty Spire (QoL Compilation)","Replay The Spire","StSLib","TestMod","[IsaacMod]ÒÔÈö¼âËþ","¡¾ÒÅÎï¿¨ÅÆ¡¿REMEMod"],"gold_per_floor":[430,746,746,746,746,779,779,815,815,1178,1178,1178,1533,1014,1014,3066,3066,3397,3753,3753,4246,4647,4690,3995,4484,4563,4943,4988,4988,5466,5466,5466,7355,7355,7812,7812,7518,7875,7875,7910,8364,7427,7427,7427,7462,7462,7934,7985,7985,7993,7993],"floor_reached":50,"language":"ZHS","playtime":2474,"items_purged":["Strike_G","Strike_G","Strike_G","Strike_G"],"score":1325,"play_id":"d0b67993-86ad-4d9d-a728-f800f6952444","local_time":"20210131050722","is_ascension_mode":true,"campfire_choices":[{"floor":7,"key":"RECALL"},{"floor":15,"key":"REST"},{"data":"Deadly Poison","floor":29,"key":"SMITH"},{"floor":32,"key":"REST"},{"floor":44,"key":"REST"},{"data":"Poison Darts","floor":46,"key":"SMITH"},{"data":"Dagger Spray","floor":49,"key":"SMITH"}],"circlet_count":0,"master_deck":["AscendersBane","Strike_G","Defend_G","Defend_G","Defend_G","Defend_G","Defend_G","Survivor","Neutralize","PiercingWail","Die Die Die","Noxious Fumes+1","Poison Darts+1","Corpse Explosion","Glass Knife","Bullet Time","Dagger Spray+1","Deadly Poison+1","Poisoned Stab+1","Bane"],"relics":["testmod-TestBox","HushsDoor","AT_ATBox","REME_ComplimentaryCards","MagicMushroom","GuppysHead","testmod-EqualTreatment","Replay:Bandana","Gremlin Horn","Bag of Marbles","Snack Pack","testmod-IntensifyImprint","AT_RabadonDeathcap","Tough Bandages","Quantum Egg","Sling","Regal Pillow","Mummified Hand","AT_SilvercatRing","Orichalcum","ReplayTheSpireMod:Shallot","Blue Candle","testmod-BalancedPeriapt","AT_RedTearstoneRing","Chemical X","YumHeart","testmod-Justice","GuppysTail","AT_ImmortalShieldbow"],"acts_visited":["Exordium","TheCity","TheBeyond"],"potions_floor_usage":[2,16,41],"damage_taken":[{"damage":3,"enemies":"conspire:RoseBush","floor":1,"turns":3},{"damage":0,"enemies":"Small Slimes","floor":2,"turns":2},{"damage":14,"enemies":"Lagavulin","floor":6,"turns":7},{"damage":20,"enemies":"Replay:BlueRogue","floor":8,"turns":11},{"damage":0,"enemies":"2 Louse","floor":10,"turns":1},{"damage":6,"enemies":"Large Slime","floor":13,"turns":3},{"damage":21,"enemies":"Hexaghost","floor":16,"turns":8},{"damage":0,"enemies":"3 Byrds","floor":18,"turns":1},{"damage":0,"enemies":"Spheric Guardian","floor":19,"turns":3},{"damage":0,"enemies":"Snake Plant","floor":21,"turns":1},{"damage":7,"enemies":"Sentry and Sphere","floor":22,"turns":4},{"damage":4,"enemies":"Slavers","floor":23,"turns":1},{"damage":0,"enemies":"3 Cultists","floor":25,"turns":1},{"damage":0,"enemies":"Chosen and Byrds","floor":27,"turns":1},{"damage":0,"enemies":"conspire:SneckoGhost","floor":28,"turns":3},{"damage":0,"enemies":"Centurion and Healer","floor":30,"turns":2},{"damage":23,"enemies":"Pondfish","floor":33,"turns":6},{"damage":0,"enemies":"3 Darklings","floor":35,"turns":1},{"damage":0,"enemies":"Orb Walker","floor":38,"turns":2},{"damage":33,"enemies":"Nemesis","floor":40,"turns":3},{"damage":44,"enemies":"Transient","floor":41,"turns":6},{"damage":0,"enemies":"Mind Bloom Boss Battle","floor":45,"turns":4},{"damage":0,"enemies":"Writhing Mass","floor":47,"turns":3},{"damage":0,"enemies":"R_Hoarder","floor":48,"turns":5},{"damage":76,"enemies":"conspire:OrnateMirror","floor":50,"turns":5}],"seed_played":"1518181084524566049","potions_obtained":[{"floor":2,"key":"REME_GoldPotion"},{"floor":2,"key":"Energy Potion"},{"floor":10,"key":"AttackPotion"},{"floor":25,"key":"Regen Potion"},{"floor":41,"key":"GhostInAJar"}],"is_trial":false,"path_per_floor":["M","M","?","?","?","E","R","E","T","M","?","T","M","$","R","B",null,"M","M","?","M","M","E","$","M","T","M","E","R","M","?","R","B",null,"M","?","$","M","?","E","M","$","T","R","?","R","M","E","R","B"],"character_chosen":"THE_SILENT","items_purchased":["Snack Pack","Poison Darts","Sling","Regal Pillow","Mummified Hand","AT_RedTearstoneRing","Chemical X","YumHeart","testmod-Justice"],"campfire_rested":3,"item_purchase_floors":[14,14,24,24,24,37,42,42,42],"current_hp_per_floor":[64,65,70,70,70,57,57,38,38,38,38,38,33,33,56,38,68,69,72,72,73,67,64,64,64,64,66,67,67,70,48,83,60,77,79,79,79,80,80,48,27,27,27,66,67,67,68,71,71,0,0],"gold":7993,"neow_bonus":"BOSS_RELIC","is_daily":false,"chose_seed":false,"campfire_upgraded":3,"win_rate":0.0,"timestamp":1612037242,"path_taken":["M","M","?","?","?","E","R","E","T","M","?","?","M","$","R","BOSS","M","M","?","M","M","E","$","M","T","M","E","R","?","?","R","BOSS","M","?","$","M","?","E","M","$","T","R","?","R","?","E","R","BOSS"],"items_purchased_type":["Relic","Card","Relic","Relic","Relic","Relic","Relic","Relic","Relic"],"build_version":"2020-12-22","purchased_purges":4,"victory":false,"max_hp_per_floor":[73,73,78,78,78,78,78,78,78,78,78,78,78,78,78,78,78,78,78,78,78,78,78,78,78,78,78,78,78,78,83,83,83,83,83,83,83,83,83,83,83,83,83,83,83,83,83,83,83,83,83],"card_choices":[{"not_picked":["Hidden Blade","Deflect"],"picked":"PiercingWail","floor":1},{"not_picked":["ReplayTheSpireMod:Speed Training","Acrobatics","conspire:PoisonWeapons"],"picked":"SKIP","floor":1},{"not_picked":["PiercingWail","Flying Knee","Wraith Form v2"],"picked":"SKIP","floor":2},{"not_picked":["AT_WindFlip","Flying Knee","Slice"],"picked":"SKIP","floor":2},{"not_picked":["REME_ShadowStrike","Backflip","AT_TwilightShroud"],"picked":"SKIP","floor":6},{"not_picked":["PiercingWail","Dodge and Roll"],"picked":"Die Die Die","floor":8},{"not_picked":["AT_WindFlip","Expertise"],"picked":"Noxious Fumes","floor":10},{"not_picked":["Terror","Slice","Backflip"],"picked":"SKIP","floor":10},{"not_picked":["Quick Slash","Deflect","PiercingWail"],"picked":"SKIP","floor":13},{"not_picked":["Heel Hook","Underhanded Strike","Blade Dance"],"picked":"SKIP","floor":13},{"not_picked":["Die Die Die","REME_CopyPotion"],"picked":"Corpse Explosion","floor":16},{"not_picked":["Phantasmal Killer","Bullet Time"],"picked":"Glass Knife","floor":16},{"not_picked":["A Thousand Cuts","Burst"],"picked":"Bullet Time","floor":16},{"not_picked":["Blade Dance","Sucker Punch"],"picked":"Dagger Spray","floor":18},{"not_picked":["AT_TwilightShroud","Deflect","Prepared+1"],"picked":"SKIP","floor":18},{"not_picked":["AT_TwilightShroud","Deflect","Prepared+1"],"picked":"SKIP","floor":18},{"not_picked":["Prepared","Underhanded Strike"],"picked":"Deadly Poison","floor":19},{"not_picked":["Eviscerate","Fluid Movement+1","ReplayTheSpireMod:Exploit Weakness"],"picked":"SKIP","floor":19},{"not_picked":["REME_GrazeFinale","AT_WindFlip","Hidden Blade"],"picked":"SKIP","floor":21},{"not_picked":["ReplayTheSpireMod:Speed Training","Underhanded Strike","Blade Dance"],"picked":"SKIP","floor":21},{"not_picked":["Draining Mist","conspire:DoublingDagger","Hidden Blade"],"picked":"SKIP","floor":22},{"not_picked":["Accuracy","Concentrate","Dagger Throw+1"],"picked":"SKIP","floor":22},{"not_picked":["Outmaneuver","Catalyst","conspire:PoisonWeapons"],"picked":"SKIP","floor":23},{"not_picked":["Cloak And Dagger","Distraction"],"picked":"Poisoned Stab","floor":25},{"not_picked":["Caltrops","REME_LeechingPoison","Outmaneuver"],"picked":"SKIP","floor":25},{"not_picked":["Quick Slash","Dagger Spray","Blade Dance+1"],"picked":"SKIP","floor":27},{"not_picked":["Slice","Acrobatics","Outmaneuver"],"picked":"SKIP","floor":27},{"not_picked":["Crippling Poison","Endless Agony","Poisoned Stab"],"picked":"SKIP","floor":28},{"not_picked":["PiercingWail","Dagger Spray","ReplayTheSpireMod:Scrap Shanks+1"],"picked":"SKIP","floor":30},{"not_picked":["ReplayTheSpireMod:Speed Training+1","All Out Attack","REME_GrazeFinale"],"picked":"SKIP","floor":30},{"not_picked":["Quick Slash","Outmaneuver+1","Accuracy"],"picked":"SKIP","floor":35},{"not_picked":["Underhanded Strike+1","Acrobatics","Leg Sweep+1"],"picked":"SKIP","floor":35},{"not_picked":["Caltrops+1","Replay:Poison Smokescreen"],"picked":"Bane","floor":38},{"not_picked":["Cloak And Dagger","Eviscerate","Noxious Fumes"],"picked":"SKIP","floor":38},{"not_picked":["Unload","conspire:DoublingDagger","Storm of Steel"],"picked":"SKIP","floor":40},{"not_picked":["Poisoned Stab","Acrobatics","Footwork"],"picked":"SKIP","floor":41},{"not_picked":["Cloak And Dagger","Hidden Blade+1","Skewer"],"picked":"SKIP","floor":41},{"not_picked":["Bane","Slice","Flying Knee"],"picked":"SKIP","floor":47},{"not_picked":["Replay:Bag of Tricks","Slice","Acrobatics"],"picked":"SKIP","floor":47},{"not_picked":["Sneak Up+1","Choke","Flechettes+1"],"picked":"SKIP","floor":48}],"player_experience":244671,"relics_obtained":[{"floor":6,"key":"Replay:Bandana"},{"floor":8,"key":"Gremlin Horn"},{"floor":12,"key":"Bag of Marbles"},{"floor":16,"key":"testmod-IntensifyImprint"},{"floor":16,"key":"AT_RabadonDeathcap"},{"floor":16,"key":"Tough Bandages"},{"floor":23,"key":"Quantum Egg"},{"floor":26,"key":"AT_SilvercatRing"},{"floor":28,"key":"Orichalcum"},{"floor":33,"key":"ReplayTheSpireMod:Shallot"},{"floor":33,"key":"Blue Candle"},{"floor":33,"key":"testmod-BalancedPeriapt"},{"floor":45,"key":"GuppysTail"},{"floor":48,"key":"AT_ImmortalShieldbow"}],"event_choices":[{"damage_healed":0,"gold_gain":0,"player_choice":"Donut","damage_taken":0,"max_hp_gain":5,"max_hp_loss":0,"event_name":"Big Fish","floor":3,"gold_loss":0},{"damage_healed":0,"gold_gain":0,"player_choice":"Ignored","damage_taken":0,"max_hp_gain":0,"max_hp_loss":0,"event_name":"Liars Game","floor":4,"gold_loss":0},{"damage_healed":0,"gold_gain":0,"player_choice":"Fled","damage_taken":0,"max_hp_gain":0,"max_hp_loss":0,"event_name":"Scrap Ooze","floor":5,"gold_loss":0},{"damage_healed":0,"gold_gain":0,"player_choice":"Ignored","damage_taken":0,"max_hp_gain":0,"max_hp_loss":0,"event_name":"Shining Light","floor":11,"gold_loss":0},{"damage_healed":0,"gold_gain":0,"player_choice":"Shed Blood","damage_taken":27,"max_hp_gain":5,"max_hp_loss":0,"event_name":"Forgotten Altar","floor":31,"gold_loss":0},{"damage_healed":0,"gold_gain":0,"player_choice":"Fight","damage_taken":0,"max_hp_gain":0,"max_hp_loss":0,"event_name":"MindBloom","floor":45,"gold_loss":0}],"is_beta":false,"boss_relics":[{"not_picked":["testmod-Nine","conspire:SeveredTorchhead","Runic Pyramid"]},{"not_picked":["Busted Crown","Painkiller Herb","testmod-IncinerationGenerator"]}],"items_purged_floors":[14,24,37,42],"is_endless":false,"potions_floor_spawned":[2,2,8,10,13,13,13,18,18,21,22,22,23,25,25,27,30,30,33,35,35,38,38,41,45,48],"killed_by":"conspire:OrnateMirror","ascension_level":20}}