{"host":"rzjc4nrqz5d54r3r","time":1612006194,"event":{"mods":["BaseMod","Colored Map","Keyboard Shortcuts","Minty Spire (QoL Compilation)","Quick Restart","StSLib","SuperFastMode","everything is the same but u backflip on backflip"],"gold_per_floor":[115,115,135,149,169,169,189,208,235,235,250,250,266,266,266,368,368,378,390,489,505,523,523,523,523,523,523,538,214,224,49,49,149,149,169,169,169,179,179,179,210,230,255,266,279,292,303,331,331,331,331,331,29,57,57],"floor_reached":56,"language":"KOR","playtime":1898,"items_purged":["Strike_R","Strike_R","Strike_R+1"],"score":1232,"play_id":"540c5943-98c4-4a42-9f6d-95b3e60cd70a","local_time":"20210130202954","is_ascension_mode":false,"campfire_choices":[{"data":"Armaments","floor":6.0,"key":"SMITH"},{"data":"Searing Blow","floor":12.0,"key":"SMITH"},{"data":"Searing Blow+2","floor":15.0,"key":"SMITH"},{"data":"Searing Blow+3","floor":23.0,"key":"SMITH"},{"data":"Searing Blow+4","floor":25.0,"key":"SMITH"},{"data":"Searing Blow+5","floor":27.0,"key":"SMITH"},{"floor":32.0,"key":"RECALL"},{"data":"Searing Blow+6","floor":40.0,"key":"SMITH"},{"floor":49,"key":"REST"},{"data":"Battle Trance","floor":52,"key":"SMITH"}],"circlet_count":0,"master_deck":["Defend_R","Defend_R","Bash+1","Searing Blow+8","Shrug It Off+1","Armaments+1","Headbutt","Second Wind","Impervious+1","True Grit+1","Power Through","Disarm","Armaments+1","Power Through+1","Sever Soul+1","Second Wind+1","Battle Trance+1","Evolve","Seeing Red+1"],"relics":["Burning Blood","Orichalcum","Mark of Pain","Meat on the Bone","Membership Card","Happy Flower","White Beast Statue","Astrolabe","MealTicket","Whetstone","Bag of Marbles","War Paint","Bronze Scales","Red Skull"],"acts_visited":["Exordium","TheCity","TheBeyond","TheEnding"],"potions_floor_usage":[48,55,55],"damage_taken":[{"damage":0.0,"enemies":"2 Louse","floor":1.0,"turns":3.0},{"damage":6.0,"enemies":"Cultist","floor":3.0,"turns":3.0},{"damage":0.0,"enemies":"Small Slimes","floor":4.0,"turns":5.0},{"damage":7.0,"enemies":"Looter","floor":5.0,"turns":3.0},{"damage":16.0,"enemies":"Exordium Wildlife","floor":7.0,"turns":6.0},{"damage":8.0,"enemies":"Gremlin Gang","floor":8.0,"turns":6.0},{"damage":27.0,"enemies":"Exordium Thugs","floor":11.0,"turns":5.0},{"damage":3.0,"enemies":"2 Fungi Beasts","floor":13.0,"turns":3.0},{"damage":40.0,"enemies":"The Guardian","floor":16.0,"turns":12.0},{"damage":13.0,"enemies":"Shell Parasite","floor":18.0,"turns":7.0},{"damage":4.0,"enemies":"Spheric Guardian","floor":19.0,"turns":3.0},{"damage":15.0,"enemies":"Snake Plant","floor":21.0,"turns":4.0},{"damage":7.0,"enemies":"Cultist and Chosen","floor":22.0,"turns":7.0},{"damage":0.0,"enemies":"3 Cultists","floor":28.0,"turns":5.0},{"damage":0.0,"enemies":"Snake Plant","floor":30.0,"turns":2.0},{"damage":72.0,"enemies":"Champ","floor":33.0,"turns":11.0},{"damage":0.0,"enemies":"3 Darklings","floor":35.0,"turns":9.0},{"damage":0.0,"enemies":"Orb Walker","floor":38.0,"turns":2.0},{"damage":0.0,"enemies":"Nemesis","floor":41.0,"turns":7.0},{"damage":22.0,"enemies":"Writhing Mass","floor":42.0,"turns":6.0},{"damage":3.0,"enemies":"Spire Growth","floor":44.0,"turns":2.0},{"damage":5.0,"enemies":"Transient","floor":45.0,"turns":5.0},{"damage":0.0,"enemies":"Jaw Worm Horde","floor":46.0,"turns":6.0},{"damage":17.0,"enemies":"Sphere and 2 Shapes","floor":47.0,"turns":8.0},{"damage":27,"enemies":"Giant Head","floor":48,"turns":8},{"damage":49,"enemies":"Awakened One","floor":50,"turns":9},{"damage":42,"enemies":"Shield and Spear","floor":54,"turns":9},{"damage":33,"enemies":"The Heart","floor":55,"turns":11}],"seed_played":"-5984473057514309396","potions_obtained":[{"floor":1.0,"key":"SmokeBomb"},{"floor":3.0,"key":"SpeedPotion"},{"floor":4.0,"key":"BloodPotion"},{"floor":11.0,"key":"GamblersBrew"},{"floor":22.0,"key":"Block Potion"},{"floor":28.0,"key":"Swift Potion"},{"floor":33.0,"key":"EntropicBrew"},{"floor":35.0,"key":"ElixirPotion"},{"floor":41.0,"key":"FairyPotion"},{"floor":42.0,"key":"SteroidPotion"},{"floor":46.0,"key":"GamblersBrew"},{"floor":47.0,"key":"PowerPotion"},{"floor":48,"key":"AttackPotion"}],"is_trial":false,"path_per_floor":["M","?","M","M","M","R","M","M","T","?","M","R","M","?","R","B",null,"M","M","?","M","M","R","T","R","T","R","M","$","M","$","R","B",null,"M","?","?","M","?","R","E","M","T","M","M","M","M","E","R","B",null,"R","$","E","B",null],"character_chosen":"IRONCLAD","items_purchased":["Membership Card","Happy Flower","Whirlwind","Disarm","White Beast Statue","Evolve","War Paint","Bronze Scales","Strength Potion","BlessingOfTheForge"],"campfire_rested":1,"item_purchase_floors":[29,29,29,29,31,53,53,53,53,53],"current_hp_per_floor":[80,80,80,80,79,79,69,67,67,51,46,46,49,49,49,15,80,73,75,75,66,65,65,65,65,65,65,71,71,77,77,77,23,80,80,80,80,80,80,80,80,64,64,67,68,74,63,54,78,47,80,80,80,56,41],"gold":57,"neow_bonus":"THREE_CARDS","is_daily":false,"chose_seed":false,"campfire_upgraded":8,"win_rate":0.0,"timestamp":1612006194,"path_taken":["M","?","M","?","M","R","M","M","T","?","M","R","M","?","R","BOSS","M","M","?","M","M","R","?","R","T","R","M","$","?","$","R","BOSS","M","?","?","M","?","R","E","M","T","M","?","M","M","E","R","BOSS","R","$","E","BOSS"],"items_purchased_type":["Relic","Relic","Card","Card","Relic","Card","Relic","Relic","Potion","Potion"],"build_version":"2020-12-22","purchased_purges":3,"victory":true,"max_hp_per_floor":[80,80,80,80,80,80,80,80,80,80,80,80,80,80,80,80,80,80,80,80,80,80,80,80,80,80,80,80,80,80,80,80,80,80,80,80,80,80,80,80,80,80,80,80,80,80,80,80,80,80,80,80,80,80,80],"card_choices":[{"not_picked":["Blood for Blood","Anger"],"picked":"Searing Blow","floor":0.0},{"not_picked":["Pummel","Battle Trance"],"picked":"Shrug It Off","floor":1.0},{"not_picked":["Infernal Blade","Twin Strike"],"picked":"Armaments","floor":3.0},{"not_picked":["Sword Boomerang","Flex","Heavy Blade"],"picked":"SKIP","floor":4.0},{"not_picked":["Reckless Charge","Sword Boomerang","Blood for Blood"],"picked":"SKIP","floor":5.0},{"not_picked":["Thunderclap","Sentinel","Dual Wield"],"picked":"SKIP","floor":7.0},{"not_picked":["Wild Strike","Sentinel","Pommel Strike"],"picked":"SKIP","floor":8.0},{"not_picked":["Cleave","Sword Boomerang"],"picked":"Headbutt","floor":11.0},{"not_picked":["Sentinel","Power Through"],"picked":"Second Wind","floor":13.0},{"not_picked":["Barricade","Juggernaut"],"picked":"Impervious","floor":16.0},{"not_picked":["Reckless Charge+1","Pummel+1","Havoc"],"picked":"SKIP","floor":18.0},{"not_picked":["Pommel Strike","Armaments"],"picked":"True Grit+1","floor":19.0},{"not_picked":["Twin Strike","Shrug It Off","Fire Breathing"],"picked":"SKIP","floor":21.0},{"not_picked":["Headbutt+1","Shrug It Off+1"],"picked":"Power Through","floor":22.0},{"not_picked":["Pommel Strike","Infernal Blade","Heavy Blade"],"picked":"SKIP","floor":28.0},{"not_picked":["Flex","Warcry"],"picked":"Armaments","floor":30.0},{"not_picked":["True Grit","Perfected Strike","Rupture"],"picked":"SKIP","floor":35.0},{"not_picked":["Second Wind","Flex+1","Anger+1"],"picked":"SKIP","floor":38.0},{"not_picked":["Wild Strike+1","Twin Strike+1"],"picked":"Battle Trance","floor":41.0},{"not_picked":["Flex+1","Twin Strike+1","Inflame"],"picked":"SKIP","floor":42.0},{"not_picked":["Clothesline+1","Barricade","Perfected Strike+1"],"picked":"SKIP","floor":44.0},{"not_picked":["Perfected Strike+1","Sentinel","Shrug It Off+1"],"picked":"SKIP","floor":45.0},{"not_picked":["Pommel Strike+1","Shrug It Off","Headbutt+1"],"picked":"SKIP","floor":46.0},{"not_picked":["Intimidate+1","Thunderclap","Heavy Blade+1"],"picked":"SKIP","floor":47.0},{"not_picked":["Juggernaut","Entrench","Power Through"],"picked":"SKIP","floor":48},{"not_picked":["Havoc","Seeing Red+1","Headbutt+1"],"picked":"SKIP","floor":54},{"not_picked":["Havoc","Headbutt+1"],"picked":"Seeing Red+1","floor":54}],"player_experience":47854,"relics_obtained":[{"floor":9.0,"key":"Orichalcum"},{"floor":26.0,"key":"Meat on the Bone"},{"floor":41.0,"key":"MealTicket"},{"floor":43.0,"key":"Whetstone"},{"floor":48,"key":"Bag of Marbles"},{"floor":54,"key":"Red Skull"}],"event_choices":[{"cards_removed":["Strike_R"],"damage_healed":0.0,"max_hp_gain":0.0,"max_hp_loss":0.0,"gold_gain":0.0,"event_name":"Purifier","player_choice":"Purged","floor":2.0,"gold_loss":0.0,"damage_taken":0.0},{"damage_healed":0.0,"max_hp_gain":0.0,"max_hp_loss":0.0,"gold_gain":0.0,"event_name":"Shining Light","player_choice":"Entered Light","floor":10.0,"gold_loss":0.0,"damage_taken":16.0,"cards_upgraded":["Strike_R","Shrug It Off"]},{"damage_healed":0.0,"max_hp_gain":0.0,"max_hp_loss":0.0,"gold_gain":0.0,"event_name":"Living Wall","player_choice":"Grow","floor":14.0,"gold_loss":0.0,"damage_taken":0.0,"cards_upgraded":["Searing Blow"]},{"damage_healed":0.0,"max_hp_gain":0.0,"max_hp_loss":0.0,"gold_gain":99.0,"event_name":"Nest","player_choice":"Stole From Cult","floor":20.0,"gold_loss":0.0,"damage_taken":0.0},{"damage_healed":0.0,"max_hp_gain":0.0,"max_hp_loss":0.0,"gold_gain":0.0,"event_name":"Tomb of Lord Red Mask","player_choice":"Ignored","floor":36.0,"gold_loss":0.0,"damage_taken":0.0},{"cards_removed":["Whirlwind"],"damage_healed":0.0,"max_hp_gain":0.0,"max_hp_loss":0.0,"gold_gain":0.0,"event_name":"Falling","player_choice":"Removed Attack","floor":37.0,"gold_loss":0.0,"damage_taken":0.0},{"damage_healed":0.0,"max_hp_gain":0.0,"max_hp_loss":0.0,"gold_gain":0.0,"event_name":"Mysterious Sphere","player_choice":"Ignored","floor":39.0,"gold_loss":0.0,"damage_taken":0.0}],"is_beta":false,"boss_relics":[{"not_picked":["Cursed Key","Tiny House"],"picked":"Mark of Pain"},{"not_picked":["Busted Crown","Black Star"],"picked":"Astrolabe"}],"items_purged_floors":[29,31,53],"is_endless":false,"potions_floor_spawned":[1,3,4,11,18,22,28,33,35,38,41,42,44,45,46,47,48,54],"ascension_level":0}}