{"host":"8is2j71l4wmybkoi","time":1612009495,"event":{"mods":["AchievementEnabler","BaseMod","Colored Map","Minty Spire (QoL Compilation)","Rare Cards Sparkle","StSLib","SuperFastMode"],"gold_per_floor":[112,128,141,141,159,159,184,184,184,228,238,238,238,264,264,264,264],"floor_reached":16,"language":"KOR","playtime":432,"items_purged":[],"score":171,"play_id":"15ae2d83-5d13-40c9-af44-fb8a77f7bc4a","local_time":"20210130212455","is_ascension_mode":true,"campfire_choices":[{"data":"Sweeping Beam","floor":6.0,"key":"SMITH"},{"data":"Defragment","floor":8.0,"key":"SMITH"},{"floor":13.0,"key":"REST"},{"data":"Go for the Eyes","floor":15,"key":"SMITH"}],"circlet_count":0,"master_deck":["AscendersBane","Strike_B","Strike_B","Strike_B","Defend_B","Defend_B","Defend_B","Defend_B","Zap","Dualcast","Sweeping Beam+1","Rip and Tear","Go for the Eyes+1","Turbo+1","Defragment+1","Biased Cognition","Leap+1"],"relics":["Cracked Core","Toxic Egg 2","InkBottle","Pear","CeramicFish"],"acts_visited":["Exordium"],"potions_floor_usage":[16],"damage_taken":[{"damage":0.0,"enemies":"Cultist","floor":1.0,"turns":3.0},{"damage":0.0,"enemies":"Small Slimes","floor":2.0,"turns":2.0},{"damage":7.0,"enemies":"Jaw Worm","floor":3.0,"turns":3.0},{"damage":9.0,"enemies":"2 Fungi Beasts","floor":5.0,"turns":3.0},{"damage":27.0,"enemies":"Lagavulin","floor":7.0,"turns":7.0},{"damage":25.0,"enemies":"3 Sentries","floor":10.0,"turns":7.0},{"damage":3.0,"enemies":"Exordium Thugs","floor":11.0,"turns":3.0},{"damage":0.0,"enemies":"Large Slime","floor":12.0,"turns":1.0},{"damage":8,"enemies":"Lots of Slimes","floor":14,"turns":3},{"damage":26,"enemies":"Hexaghost","floor":16,"turns":9}],"seed_played":"-8583943529106359351","potions_obtained":[{"floor":3.0,"key":"GamblersBrew"},{"floor":7.0,"key":"GamblersBrew"},{"floor":11.0,"key":"SmokeBomb"},{"floor":14,"key":"EssenceOfSteel"}],"is_trial":false,"path_per_floor":["M","M","M","T","M","R","E","R","T","E","M","M","R","M","R","B"],"character_chosen":"DEFECT","items_purchased":[],"campfire_rested":1,"item_purchase_floors":[],"current_hp_per_floor":[68,68,61,61,52,52,25,25,35,10,7,7,32,24,24,0,0],"gold":264,"neow_bonus":"REMOVE_CARD","is_daily":false,"chose_seed":false,"campfire_upgraded":3,"win_rate":0.0,"timestamp":1612009495,"path_taken":["M","?","M","?","M","R","E","R","T","E","?","M","R","M","R","BOSS"],"items_purchased_type":[],"build_version":"2020-12-22","purchased_purges":0,"victory":false,"max_hp_per_floor":[75,75,75,75,75,75,75,75,85,85,85,85,85,85,85,85,85],"card_choices":[{"not_picked":["Reinforced Body","Coolheaded"],"picked":"Sweeping Beam","floor":1.0},{"not_picked":["Hologram","Barrage"],"picked":"Rip and Tear","floor":2.0},{"not_picked":["Streamline","Turbo"],"picked":"Go for the Eyes","floor":3.0},{"not_picked":["Beam Cell","Compile Driver"],"picked":"Turbo+1","floor":5.0},{"not_picked":["Hello World","Doom and Gloom"],"picked":"Defragment","floor":7.0},{"not_picked":["Darkness+1","Rip and Tear"],"picked":"Biased Cognition","floor":10.0},{"not_picked":["Gash","Hello World","Sweeping Beam"],"picked":"SKIP","floor":11.0},{"not_picked":["Melter","Stack+1"],"picked":"Leap+1","floor":14}],"player_experience":849803,"relics_obtained":[{"floor":4.0,"key":"Toxic Egg 2"},{"floor":7.0,"key":"InkBottle"},{"floor":9.0,"key":"Pear"},{"floor":10.0,"key":"CeramicFish"}],"event_choices":[],"is_beta":false,"boss_relics":[],"items_purged_floors":[],"is_endless":false,"potions_floor_spawned":[3,7,11,14],"killed_by":"Hexaghost","ascension_level":10}}