{"host":"2qyxu97h6u4ukicb","time":1612034818,"event":{"mods":["AchievementEnabler","BaseMod","BetterRewards","Colored Map","Colored Powertips","Minty Spire (QoL Compilation)","Replay The Spire","Shop Mod","StSLib"],"gold_per_floor":[119,119,119,194,194,194,214,214,214,227,527,546,546,576,576,679,679,695,709,709,709,727,727,740,740,787,319,331,331,431,70,70,171,171,171,171],"floor_reached":35,"language":"ENG","playtime":1606,"items_purged":[],"score":428,"play_id":"007d552e-3d93-48b1-a3a5-aebce0d63ac7","local_time":"20210130132658","is_ascension_mode":false,"campfire_choices":[{"floor":6,"key":"REST"},{"data":"Consecrate","floor":8,"key":"SMITH"},{"data":"Blasphemy","floor":13,"key":"SMITH"},{"floor":15,"key":"REST"},{"data":"Alpha","floor":23,"key":"SMITH"},{"data":"Consecrate","floor":29,"key":"SMITH"},{"data":"Consecrate","floor":32,"key":"SMITH"}],"circlet_count":0,"master_deck":["Strike_P+1","Strike_P+1","Strike_P+1","Strike_P+1","Defend_P+1","Defend_P+1","Defend_P+1","Defend_P+1","Eruption+1","Vigilance","Consecrate+1","Consecrate+1","Blasphemy+1","Alpha+1","ForeignInfluence","SashWhip","Halt+1","Consecrate+1","Judgement"],"relics":["HolyWater","NeowsBlessing","FossilizedHelix","Old Coin","Eternal Feather","MerchantsRug","ClockworkSouvenir","Shovel","Bottled Flame","Lee\u0027s Waffle","Regal Pillow"],"acts_visited":["Exordium","TheCity","TheBeyond"],"potions_floor_usage":[16,16,19,22,30,33],"damage_taken":[{"damage":0,"enemies":"2 Louse","floor":1,"turns":2},{"damage":0,"enemies":"Small Slimes","floor":7,"turns":1},{"damage":0,"enemies":"Jaw Worm","floor":10,"turns":1},{"damage":0,"enemies":"2 Fungi Beasts","floor":12,"turns":2},{"damage":13,"enemies":"3 Sentries","floor":14,"turns":3},{"damage":0,"enemies":"Slime Boss","floor":16,"turns":5},{"damage":0,"enemies":"Spheric Guardian","floor":18,"turns":1},{"damage":12,"enemies":"2 Thieves","floor":19,"turns":4},{"damage":16,"enemies":"Centurion and Healer","floor":22,"turns":4},{"damage":0,"enemies":"Chosen and Byrds","floor":24,"turns":3},{"damage":0,"enemies":"3 Cultists","floor":28,"turns":3},{"damage":13,"enemies":"Colosseum Slavers","floor":30,"turns":3},{"damage":0,"enemies":"Colosseum Nobs","floor":30,"turns":3},{"damage":14,"enemies":"Champ","floor":33,"turns":8},{"damage":99999,"enemies":"3 Darklings","floor":35,"turns":4}],"seed_played":"2793344996922598359","potions_obtained":[{"floor":1,"key":"Dexterity Potion"},{"floor":10,"key":"Strength Potion"},{"floor":18,"key":"SteroidPotion"},{"floor":19,"key":"PowerPotion"}],"is_trial":false,"path_per_floor":["M","$","?","?","T","R","M","R","T","M","?","M","R","E","R","B",null,"M","M","?","?","M","R","M","?","T","$","M","R","?","$","R","B",null,"M"],"character_chosen":"WATCHER","items_purchased":["MerchantsRug","ClockworkSouvenir","Ambrosia","Judgement","Lee\u0027s Waffle","Regal Pillow","PowerPotion"],"campfire_rested":2,"item_purchase_floors":[27,27,27,27,31,31,31],"current_hp_per_floor":[72,72,58,47,47,68,68,68,68,68,50,50,50,37,64,64,72,72,60,60,60,44,53,53,53,53,53,53,62,49,79,79,65,79,0,0],"gold":171,"neow_bonus":"THREE_ENEMY_KILL","is_daily":false,"chose_seed":false,"campfire_upgraded":5,"win_rate":0.0,"timestamp":1612034818,"path_taken":["M","$","?","?","?","R","M","R","T","M","?","M","R","E","R","BOSS","M","M","?","?","M","R","?","?","T","$","M","R","?","$","R","BOSS","M"],"items_purchased_type":["Relic","Relic","Potion","Card","Relic","Relic","Potion"],"build_version":"2020-12-22","purchased_purges":0,"victory":false,"max_hp_per_floor":[72,72,72,72,72,72,72,72,72,72,72,72,72,72,72,72,72,72,72,72,72,72,72,72,72,72,72,72,72,72,79,79,79,79,79,79],"card_choices":[{"not_picked":["BowlingBash","FlyingSleeves"],"picked":"Consecrate","floor":1},{"not_picked":["ClearTheMind","Adaptation"],"picked":"Consecrate","floor":7},{"not_picked":["Replay:Battleflow","InnerPeace"],"picked":"Blasphemy","floor":10},{"not_picked":["EmptyFist","WheelKick","Replay:BluntJabs"],"picked":"SKIP","floor":12},{"not_picked":["InnerPeace","Replay:ManipulateFuture","Evaluate"],"picked":"SKIP","floor":14},{"not_picked":["Establishment","ConjureBlade"],"picked":"Alpha","floor":16},{"not_picked":["WaveOfTheHand","EmptyFist"],"picked":"ForeignInfluence","floor":18},{"not_picked":["Crescendo+1","CarveReality"],"picked":"SashWhip","floor":19},{"not_picked":["WreathOfFlame","Study"],"picked":"Halt+1","floor":22},{"not_picked":["Replay:Anticipation","Halt"],"picked":"Consecrate","floor":24},{"not_picked":["Replay:AtTheReady","Collect+1","ClearTheMind+1"],"picked":"SKIP","floor":28}],"player_experience":757296,"relics_obtained":[{"floor":5,"key":"Iron Hammer"},{"floor":9,"key":"FossilizedHelix"},{"floor":14,"key":"Eternal Feather"},{"floor":30,"key":"Shovel"},{"floor":30,"key":"Bottled Flame"}],"event_choices":[{"damage_healed":0,"gold_gain":0,"player_choice":"Entered Light","damage_taken":14,"max_hp_gain":0,"max_hp_loss":0,"event_name":"Shining Light","floor":3,"gold_loss":0,"cards_upgraded":["Eruption","Defend_P"]},{"damage_healed":0,"gold_gain":75,"player_choice":"Gather Gold","damage_taken":11,"max_hp_gain":0,"max_hp_loss":0,"event_name":"World of Goop","floor":4,"gold_loss":0},{"damage_healed":0,"gold_gain":0,"player_choice":"Success","damage_taken":18,"relics_obtained":["Old Coin"],"max_hp_gain":0,"max_hp_loss":0,"event_name":"Scrap Ooze","floor":11,"gold_loss":0},{"damage_healed":0,"gold_gain":0,"player_choice":"Simplicity","damage_taken":0,"max_hp_gain":0,"max_hp_loss":0,"event_name":"Back to Basics","floor":20,"gold_loss":0,"cards_upgraded":["Strike_P","Strike_P","Strike_P","Strike_P","Defend_P","Defend_P","Defend_P"]},{"damage_healed":0,"gold_gain":0,"player_choice":"Ignored","damage_taken":0,"max_hp_gain":0,"max_hp_loss":0,"event_name":"Purifier","floor":21,"gold_loss":0},{"damage_healed":0,"gold_gain":0,"player_choice":"Ignored","damage_taken":0,"max_hp_gain":0,"max_hp_loss":0,"event_name":"Ghosts","floor":25,"gold_loss":0},{"damage_healed":0,"gold_gain":0,"player_choice":"Fight","damage_taken":0,"max_hp_gain":0,"max_hp_loss":0,"event_name":"Colosseum","floor":30,"gold_loss":0},{"damage_healed":0,"gold_gain":0,"player_choice":"Fought Nobs","damage_taken":0,"max_hp_gain":0,"max_hp_loss":0,"event_name":"Colosseum","floor":30,"gold_loss":0}],"is_beta":false,"boss_relics":[{"not_picked":["SlaversCollar","Empty Cage"],"picked":"HolyWater"},{"not_picked":["ReplayTheSpireMod:DimensionalGlitch","Sozu","Philosopher\u0027s Stone"]}],"items_purged_floors":[],"is_endless":false,"potions_floor_spawned":[1,10,18,19,30],"killed_by":"3 Darklings","ascension_level":0}}