{"host":"i4yzoangb31cseo0","time":1612010174,"event":{"mods":["AchievementEnabler","BaseMod","ChefMod","Colored Powertips","Curses Come First","Downfall","Hermit","Marisa????????","Minty Spire (QoL Compilation)","Permanent Neow","Rare Cards Sparkle","StSLib","The Cursed","The Necromancer","The Senshi","The Servant 0.9.4"],"gold_per_floor":[118,133,153,69,69,88,111,111,128,154,154,154,154,174,174,274,274,285,305,305,374,374,16,43,62,72,172,44,55,55,55,55,55,55],"floor_reached":33,"language":"ENG","playtime":2853,"items_purged":[],"score":324,"play_id":"def326e1-a20d-4b72-a644-e78bb720be88","local_time":"20210130230614","is_ascension_mode":true,"campfire_choices":[{"floor":12,"key":"REST"},{"floor":15,"key":"REST"},{"floor":30,"key":"REST"},{"floor":32,"key":"REST"}],"circlet_count":0,"master_deck":["Defend_R","Defend_R+1","Defend_R","Defend_R","Bash","Flame Barrier","Whirlwind+1","Seeing Red+1","Shrug It Off","Spot Weakness","Combust","Perfected Strike","Wild Strike","Battle Trance","Brutality","Heavy Blade","Heavy Blade","Cleave+1","Limit Break","Clash+1","Spot Weakness","Clothesline+1","Cleave+1","expansioncontent:StudyTheSpire","Cleave+1","Pommel Strike+1","Rage","Clash+1","Wild Strike+1","Fire Breathing","Wild Strike+1","Seeing Red","Bite+1","Bite+1","Bite+1","Bite+1","Bite+1"],"relics":["Burning Blood","Juzu Bracelet","MealTicket","Lantern","Ice Cream","Black Star","Molten Egg 2","Orrery","Anchor","White Beast Statue"],"acts_visited":["Exordium","TheCity"],"potions_floor_usage":[9,10,10,20,20,28,29,33,33,33],"damage_taken":[{"damage":5,"enemies":"Small Slimes","floor":1,"turns":4},{"damage":4,"enemies":"2 Louse","floor":2,"turns":3},{"damage":8,"enemies":"Cultist","floor":3,"turns":5},{"damage":0,"enemies":"downfall:FleeingMerchant","floor":4,"turns":4},{"damage":8,"enemies":"3 Louse","floor":6,"turns":3},{"damage":21,"enemies":"Gremlin Gang","floor":9,"turns":4},{"damage":18,"enemies":"Lagavulin","floor":10,"turns":7},{"damage":0,"enemies":"Lots of Slimes","floor":14,"turns":1},{"damage":16,"enemies":"Slime Boss","floor":16,"turns":8},{"damage":52,"enemies":"Shell Parasite","floor":18,"turns":6},{"damage":26,"enemies":"Chosen","floor":19,"turns":5},{"damage":0,"enemies":"Centurion and Healer","floor":20,"turns":1},{"damage":10,"enemies":"downfall:FleeingMerchant","floor":23,"turns":4},{"damage":20,"enemies":"Snake Plant","floor":25,"turns":4},{"damage":15,"enemies":"3 Cultists","floor":26,"turns":4},{"damage":15,"enemies":"downfall:LadyInBlue","floor":27,"turns":7},{"damage":2,"enemies":"downfall:FleeingMerchant","floor":28,"turns":4},{"damage":4,"enemies":"Snecko","floor":29,"turns":3},{"damage":99,"enemies":"WA_ARCHETYPE_CALM","floor":33,"turns":8}],"seed_played":"6497693565319817546","potions_obtained":[{"floor":2,"key":"Strength Potion"},{"floor":3,"key":"SkillPotion"},{"floor":6,"key":"SmokeBomb"},{"floor":9,"key":"Energy Potion"},{"floor":16,"key":"LiquidBronze"},{"floor":27,"key":"HeartOfIron"},{"floor":27,"key":"ColorlessPotion"},{"floor":27,"key":"Ancient Potion"},{"floor":28,"key":"SkillPotion"},{"floor":29,"key":"hexamod:SoulburnPotion"}],"is_trial":false,"path_per_floor":["M","M","M","$","?","M","T","?","M","E","?","R","T","M","R","B",null,"M","M","M","T","?","$","T","M","M","?","$","M","R","?","R","B"],"character_chosen":"IRONCLAD","items_purchased":["Spot Weakness","Orrery","expansioncontent:StudyTheSpire","Cleave+1","Fire Breathing","Wild Strike+1"],"campfire_rested":4,"item_purchase_floors":[4,23,23,23,28,28],"current_hp_per_floor":[80,80,78,80,80,78,78,62,49,39,32,56,56,64,80,70,80,34,16,24,24,24,37,37,25,18,11,32,36,60,60,80,0,0],"gold":55,"neow_bonus":"RANDOM_COMMON_RELIC","is_daily":false,"chose_seed":false,"campfire_upgraded":0,"win_rate":0.0,"timestamp":1612010174,"path_taken":["M","M","M","$","?","M","T","?","M","E","?","R","?","M","R","BOSS","M","M","M","?","?","$","T","M","M","?","$","M","R","?","R","BOSS"],"items_purchased_type":["Card","Relic","Card","Card","Card","Card"],"build_version":"2020-12-22","purchased_purges":0,"victory":false,"max_hp_per_floor":[80,80,80,80,80,80,80,80,80,80,80,80,80,80,80,80,80,80,80,80,80,80,80,80,80,80,80,80,80,80,80,80,80,80],"card_choices":[{"not_picked":["Wild Strike","Fire Breathing"],"picked":"Flame Barrier","floor":1},{"not_picked":["Flex","Clash"],"picked":"Whirlwind","floor":2},{"not_picked":["Iron Wave","Body Slam"],"picked":"Seeing Red","floor":3},{"not_picked":["Clothesline","Whirlwind"],"picked":"Shrug It Off","floor":4},{"not_picked":["Pommel Strike","Iron Wave"],"picked":"Combust","floor":6},{"not_picked":["Flex","Cleave"],"picked":"Perfected Strike","floor":9},{"not_picked":["Uppercut","Rage"],"picked":"Wild Strike","floor":10},{"not_picked":["Havoc","Whirlwind"],"picked":"Battle Trance","floor":14},{"not_picked":["Corruption","Exhume"],"picked":"Brutality","floor":16},{"not_picked":["Anger+1","Flame Barrier"],"picked":"Heavy Blade","floor":18},{"not_picked":["Clash","Burning Pact"],"picked":"Heavy Blade","floor":19},{"not_picked":["Dark Embrace","Iron Wave+1"],"picked":"Cleave+1","floor":23},{"not_picked":["Body Slam+1","Headbutt+1"],"picked":"Limit Break","floor":23},{"not_picked":["Whirlwind+1","Clothesline+1"],"picked":"Clash+1","floor":23},{"not_picked":["Havoc","Dark Embrace+1"],"picked":"Spot Weakness","floor":23},{"not_picked":["Searing Blow+1","Ghostly Armor"],"picked":"Clothesline+1","floor":23},{"not_picked":["Flex","True Grit"],"picked":"Cleave+1","floor":23},{"not_picked":["Uppercut+1","Sentinel"],"picked":"Pommel Strike+1","floor":25},{"not_picked":["Cleave+1","Rupture"],"picked":"Rage","floor":26},{"not_picked":["Sever Soul+1","Burning Pact"],"picked":"Clash+1","floor":27},{"not_picked":["Havoc","Power Through"],"picked":"Wild Strike+1","floor":28},{"not_picked":["Shrug It Off","Anger+1"],"picked":"Seeing Red","floor":29}],"player_experience":162752,"relics_obtained":[{"floor":7,"key":"Blood Vial"},{"floor":10,"key":"MealTicket"},{"floor":13,"key":"Ice Cream"},{"floor":21,"key":"Molten Egg 2"},{"floor":24,"key":"Anchor"},{"floor":27,"key":"White Beast Statue"}],"event_choices":[{"damage_healed":0,"gold_gain":0,"player_choice":"Ignored","damage_taken":0,"max_hp_gain":0,"max_hp_loss":0,"event_name":"Golden Wing","floor":5,"gold_loss":0},{"damage_healed":0,"gold_gain":0,"player_choice":"Entered Light","damage_taken":16,"max_hp_gain":0,"max_hp_loss":0,"event_name":"Shining Light","floor":8,"gold_loss":0,"cards_upgraded":["Defend_R","Whirlwind"]},{"damage_healed":0,"gold_gain":0,"player_choice":"Success","damage_taken":7,"relics_obtained":["Lantern"],"max_hp_gain":0,"max_hp_loss":0,"event_name":"Scrap Ooze","floor":11,"gold_loss":0},{"damage_healed":0,"gold_gain":0,"player_choice":"Became a vampire (Vial)","damage_taken":0,"max_hp_gain":0,"max_hp_loss":0,"event_name":"Vampires","floor":31,"relics_lost":["Blood Vial"],"gold_loss":0,"cards_obtained":["Bite","Bite","Bite","Bite","Bite"]}],"is_beta":false,"boss_relics":[{"not_picked":["Empty Cage","bronze:MakeshiftBattery"],"picked":"Black Star"}],"items_purged_floors":[],"is_endless":false,"potions_floor_spawned":[2,3,6,9,16,20,27,28,29],"killed_by":"WA_ARCHETYPE_CALM","ascension_level":2}}