{"host":"kda2p2afd6bvz6qo","time":1612031278,"event":{"mods":["BaseMod","Colored Map","Minty Spire (QoL Compilation)","Relic Stats"],"gold_per_floor":[115,115,130,149,164,164,164,164,164,182,182,217,232,25,25,102,102,116,116,116,116,126,126,126],"floor_reached":23,"language":"ENG","playtime":1487,"items_purged":["Defend_G"],"score":482,"play_id":"48be3c20-803e-4383-8d9e-5bb43cf7c963","local_time":"20210130182758","is_ascension_mode":true,"campfire_choices":[{"data":"Dash","floor":6,"key":"SMITH"},{"data":"Well Laid Plans","floor":8,"key":"SMITH"},{"floor":11,"key":"REST"},{"data":"Footwork","floor":15,"key":"SMITH"}],"circlet_count":0,"master_deck":["AscendersBane","Strike_G","Defend_G+1","Defend_G","Defend_G+1","Survivor","Neutralize","Poisoned Stab","Dash+1","Terror","Well Laid Plans+1","Flying Knee","Backflip","Sucker Punch","Footwork+1","Deflect","A Thousand Cuts","Poisoned Stab","Tools of the Trade","Leg Sweep","Flechettes","Necronomicurse","Caltrops"],"relics":["Empty Cage","Vajra","Ornamental Fan","Runic Dome","Necronomicon"],"acts_visited":["Exordium","TheCity"],"potions_floor_usage":[11,12,16,23,23],"damage_taken":[{"damage":0,"enemies":"Small Slimes","floor":1,"turns":6},{"damage":0,"enemies":"2 Louse","floor":3,"turns":3},{"damage":0,"enemies":"Cultist","floor":4,"turns":3},{"damage":1,"enemies":"Blue Slaver","floor":5,"turns":4},{"damage":0,"enemies":"3 Louse","floor":10,"turns":3},{"damage":34,"enemies":"3 Sentries","floor":12,"turns":13},{"damage":0,"enemies":"Large Slime","floor":13,"turns":8},{"damage":0,"enemies":"The Guardian","floor":16,"turns":12},{"damage":6,"enemies":"Shell Parasite","floor":18,"turns":5},{"damage":7,"enemies":"3 Byrds","floor":22,"turns":6},{"damage":38,"enemies":"Gremlin Leader","floor":23,"turns":3}],"seed_played":"-1955771349075219164","potions_obtained":[{"floor":5,"key":"Weak Potion"},{"floor":10,"key":"Fruit Juice"},{"floor":12,"key":"SteroidPotion"},{"floor":16,"key":"PowerPotion"},{"floor":18,"key":"ColorlessPotion"}],"is_trial":false,"path_per_floor":["M","?","M","M","M","R","?","R","T","M","R","E","M","$","R","B",null,"M","?","?","?","M","E"],"character_chosen":"THE_SILENT","items_purchased":["Footwork","Deflect"],"campfire_rested":1,"item_purchase_floors":[14,14],"current_hp_per_floor":[59,39,39,39,38,38,38,38,38,38,64,30,30,30,30,30,61,55,55,55,34,27,0,0],"gold":126,"neow_bonus":"BOSS_RELIC","is_daily":false,"chose_seed":false,"campfire_upgraded":3,"win_rate":0.0,"timestamp":1612031278,"path_taken":["M","?","M","M","M","R","?","R","T","?","R","E","M","$","R","BOSS","M","?","?","?","M","E"],"items_purchased_type":["Card","Card"],"build_version":"2020-12-22","purchased_purges":1,"victory":false,"max_hp_per_floor":[66,66,66,66,66,66,66,66,66,66,71,71,71,71,71,71,71,71,71,71,71,71,71,71],"relic_stats":{"counters":[11,66],"Ornamental Fan":[52],"Necronomicon":[3],"obtain_stats":[{"Runic Dome":17,"Ornamental Fan":12,"Vajra":9,"Necronomicon":21,"Empty Cage":0,"Ring of the Snake":0},{"Runic Dome":8,"Ornamental Fan":6,"Vajra":4,"Necronomicon":9,"Empty Cage":0,"Ring of the Snake":0},{"Runic Dome":52,"Ornamental Fan":32,"Vajra":16,"Necronomicon":57,"Empty Cage":0,"Ring of the Snake":0}]},"card_choices":[{"not_picked":["Backflip","Dagger Throw"],"picked":"Poisoned Stab","floor":1},{"not_picked":["Accuracy","Endless Agony"],"picked":"Dash","floor":3},{"not_picked":["Calculated Gamble","PiercingWail"],"picked":"Terror","floor":4},{"not_picked":["Catalyst","Flechettes"],"picked":"Well Laid Plans","floor":5},{"not_picked":["Prepared","Bane"],"picked":"Flying Knee","floor":10},{"not_picked":["Setup","Choke"],"picked":"Backflip","floor":12},{"not_picked":["PiercingWail","Dagger Throw"],"picked":"Sucker Punch","floor":13},{"not_picked":["Envenom","After Image"],"picked":"A Thousand Cuts","floor":16},{"not_picked":["Prepared","Infinite Blades"],"picked":"Poisoned Stab","floor":18},{"not_picked":["Flying Knee","Backflip"],"picked":"Caltrops","floor":22}],"player_experience":178954,"relics_obtained":[{"floor":9,"key":"Vajra"},{"floor":12,"key":"Ornamental Fan"},{"floor":21,"key":"Necronomicon"}],"event_choices":[{"damage_healed":0,"gold_gain":0,"player_choice":"Entered Light","damage_taken":20,"max_hp_gain":0,"max_hp_loss":0,"event_name":"Shining Light","floor":2,"gold_loss":0,"cards_upgraded":["Defend_G","Defend_G"]},{"cards_removed":["Strike_G"],"damage_healed":0,"gold_gain":0,"player_choice":"Purged","damage_taken":0,"max_hp_gain":0,"max_hp_loss":0,"event_name":"Purifier","floor":7,"gold_loss":0},{"damage_healed":0,"gold_gain":0,"cards_transformed":["Strike_G","Strike_G"],"player_choice":"Became Test Subject","damage_taken":0,"max_hp_gain":0,"max_hp_loss":0,"event_name":"Drug Dealer","floor":19,"gold_loss":0,"cards_obtained":["Tools of the Trade","Leg Sweep"]},{"damage_healed":0,"gold_gain":0,"player_choice":"Read","damage_taken":0,"max_hp_gain":0,"max_hp_loss":0,"event_name":"The Library","floor":20,"gold_loss":0,"cards_obtained":["Flechettes"]},{"damage_healed":0,"gold_gain":0,"player_choice":"Obtained Book","damage_taken":21,"max_hp_gain":0,"max_hp_loss":0,"event_name":"Cursed Tome","floor":21,"gold_loss":0}],"is_beta":false,"boss_relics":[{"not_picked":["HoveringKite","Fusion Hammer"],"picked":"Runic Dome"}],"items_purged_floors":[14],"is_endless":false,"potions_floor_spawned":[5,10,12,16,18,22],"killed_by":"Gremlin Leader","ascension_level":20}}