{"host":"gbbz8f5svnnpwo8d","time":1612003472,"event":{"mods":["A Penny For Your Troubles","AchievementEnabler","AlwaysNeverKeys","BaseMod","Bestiary","Better Altar","Better Match","Better Note","Better Sensory Stone","Better Silent Start","Better Skull","Better Third Choice","Better Vampires","Better-Laid Plans","BetterRewards","Block Reminder","Colored Map","Colored Powertips","Curses Come First","Dark Map","Displayed Cursed Tome","GifTheSpireLib","Minty Spire (QoL Compilation)","MonsterHotkey","Permanent Neow","Potion Indicator Mod","Quick Restart","Random Character Button","Rare Cards Sparkle","Relic Stats","Reliquary","Shop Mod","Spicy Shops","Spire Birthday Party","StSLib","Transform Curses"],"gold_per_floor":[114,132,142,142,156,156,171,188,236,247,259,259,133,143,143,246,246,263,276,276,292,96,96,125,125,125,125,125,143,175,175,175,276,276,289,289,334,349,399,162,177,177,177,177,30,30,49,86,86,87,87,87,10,41,41],"floor_reached":56,"language":"ENG","playtime":4836,"items_purged":["Strike_R","Strike_R","Strike_R"],"score":1559,"play_id":"7e6141d6-5b92-4c64-bee6-da6662f1ade3","local_time":"20210130034432","is_ascension_mode":false,"campfire_choices":[{"data":"1","floor":6.0,"key":"LIFT"},{"data":"2","floor":15.0,"key":"LIFT"},{"data":"3","floor":23.0,"key":"LIFT"},{"floor":25.0,"key":"DIG"},{"floor":27.0,"key":"DIG"},{"floor":32.0,"key":"REST"},{"floor":42.0,"key":"DIG"},{"floor":44.0,"key":"DIG"},{"floor":49,"key":"DIG"},{"floor":52,"key":"DIG"}],"circlet_count":0,"master_deck":["Defend_R","Defend_R","Defend_R","Defend_R","Bash","Dramatic Entrance","Cleave","Wild Strike+1","Limit Break+1","Flex","Limit Break","Heavy Blade+1","Sword Boomerang","Thunderclap","Impervious","Ghostly Armor","Secret Technique","Flex","Fiend Fire+1","Power Through+1","Impervious","Panacea","Jack Of All Trades","Sword Boomerang+1","Body Slam+1","Deep Breath","Body Slam+1","Feel No Pain","Fire Breathing","Impervious","True Grit","Feel No Pain"],"relics":["Burning Blood","Membership Card","MerchantsRug","Girya","Pen Nib","Art of War","Paper Frog","Mark of Pain","Happy Flower","Gremlin Horn","FossilizedHelix","Red Skull","PreservedInsect","reliquary:TuningFork","Busted Crown","StoneCalendar","Incense Burner","Self Forming Clay","Bronze Scales","reliquary:Firecrackers","reliquary:RoseTintedGlasses","ClockworkSouvenir","Pantograph","Charon\u0027s Ashes","DollysMirror","Oddly Smooth Stone","StrikeDummy"],"acts_visited":["Exordium","TheCity","TheBeyond","TheEnding"],"potions_floor_usage":[55,55,55,55,55,55,55],"damage_taken":[{"damage":3.0,"enemies":"Small Slimes","floor":1.0,"turns":2.0},{"damage":6.0,"enemies":"Cultist","floor":2.0,"turns":3.0},{"damage":0.0,"enemies":"2 Louse","floor":3.0,"turns":2.0},{"damage":6.0,"enemies":"Exordium Wildlife","floor":5.0,"turns":3.0},{"damage":7.0,"enemies":"Blue Slaver","floor":7.0,"turns":2.0},{"damage":0.0,"enemies":"Looter","floor":8.0,"turns":2.0},{"damage":0.0,"enemies":"Exordium Wildlife","floor":10.0,"turns":2.0},{"damage":0.0,"enemies":"3 Louse","floor":11.0,"turns":1.0},{"damage":0.0,"enemies":"2 Fungi Beasts","floor":14.0,"turns":2.0},{"damage":16.0,"enemies":"Slime Boss","floor":16.0,"turns":5.0},{"damage":0.0,"enemies":"3 Byrds","floor":18.0,"turns":4.0},{"damage":5.0,"enemies":"2 Thieves","floor":19.0,"turns":3.0},{"damage":0.0,"enemies":"Snake Plant","floor":21.0,"turns":2.0},{"damage":0.0,"enemies":"Gremlin Leader","floor":24.0,"turns":4.0},{"damage":0.0,"enemies":"Centurion and Healer","floor":29.0,"turns":2.0},{"damage":18.0,"enemies":"Book of Stabbing","floor":30.0,"turns":4.0},{"damage":0.0,"enemies":"Champ","floor":33.0,"turns":3.0},{"damage":0.0,"enemies":"3 Darklings","floor":35.0,"turns":1.0},{"damage":6.0,"enemies":"2 Orb Walkers","floor":37.0,"turns":4.0},{"damage":0.0,"enemies":"Orb Walker","floor":38.0,"turns":3.0},{"damage":19.0,"enemies":"Mind Bloom Boss Battle","floor":39.0,"turns":4.0},{"damage":0.0,"enemies":"Jaw Worm Horde","floor":41.0,"turns":4.0},{"damage":0,"enemies":"3 Darklings","floor":47,"turns":2},{"damage":12,"enemies":"Nemesis","floor":48,"turns":3},{"damage":8,"enemies":"Awakened One","floor":50,"turns":6},{"damage":17,"enemies":"Shield and Spear","floor":54,"turns":3},{"damage":8,"enemies":"The Heart","floor":55,"turns":7}],"seed_played":"3885941516967629121","potions_obtained":[{"floor":3.0,"key":"ElixirPotion"},{"floor":7.0,"key":"Weak Potion"},{"floor":8.0,"key":"SkillPotion"},{"floor":10.0,"key":"SteroidPotion"},{"floor":11.0,"key":"CultistPotion"},{"floor":19.0,"key":"PowerPotion"},{"floor":21.0,"key":"SteroidPotion"},{"floor":24.0,"key":"Dexterity Potion"},{"floor":37.0,"key":"BlessingOfTheForge"},{"floor":39.0,"key":"Fire Potion"},{"floor":47,"key":"SneckoOil"},{"floor":48,"key":"EntropicBrew"}],"is_trial":false,"path_per_floor":["M","M","M","?","M","R","M","M","T","M","M","?","$","M","R","B",null,"M","M","?","M","$","R","E","R","T","R","?","M","E","?","R","B",null,"M","?","?","M","?","$","M","R","T","R","$","$","M","E","R","B",null,"R","$","E","B",null],"character_chosen":"IRONCLAD","items_purchased":["Membership Card","MerchantsRug","Girya","Shovel","Pen Nib","Dramatic Entrance","Paper Frog","Juzu Bracelet","Happy Flower","Secret Technique","Self Forming Clay","Whetstone","Deep Breath","reliquary:RoseTintedGlasses","ClockworkSouvenir","Fire Breathing","Charon\u0027s Ashes","DollysMirror","Oddly Smooth Stone","Strength Potion","True Grit"],"campfire_rested":1,"item_purchase_floors":[0,0,0,0,0,0,13,22,22,22,40,40,40,45,45,53,53,53,53,53,53],"current_hp_per_floor":[59,59,65,65,65,65,64,70,70,76,80,80,80,80,80,70,80,80,80,80,80,80,80,80,80,80,80,80,80,68,35,59,65,80,80,80,80,80,67,67,73,73,73,73,73,73,79,73,73,71,80,80,80,69,78],"gold":41,"neow_bonus":"","is_daily":false,"chose_seed":false,"campfire_upgraded":0,"win_rate":0.0,"timestamp":1612003472,"path_taken":["M","M","M","?","M","R","?","M","T","M","M","?","$","M","R","BOSS","M","M","?","M","$","R","E","R","T","R","?","M","E","?","R","BOSS","M","?","?","M","?","$","M","R","T","R","$","?","M","E","R","BOSS","R","$","E","BOSS"],"items_purchased_type":["Relic","Relic","Relic","Relic","Relic","Card","Relic","Relic","Relic","Card","Relic","Relic","Card","Relic","Relic","Card","Relic","Relic","Relic","Potion","Card"],"build_version":"2020-12-22","purchased_purges":3,"victory":true,"max_hp_per_floor":[80,80,80,80,80,80,80,80,80,80,80,80,80,80,80,80,80,80,80,80,80,80,80,80,80,80,80,80,80,80,80,80,80,80,80,80,80,80,80,80,80,80,80,80,80,80,80,80,80,80,80,80,80,80,80],"relic_stats":{"Happy Flower":[51],"Gremlin Horn":[8,8],"counters":[51,247],"Self Forming Clay":[21],"StoneCalendar":[0],"Pen Nib":[17],"PreservedInsect":115,"Charon\u0027s Ashes":[75],"Burning Blood":190,"Busted Crown":50,"Bronze Scales":[120],"Pantograph":11,"Art of War":[2],"obtain_stats":[{"Ice Cream":0,"Gremlin Horn":25,"reliquary:Firecrackers":43,"CeramicFish":44,"StoneCalendar":37,"Incense Burner":0,"Juzu Bracelet":8,"Whetstone":6,"Burning Blood":0,"ClockworkSouvenir":45,"Centennial Puzzle":48,"Shovel":0,"DollysMirror":53,"Gambling Chip":40,"Pantograph":52,"reliquary:RoseTintedGlasses":45,"InkBottle":27,"Red Skull":27,"Paper Frog":13,"Potion Belt":43,"MerchantsRug":0,"Girya":0,"Pear":46,"Happy Flower":26,"Self Forming Clay":40,"Oddly Smooth Stone":53,"Pen Nib":54,"PreservedInsect":31,"Charon\u0027s Ashes":53,"Letter Opener":53,"Odd Mushroom":13,"Question Card":30,"Busted Crown":17,"Bird Faced Urn":0,"Bronze Scales":42,"Mark of Pain":34,"Art of War":9,"reliquary:TuningFork":31,"Membership Card":0,"Bottled Lightning":49,"StrikeDummy":54,"TungstenRod":9,"FossilizedHelix":26,"Meat on the Bone":24},{"Ice Cream":0,"Gremlin Horn":38,"reliquary:Firecrackers":46,"CeramicFish":46,"StoneCalendar":43,"Incense Burner":0,"Juzu Bracelet":5,"Whetstone":4,"Burning Blood":0,"ClockworkSouvenir":46,"Centennial Puzzle":48,"Shovel":24,"DollysMirror":49,"Gambling Chip":18,"Pantograph":49,"reliquary:RoseTintedGlasses":46,"InkBottle":11,"Red Skull":38,"Paper Frog":32,"Potion Belt":19,"MerchantsRug":0,"Girya":24,"Pear":19,"Happy Flower":11,"Self Forming Clay":45,"Oddly Smooth Stone":49,"Pen Nib":23,"PreservedInsect":40,"Charon\u0027s Ashes":49,"Letter Opener":22,"Odd Mushroom":7,"Question Card":40,"Busted Crown":8,"Bird Faced Urn":0,"Bronze Scales":46,"Mark of Pain":14,"Art of War":30,"reliquary:TuningFork":40,"Membership Card":24,"Bottled Lightning":48,"StrikeDummy":50,"TungstenRod":5,"FossilizedHelix":38,"Meat on the Bone":38},{"Ice Cream":0,"Gremlin Horn":201,"reliquary:Firecrackers":226,"CeramicFish":226,"StoneCalendar":215,"Incense Burner":0,"Juzu Bracelet":21,"Whetstone":13,"Burning Blood":0,"ClockworkSouvenir":226,"Centennial Puzzle":231,"Shovel":164,"DollysMirror":237,"Gambling Chip":108,"Pantograph":237,"reliquary:RoseTintedGlasses":226,"InkBottle":58,"Red Skull":201,"Paper Frog":181,"Potion Belt":113,"MerchantsRug":0,"Girya":164,"Pear":113,"Happy Flower":58,"Self Forming Clay":222,"Oddly Smooth Stone":237,"Pen Nib":150,"PreservedInsect":207,"Charon\u0027s Ashes":237,"Letter Opener":139,"Odd Mushroom":29,"Question Card":207,"Busted Crown":41,"Bird Faced Urn":0,"Bronze Scales":226,"Mark of Pain":80,"Art of War":178,"reliquary:TuningFork":207,"Membership Card":164,"Bottled Lightning":231,"StrikeDummy":240,"TungstenRod":21,"FossilizedHelix":201,"Meat on the Bone":201}]},"card_choices":[{"not_picked":["Twin Strike","Anger"],"picked":"Cleave","floor":1.0},{"not_picked":["Flex","True Grit"],"picked":"Wild Strike","floor":2.0},{"not_picked":["Second Wind","Iron Wave"],"picked":"Limit Break","floor":3.0},{"not_picked":["True Grit","Iron Wave"],"picked":"Flex","floor":5.0},{"not_picked":["Heavy Blade","Clash"],"picked":"Limit Break","floor":7.0},{"not_picked":["Body Slam","Carnage"],"picked":"Heavy Blade","floor":8.0},{"not_picked":["Pommel Strike","Fire Breathing"],"picked":"Sword Boomerang","floor":10.0},{"not_picked":["Perfected Strike","Shockwave","Heavy Blade"],"picked":"SKIP","floor":11.0},{"not_picked":["Anger","Sever Soul"],"picked":"Thunderclap","floor":14.0},{"not_picked":["Limit Break","Feed"],"picked":"Impervious","floor":16.0},{"not_picked":["Thunderclap","Cleave+1"],"picked":"Ghostly Armor","floor":18.0},{"not_picked":["Twin Strike+1","Wild Strike","Armaments+1"],"picked":"SKIP","floor":19.0},{"not_picked":["Pommel Strike","Entrench+1","Dark Embrace"],"picked":"SKIP","floor":21.0},{"not_picked":["Ghostly Armor+1","Dropkick"],"picked":"Flex","floor":24.0},{"not_picked":["Headbutt","Thunderclap+1"],"picked":"Power Through+1","floor":29.0},{"not_picked":["Dropkick","Havoc","Uppercut"],"picked":"SKIP","floor":30.0},{"not_picked":["Barricade","Exhume","Brutality"],"picked":"Impervious","floor":33.0},{"not_picked":["Dual Wield","True Grit+1"],"picked":"SKIP","floor":35.0},{"not_picked":["The Bomb"],"picked":"Panacea","floor":36.0},{"not_picked":["Bandage Up"],"picked":"Jack Of All Trades","floor":36.0},{"not_picked":["Battle Trance"],"picked":"Sword Boomerang+1","floor":38.0},{"not_picked":["Heavy Blade+1"],"picked":"Body Slam+1","floor":39.0},{"not_picked":["Headbutt"],"picked":"Body Slam+1","floor":41.0},{"not_picked":["Clash+1","Thunderclap+1"],"picked":"SKIP","floor":47},{"not_picked":["Intimidate"],"picked":"Feel No Pain","floor":48},{"not_picked":[],"picked":"Feel No Pain","floor":54}],"player_experience":3639842,"relics_obtained":[{"floor":9.0,"key":"Art of War"},{"floor":24.0,"key":"Meat on the Bone"},{"floor":25.0,"key":"Gremlin Horn"},{"floor":26.0,"key":"FossilizedHelix"},{"floor":27.0,"key":"Red Skull"},{"floor":30.0,"key":"Question Card"},{"floor":37.0,"key":"StoneCalendar"},{"floor":39.0,"key":"Incense Burner"},{"floor":42.0,"key":"Bronze Scales"},{"floor":43.0,"key":"reliquary:Firecrackers"},{"floor":44.0,"key":"CeramicFish"},{"floor":48,"key":"Centennial Puzzle"},{"floor":49,"key":"Bottled Lightning"},{"floor":52,"key":"Pantograph"},{"floor":54,"key":"StrikeDummy"}],"event_choices":[{"damage_healed":0.0,"max_hp_gain":0.0,"max_hp_loss":0.0,"gold_gain":0.0,"event_name":"Accursed Blacksmith","player_choice":"Forge","floor":4.0,"gold_loss":0.0,"damage_taken":0.0,"cards_upgraded":["Limit Break"]},{"damage_healed":0.0,"max_hp_gain":0.0,"max_hp_loss":0.0,"gold_gain":0.0,"event_name":"Living Wall","player_choice":"Grow","floor":12.0,"gold_loss":0.0,"damage_taken":0.0,"cards_upgraded":["Heavy Blade"]},{"cards_removed":["Strike_R"],"damage_healed":0.0,"max_hp_gain":0.0,"max_hp_loss":0.0,"gold_gain":0.0,"event_name":"Purifier","player_choice":"Purged","floor":20.0,"gold_loss":0.0,"damage_taken":0.0},{"damage_healed":0.0,"max_hp_gain":0.0,"max_hp_loss":0.0,"gold_gain":0.0,"cards_transformed":["Strike_R"],"event_name":"Transmorgrifier","player_choice":"Transformed","floor":28.0,"gold_loss":0.0,"damage_taken":0.0,"cards_obtained":["Fiend Fire"]},{"damage_healed":0.0,"max_hp_gain":0.0,"max_hp_loss":0.0,"gold_gain":0.0,"event_name":"betterSkull:BetterSkull","player_choice":"RE RE ","floor":31.0,"gold_loss":0.0,"damage_taken":37.0,"cards_upgraded":[],"relics_obtained":["PreservedInsect","reliquary:TuningFork"]},{"damage_healed":0.0,"max_hp_gain":0.0,"max_hp_loss":0.0,"gold_gain":3.0,"event_name":"betterStone:BetterStone","player_choice":"1","floor":36.0,"gold_loss":0.0,"damage_taken":0.0},{"damage_healed":0.0,"max_hp_gain":0.0,"max_hp_loss":0.0,"gold_gain":0.0,"event_name":"Mysterious Sphere","player_choice":"Fight","floor":37.0,"gold_loss":0.0,"damage_taken":0.0},{"damage_healed":0.0,"max_hp_gain":0.0,"max_hp_loss":0.0,"gold_gain":0.0,"event_name":"MindBloom","player_choice":"Fight","floor":39.0,"gold_loss":0.0,"damage_taken":0.0}],"is_beta":false,"boss_relics":[{"not_picked":["Sozu","Tiny House"],"picked":"Mark of Pain"},{"not_picked":["Pandora\u0027s Box","Cursed Key"],"picked":"Busted Crown"}],"items_purged_floors":[40,53,53],"is_endless":false,"potions_floor_spawned":[3,7,8,10,11,19,21,24,37,39,47,48],"ascension_level":0}}