{"host":"dl7h25vjpuplx29g","time":1612045466,"event":{"mods":["BaseMod","Colored Map","Minty Spire (QoL Compilation)","StSLib"],"gold_per_floor":[116,127,52,0,11,11,38,38,61,94,112,127,29,48,48,122,122,139,158,158,158,173,192,192,192,192,192,232,232,79,79,79],"floor_reached":31,"language":"JPN","playtime":3085,"items_purged":["Strike_G"],"score":490,"play_id":"fb8c05ec-a705-4d0a-9fbb-fd5c881f7611","local_time":"20210131072426","is_ascension_mode":true,"campfire_choices":[{"data":"Neutralize","floor":6.0,"key":"SMITH"},{"data":"Dash","floor":8.0,"key":"SMITH"},{"floor":15.0,"key":"REST"},{"data":"Tactician","floor":24,"key":"SMITH"},{"floor":27,"key":"REST"}],"circlet_count":0,"master_deck":["AscendersBane","Strike_G","Strike_G","Defend_G","Defend_G","Defend_G","Defend_G","Defend_G","Survivor","Neutralize+1","Distraction","Dagger Spray","Deadly Poison","Slice","Dash+1","Dagger Throw","Infinite Blades","Tactician+1","Bullet Time","Flying Knee","Blur","Burst","Dodge and Roll+1","Reflex","PiercingWail","Noxious Fumes","Decay","Poisoned Stab","Blade Dance","Catalyst"],"relics":["Ring of the Snake","Dream Catcher","Ancient Tea Set","Shuriken","Boot","HoveringKite","Matryoshka","HornCleat","Singing Bowl","CeramicFish"],"acts_visited":["Exordium","TheCity"],"potions_floor_usage":[23,28],"damage_taken":[{"damage":5.0,"enemies":"Small Slimes","floor":1.0,"turns":6.0},{"damage":1.0,"enemies":"Jaw Worm","floor":2.0,"turns":6.0},{"damage":1.0,"enemies":"2 Louse","floor":5.0,"turns":2.0},{"damage":16.0,"enemies":"3 Sentries","floor":7.0,"turns":8.0},{"damage":19.0,"enemies":"Gremlin Nob","floor":10.0,"turns":5.0},{"damage":4.0,"enemies":"Exordium Thugs","floor":11.0,"turns":4.0},{"damage":6.0,"enemies":"Red Slaver","floor":12.0,"turns":5.0},{"damage":0.0,"enemies":"Blue Slaver","floor":14.0,"turns":3.0},{"damage":22.0,"enemies":"The Guardian","floor":16.0,"turns":10.0},{"damage":0.0,"enemies":"2 Thieves","floor":18.0,"turns":4.0},{"damage":6.0,"enemies":"Shell Parasite","floor":19.0,"turns":6.0},{"damage":10.0,"enemies":"Snecko","floor":22.0,"turns":6.0},{"damage":20,"enemies":"Snake Plant","floor":23,"turns":4},{"damage":28,"enemies":"Slavers","floor":28,"turns":7},{"damage":22,"enemies":"Cultist and Chosen","floor":31,"turns":5}],"seed_played":"6948287351659882509","potions_obtained":[{"floor":5.0,"key":"EssenceOfSteel"},{"floor":7.0,"key":"Weak Potion"},{"floor":10.0,"key":"Dexterity Potion"},{"floor":14.0,"key":"DistilledChaos"},{"floor":19.0,"key":"Poison Potion"},{"floor":23,"key":"Ancient Potion"}],"is_trial":false,"path_per_floor":["M","M","?","$","M","R","E","R","T","E","M","M","?","M","R","B",null,"M","M","?","?","M","M","R","?","T","R","E","?","$","M"],"character_chosen":"THE_SILENT","items_purchased":["Slice","Catalyst"],"campfire_rested":2,"item_purchase_floors":[4,30],"current_hp_per_floor":[54,53,53,53,52,52,36,36,36,17,13,7,7,7,26,4,51,51,45,45,45,35,15,15,15,15,34,6,19,19,0,0],"gold":79,"neow_bonus":"TRANSFORM_CARD","is_daily":false,"chose_seed":false,"campfire_upgraded":3,"win_rate":0.0,"timestamp":1612045466,"path_taken":["M","M","?","?","M","R","E","R","T","E","M","M","?","?","R","BOSS","M","M","?","?","?","M","R","?","T","R","E","?","$","M"],"items_purchased_type":["Card","Card"],"build_version":"2020-12-22","purchased_purges":1,"victory":false,"max_hp_per_floor":[66,66,66,66,66,66,66,66,66,66,66,66,66,66,66,66,66,66,66,66,66,66,66,66,66,66,66,66,66,66,66,66],"card_choices":[{"not_picked":["Deflect","Catalyst"],"picked":"Dagger Spray","floor":1.0},{"not_picked":["Sucker Punch","Underhanded Strike"],"picked":"Deadly Poison","floor":2.0},{"not_picked":["Outmaneuver","Poisoned Stab"],"picked":"Dash","floor":5.0},{"not_picked":["Accuracy","Crippling Poison"],"picked":"Dagger Throw","floor":7.0},{"not_picked":["Prepared","Distraction"],"picked":"Infinite Blades","floor":10.0},{"not_picked":["Quick Slash","Caltrops"],"picked":"Tactician","floor":11.0},{"not_picked":["PiercingWail","Dagger Spray"],"picked":"Bullet Time","floor":12.0},{"not_picked":["Outmaneuver","Sucker Punch"],"picked":"Flying Knee","floor":14.0},{"not_picked":["Flying Knee","Prepared"],"picked":"Blur","floor":15.0},{"not_picked":["Bullet Time","A Thousand Cuts"],"picked":"Burst","floor":16.0},{"not_picked":["Underhanded Strike","Terror"],"picked":"Dodge and Roll+1","floor":18.0},{"not_picked":["Bane","Well Laid Plans"],"picked":"Reflex","floor":19.0},{"not_picked":["Dagger Spray","Catalyst"],"picked":"PiercingWail","floor":22.0},{"not_picked":["Flying Knee","Flechettes"],"picked":"Noxious Fumes","floor":23},{"not_picked":["Distraction","Choke+1"],"picked":"Poisoned Stab","floor":27},{"not_picked":["Dash","Prepared"],"picked":"Blade Dance","floor":28}],"player_experience":1658247,"relics_obtained":[{"floor":7.0,"key":"Dream Catcher"},{"floor":9.0,"key":"Ancient Tea Set"},{"floor":10.0,"key":"Shuriken"},{"floor":26,"key":"HornCleat"},{"floor":26,"key":"Singing Bowl"},{"floor":28,"key":"CeramicFish"}],"event_choices":[{"cards_removed":["Strike_G"],"damage_healed":0.0,"max_hp_gain":0.0,"max_hp_loss":0.0,"gold_gain":0.0,"event_name":"The Cleric","player_choice":"Card Removal","floor":3.0,"gold_loss":75.0,"damage_taken":0.0},{"damage_healed":0.0,"max_hp_gain":0.0,"max_hp_loss":0.0,"gold_gain":0.0,"event_name":"WeMeetAgain","player_choice":"Paid Gold","floor":13.0,"gold_loss":98.0,"damage_taken":0.0,"relics_obtained":["Boot"]},{"damage_healed":0.0,"max_hp_gain":0.0,"max_hp_loss":0.0,"gold_gain":0.0,"event_name":"The Mausoleum","player_choice":"Opened","floor":20.0,"gold_loss":0.0,"damage_taken":0.0,"relics_obtained":["Matryoshka"],"cards_obtained":["Writhe"]},{"cards_removed":["Writhe"],"damage_healed":0.0,"max_hp_gain":0.0,"max_hp_loss":0.0,"gold_gain":0.0,"event_name":"Fountain of Cleansing","player_choice":"Removed Curses","floor":21.0,"gold_loss":0.0,"damage_taken":0.0},{"damage_healed":0,"gold_gain":0,"player_choice":"Smashed Altar","damage_taken":0,"max_hp_gain":0,"max_hp_loss":0,"event_name":"Forgotten Altar","floor":25,"gold_loss":0,"cards_obtained":["Decay"]},{"damage_healed":13,"gold_gain":0,"player_choice":"Heal","damage_taken":0,"max_hp_gain":0,"max_hp_loss":0,"event_name":"The Library","floor":29,"gold_loss":0}],"is_beta":false,"boss_relics":[{"not_picked":["Cursed Key","Calling Bell"],"picked":"HoveringKite"}],"items_purged_floors":[30],"is_endless":false,"potions_floor_spawned":[5,7,10,14,19,23],"killed_by":"Cultist and Chosen","ascension_level":17}}