{"host":"mj8akmyfd5lo602f","time":1612018439,"event":{"mods":["2.2 Compatiblity","Act Like it!","BaseMod","Bestiary","BshForSts","Colored Map","Colored Powertips","Downfall","Highlight Path","Minty Spire (QoL Compilation)","Permanent Neow","Relic Stats","StSLib"],"gold_per_floor":[99,113,113,128,128,128,128,146,176,64,64,82,82,67,78,179,179,79,96,111,124,142,171,253,253,153,70,70,82,82,82,97,199,199,199,215,225,235,254,297,324,324,324,340,240,240,240,265,279,279,279,279,279,279],"floor_reached":52,"language":"ENG","playtime":3833,"items_purged":["downfall:Malfunctioning"],"score":724,"play_id":"a9c935e7-b928-4b1b-8a05-ca921511c8d2","local_time":"20210130145359","is_ascension_mode":false,"campfire_choices":[{"floor":1.0,"key":"RECALL"},{"data":"bronze:FollowUp","floor":11.0,"key":"SMITH"},{"data":"bronze:Constructor","floor":13.0,"key":"SMITH"},{"data":"bronze:Format","floor":18.0,"key":"SMITH"},{"data":"bronze:Repair","floor":26.0,"key":"SMITH"},{"data":"bronze:Flail","floor":28.0,"key":"SMITH"},{"data":"bronze:CloningBeam","floor":35.0,"key":"SMITH"},{"data":"bronze:ChosenStrike","floor":45.0,"key":"SMITH"},{"data":"bronze:Repair","floor":47.0,"key":"SMITH"}],"circlet_count":0,"master_deck":["bronze:Strike+1","bronze:Strike","bronze:Strike","bronze:Strike","bronze:Defend","bronze:Defend+1","bronze:Defend","bronze:Defend","bronze:Replicate+1","bronze:Goto","bronze:Shield","bronze:Repair+1","bronze:FollowUp+1","bronze:Repulsor+1","bronze:WhirlingStrike","bronze:Format+1","bronze:Flail+1","bronze:FunctionCard","bronze:ChildClass","bronze:Repair+1","bronze:Repulsor+1","bronze:CloningBeam+1","bronze:Separator+1","bronze:ChosenStrike+1","bronze:Turbo+1"],"relics":["bronze:BronzeCore","Tiny Chest","Frozen Egg 2","White Beast Statue","Eternal Feather","Busted Crown","downfall:HeartBlessingRed","Bottled Lightning","Matryoshka","downfall:HeartBlessingGreen","Nilry\u0027s Codex","Vajra","Juzu Bracelet","expansioncontent:StudyCardRelic","Membership Card","Mango","Happy Flower","downfall:HeartBlessingBlue","Smiling Mask"],"acts_visited":["Exordium","TheCity","TheBeyond","TheEnding"],"potions_floor_usage":[50,50],"damage_taken":[{"damage":7.0,"enemies":"Jaw Worm","floor":2.0,"turns":4.0},{"damage":8.0,"enemies":"2 Louse","floor":4.0,"turns":3.0},{"damage":0.0,"enemies":"Small Slimes","floor":8.0,"turns":3.0},{"damage":14.0,"enemies":"Lagavulin","floor":9.0,"turns":9.0},{"damage":0.0,"enemies":"downfall:FleeingMerchant","floor":10.0,"turns":4.0},{"damage":0.0,"enemies":"2 Fungi Beasts","floor":12.0,"turns":4.0},{"damage":0.0,"enemies":"downfall:FleeingMerchant","floor":14.0,"turns":4.0},{"damage":0.0,"enemies":"3 Louse","floor":15.0,"turns":4.0},{"damage":58.0,"enemies":"DF_ARCHETYPE_STREAMLINE","floor":16.0,"turns":13.0},{"damage":0.0,"enemies":"3 Byrds","floor":19.0,"turns":4.0},{"damage":39.0,"enemies":"Sentry and Sphere","floor":20.0,"turns":8.0},{"damage":2.0,"enemies":"Snake Plant","floor":21.0,"turns":4.0},{"damage":0.0,"enemies":"Cultist and Chosen","floor":22.0,"turns":6.0},{"damage":0.0,"enemies":"Gremlin Leader","floor":23.0,"turns":8.0},{"damage":0.0,"enemies":"downfall:FleeingMerchant","floor":27.0,"turns":4.0},{"damage":0.0,"enemies":"Centurion and Healer","floor":29.0,"turns":4.0},{"damage":18.0,"enemies":"3 Cultists","floor":32.0,"turns":5.0},{"damage":27.0,"enemies":"IC_MUSHROOM_ARCHETYPE","floor":33.0,"turns":7.0},{"damage":18.0,"enemies":"3 Shapes","floor":36.0,"turns":4.0},{"damage":16.0,"enemies":"3 Darklings","floor":37.0,"turns":4.0},{"damage":0.0,"enemies":"Sphere and 2 Shapes","floor":38.0,"turns":4.0},{"damage":0.0,"enemies":"Spire Growth","floor":39.0,"turns":4.0},{"damage":0.0,"enemies":"downfall:FleeingMerchant","floor":40.0,"turns":4.0},{"damage":6.0,"enemies":"Writhing Mass","floor":44.0,"turns":6.0},{"damage":13.0,"enemies":"3 Darklings","floor":49.0,"turns":5.0},{"damage":62,"enemies":"WA_ARCHETYPE_DIVINITY","floor":50,"turns":20},{"damage":129,"enemies":"downfall:CharBossMerchant","floor":52,"turns":8}],"seed_played":"232822686870437659","potions_obtained":[{"floor":2.0,"key":"Regen Potion"},{"floor":8.0,"key":"Ancient Potion"},{"floor":9.0,"key":"AttackPotion"},{"floor":10.0,"key":"SteroidPotion"},{"floor":14.0,"key":"FearPotion"},{"floor":16.0,"key":"LiquidMemories"},{"floor":19.0,"key":"champ:CounterPotion"},{"floor":20.0,"key":"Energy Potion"},{"floor":23.0,"key":"champ:CounterPotion"},{"floor":27.0,"key":"CultistPotion"},{"floor":32.0,"key":"Weak Potion"},{"floor":33.0,"key":"sneckomod:MuddlingPotion"},{"floor":36.0,"key":"Slimebound:ThreeZeroPotion"},{"floor":37.0,"key":"ColorlessPotion"},{"floor":38.0,"key":"SkillPotion"},{"floor":39.0,"key":"bronze:BurnAndBuffPotion"},{"floor":40.0,"key":"DuplicationPotion"},{"floor":44.0,"key":"PowerPotion"},{"floor":46.0,"key":"Regen Potion"},{"floor":46.0,"key":"LiquidMemories"}],"is_trial":false,"path_per_floor":["R","M","?","M","?","T","T","M","E","$","R","M","R","$","M","B",null,"R","M","M","M","M","E","T","?","R","$","R","M","?","T","M","B",null,"R","M","M","M","M","$","T","?","?","M","R","?","R","T","M","B",null,"E"],"character_chosen":"THE_AUTOMATON","items_purchased":["bronze:Constructor","bronze:Repulsor+1","Membership Card","Mango"],"campfire_rested":0,"item_purchase_floors":[10,27,40,40],"current_hp_per_floor":[77,70,70,62,59,59,59,59,52,52,61,61,70,77,77,41,77,77,77,41,39,46,60,60,60,72,72,77,77,61,61,50,33,77,77,59,53,60,67,81,81,81,81,91,101,101,101,101,101,59,101,0,0,0],"gold":279,"neow_bonus":"TEN_PERCENT_HP_BONUS","is_daily":false,"chose_seed":false,"campfire_upgraded":8,"win_rate":0.0,"timestamp":1612018439,"path_taken":["R","M","?","M","?","?","T","M","E","$","R","M","R","$","M","BOSS","R","M","M","M","M","E","T","?","R","$","R","M","?","?","M","BOSS","R","M","M","M","M","$","T","?","?","M","R","?","R","?","M","BOSS","E"],"items_purchased_type":["Card","Card","Relic","Relic"],"build_version":"2020-12-22","purchased_purges":1,"victory":false,"max_hp_per_floor":[77,77,77,77,77,77,77,77,77,77,77,77,77,77,77,77,77,77,77,77,77,77,77,77,77,77,77,77,77,77,77,77,77,77,77,77,77,77,77,91,91,91,91,91,101,101,101,101,101,101,101,101,101,101],"relic_stats":{"Busted Crown":32,"Happy Flower":[13],"counters":[27,157],"Tiny Chest":2,"Eternal Feather":35,"Juzu Bracelet":1,"Smiling Mask":0,"obtain_stats":[{"bronze:BronzeCore":0,"downfall:HeartBlessingRed":18,"Happy Flower":41,"Nilry\u0027s Codex":30,"Vajra":31,"Eternal Feather":9,"downfall:HeartBlessingGreen":26,"Mango":40,"Juzu Bracelet":31,"expansioncontent:StudyCardRelic":34,"Frozen Egg 2":6,"Smiling Mask":48,"White Beast Statue":7,"Busted Crown":17,"Matryoshka":24,"downfall:HeartBlessingBlue":45,"Tiny Chest":5,"Bottled Lightning":23,"Membership Card":40},{"bronze:BronzeCore":0,"downfall:HeartBlessingRed":9,"Happy Flower":23,"Nilry\u0027s Codex":16,"Vajra":16,"Eternal Feather":4,"downfall:HeartBlessingGreen":14,"Mango":23,"Juzu Bracelet":16,"expansioncontent:StudyCardRelic":18,"Frozen Egg 2":2,"Smiling Mask":24,"White Beast Statue":2,"Busted Crown":9,"Matryoshka":14,"downfall:HeartBlessingBlue":24,"Tiny Chest":2,"Bottled Lightning":14,"Membership Card":23},{"bronze:BronzeCore":0,"downfall:HeartBlessingRed":48,"Happy Flower":118,"Nilry\u0027s Codex":86,"Vajra":86,"Eternal Feather":19,"downfall:HeartBlessingGreen":78,"Mango":118,"Juzu Bracelet":86,"expansioncontent:StudyCardRelic":98,"Frozen Egg 2":7,"Smiling Mask":124,"White Beast Statue":7,"Busted Crown":48,"Matryoshka":78,"downfall:HeartBlessingBlue":124,"Tiny Chest":7,"Bottled Lightning":78,"Membership Card":118}]},"card_choices":[{"not_picked":["bronze:Optimize","bronze:OilSpill"],"picked":"bronze:Shield","floor":2.0},{"not_picked":["bronze:Turbo","bronze:BugBarrage"],"picked":"bronze:Separator","floor":4.0},{"not_picked":["bronze:Separator","bronze:Invalidate"],"picked":"bronze:Repair","floor":8.0},{"not_picked":["bronze:ClassDefault+1","bronze:Invalidate"],"picked":"bronze:FollowUp","floor":9.0},{"not_picked":["bronze:MaxOutput+1","bronze:FindAndReplace"],"picked":"bronze:Repulsor+1","floor":10.0},{"not_picked":["bronze:ClassDefault+1","bronze:Allocate"],"picked":"bronze:WhirlingStrike","floor":12.0},{"not_picked":["bronze:Deprecate","bronze:Return"],"picked":"bronze:Format","floor":14.0},{"not_picked":["bronze:Deprecate","bronze:Turbo"],"picked":"bronze:Flail","floor":15.0},{"not_picked":["bronze:ShipIt","bronze:TinkerersToolbox"],"picked":"bronze:Hardcode+1","floor":16.0},{"not_picked":[],"picked":"bronze:Shell+1","floor":19.0},{"not_picked":["bronze:Refactor"],"picked":"SKIP","floor":20.0},{"not_picked":[],"picked":"bronze:ChildClass","floor":21.0},{"not_picked":[],"picked":"bronze:Repair","floor":22.0},{"not_picked":["bronze:Iterate+1"],"picked":"SKIP","floor":23.0},{"not_picked":["bronze:BugBarrage"],"picked":"SKIP","floor":27.0},{"not_picked":[],"picked":"bronze:CloningBeam","floor":29.0},{"not_picked":[],"picked":"bronze:Separator+1","floor":32.0},{"not_picked":[],"picked":"bronze:ChosenStrike","floor":36.0},{"not_picked":["bronze:Branch"],"picked":"SKIP","floor":37.0},{"not_picked":["bronze:InfiniteBeams+1"],"picked":"SKIP","floor":38.0},{"not_picked":["bronze:Constructor"],"picked":"SKIP","floor":39.0},{"not_picked":["bronze:BitShift"],"picked":"SKIP","floor":40.0},{"not_picked":[],"picked":"bronze:Turbo+1","floor":44.0},{"not_picked":["bronze:FineTuning"],"picked":"SKIP","floor":49.0}],"player_experience":459303,"relics_obtained":[{"floor":6.0,"key":"Frozen Egg 2"},{"floor":7.0,"key":"White Beast Statue"},{"floor":9.0,"key":"Eternal Feather"},{"floor":23.0,"key":"Bottled Lightning"},{"floor":24.0,"key":"Matryoshka"},{"floor":30.0,"key":"Nilry\u0027s Codex"},{"floor":31.0,"key":"Vajra"},{"floor":31.0,"key":"Juzu Bracelet"},{"floor":41.0,"key":"Happy Flower"},{"floor":48.0,"key":"Smiling Mask"}],"event_choices":[{"damage_healed":0.0,"max_hp_gain":0.0,"max_hp_loss":0.0,"gold_gain":0.0,"event_name":"Scrap Ooze","player_choice":"Success","floor":5.0,"gold_loss":0.0,"damage_taken":3.0,"relics_obtained":["Tiny Chest"]},{"damage_healed":0.0,"max_hp_gain":0.0,"max_hp_loss":0.0,"gold_gain":0.0,"event_name":"NoteForYourself","player_choice":"Ignored","floor":43.0,"gold_loss":0.0,"damage_taken":0.0},{"damage_healed":0.0,"max_hp_gain":0.0,"max_hp_loss":0.0,"gold_gain":0.0,"event_name":"Lab","player_choice":"Got Potions","floor":46.0,"gold_loss":0.0,"damage_taken":0.0}],"is_beta":false,"boss_relics":[{"not_picked":["Runic Pyramid","Fusion Hammer"],"picked":"Busted Crown"},{"not_picked":["Snecko Eye","Runic Dome"],"picked":"expansioncontent:StudyCardRelic"}],"items_purged_floors":[10],"is_endless":false,"potions_floor_spawned":[2,8,9,10,12,14,15,16,19,20,21,22,23,27,29,32,33,36,37,38,39,40,44,49],"killed_by":"downfall:CharBossMerchant","ascension_level":0}}