{"host":"7j2n82b2zha9fuyn","time":1612028661,"event":{"mods":["BaseMod","Block Reminder","Minty Spire (QoL Compilation)","Replay The Spire","StSLib"],"gold_per_floor":[109,120,120,132,143,143,143,176,203,222,222,255,255,268,268,371,371,383,383,483,499,512,512,512,512],"floor_reached":24,"language":"ENG","playtime":1090,"items_purged":[],"score":358,"play_id":"421285f6-c43e-49a3-8154-e312d6424789","local_time":"20210130104421","is_ascension_mode":true,"campfire_choices":[{"data":"Demon Form","floor":7.0,"key":"SMITH"},{"data":"Bludgeon","floor":11,"key":"SMITH"},{"data":"Heavy Blade","floor":13,"key":"SMITH"},{"data":"Bash","floor":15,"key":"SMITH"},{"floor":23,"key":"REST"}],"circlet_count":0,"master_deck":["AscendersBane","Defend_R","Defend_R","Defend_R","Defend_R","Bash+1","Wild Strike","Pommel Strike","Demon Form+1","Bludgeon+1","Metallicize","Heavy Blade+1","Fiend Fire","Bite","Bite","Bite","Bite","Bite","Cleave+1"],"relics":["Burning Blood","Potion Belt","ReplayFunnel","Bag of Marbles","Fusion Hammer"],"acts_visited":["Exordium","TheCity"],"potions_floor_usage":[8,12,16],"damage_taken":[{"damage":8.0,"enemies":"Jaw Worm","floor":1.0,"turns":6.0},{"damage":11.0,"enemies":"Cultist","floor":2.0,"turns":4.0},{"damage":3.0,"enemies":"2 Louse","floor":4.0,"turns":3.0},{"damage":25.0,"enemies":"Lots of Slimes","floor":5.0,"turns":6.0},{"damage":19,"enemies":"Replay:BlueRogue","floor":8,"turns":5},{"damage":8,"enemies":"3 Louse","floor":10,"turns":4},{"damage":8,"enemies":"Gremlin Nob","floor":12,"turns":4},{"damage":10,"enemies":"Blue Slaver","floor":14,"turns":3},{"damage":12,"enemies":"Slime Boss","floor":16,"turns":5},{"damage":41,"enemies":"3 Byrds","floor":18,"turns":6},{"damage":9,"enemies":"Chosen","floor":21,"turns":3},{"damage":41,"enemies":"Sentry and Sphere","floor":22,"turns":8},{"damage":31,"enemies":"Book of Stabbing","floor":24,"turns":2}],"seed_played":"-4228768338883135458","potions_obtained":[{"floor":0.0,"key":"DistilledChaos"},{"floor":0.0,"key":"Block Potion"},{"floor":10,"key":"Flashbang"},{"floor":16,"key":"Dexterity Potion"},{"floor":21,"key":"Energy Potion"},{"floor":22,"key":"Fire Potion"}],"is_trial":false,"path_per_floor":["M","M","?","M","M","?","R","E","T","M","R","E","R","M","R","B",null,"M","?","?","M","M","R","E"],"character_chosen":"IRONCLAD","items_purchased":[],"campfire_rested":1,"item_purchase_floors":[],"current_hp_per_floor":[70,65,65,68,49,49,49,36,36,34,34,32,32,28,28,22,66,31,31,31,32,15,31,0,0],"gold":512,"neow_bonus":"THREE_SMALL_POTIONS","is_daily":false,"chose_seed":false,"campfire_upgraded":4,"win_rate":0.0,"timestamp":1612028661,"path_taken":["M","M","?","M","M","?","R","E","T","?","R","E","R","M","R","BOSS","M","?","?","M","?","R","E"],"items_purchased_type":[],"build_version":"2020-12-22","purchased_purges":0,"victory":false,"max_hp_per_floor":[80,80,80,80,80,80,80,80,80,80,80,80,80,80,80,80,80,80,56,56,56,56,56,56,56],"card_choices":[{"not_picked":["Perfected Strike","Sword Boomerang"],"picked":"Wild Strike","floor":1.0},{"not_picked":["Twin Strike","Entrench"],"picked":"Pommel Strike","floor":2.0},{"not_picked":["Armaments","Replay:Undeath\u0027s Touch"],"picked":"Demon Form","floor":4.0},{"not_picked":["Warcry","Clothesline","Hemogenesis"],"picked":"SKIP","floor":5.0},{"not_picked":["Spot Weakness","Flex"],"picked":"Bludgeon","floor":8},{"not_picked":["Shrug It Off","Blood for Blood"],"picked":"Metallicize","floor":10},{"not_picked":["Warcry","Armaments"],"picked":"Heavy Blade","floor":12},{"not_picked":["Wild Strike","Hemokinesis","Sword Boomerang"],"picked":"SKIP","floor":14},{"not_picked":["Barricade","Offering"],"picked":"Fiend Fire","floor":16},{"not_picked":["ReplayTheSpireMod:Strike From Hell","ReplayTheSpireMod:Limb From Limb","Rage"],"picked":"SKIP","floor":18},{"not_picked":["Havoc","Massacre"],"picked":"Cleave+1","floor":21},{"not_picked":["Sword Boomerang","Metallicize","Searing Blow"],"picked":"SKIP","floor":22}],"player_experience":1950556,"relics_obtained":[{"floor":8,"key":"Potion Belt"},{"floor":9,"key":"ReplayFunnel"},{"floor":12,"key":"Bag of Marbles"}],"event_choices":[{"damage_healed":0.0,"max_hp_gain":0.0,"max_hp_loss":0.0,"gold_gain":0.0,"event_name":"Liars Game","player_choice":"Ignored","floor":3.0,"gold_loss":0.0,"damage_taken":0.0},{"damage_healed":0.0,"max_hp_gain":0.0,"max_hp_loss":0.0,"gold_gain":0.0,"event_name":"Lab","player_choice":"Got Potions","floor":6.0,"gold_loss":0.0,"damage_taken":0.0},{"damage_healed":0,"gold_gain":0,"player_choice":"Became a vampire","damage_taken":0,"max_hp_gain":0,"max_hp_loss":24,"event_name":"Vampires","floor":19,"gold_loss":0,"cards_obtained":["Bite","Bite","Bite","Bite","Bite"]},{"damage_healed":0,"gold_gain":100,"player_choice":"Pray","damage_taken":0,"max_hp_gain":0,"max_hp_loss":0,"event_name":"Golden Shrine","floor":20,"gold_loss":0}],"is_beta":false,"boss_relics":[{"not_picked":["Replay:Wanted Poster","Electric Blood"],"picked":"Fusion Hammer"}],"items_purged_floors":[],"is_endless":false,"potions_floor_spawned":[2,10,16,21,22],"killed_by":"Book of Stabbing","ascension_level":12}}