{"host":"oigynbtg272c19pw","time":1612024897,"event":{"mods":["BaseMod","Colored Map","Minty Spire (QoL Compilation)","Relic Stats","Slay the Relics Exporter","StSLib"],"gold_per_floor":[109,67,67,67,67,67,10,36,60,92,104,21,21,21,21,98,98,115,143,193,193,208,234,234,262,262,281,49,49,149,178,178,178,178],"floor_reached":33,"playtime":1095,"items_purged":["Strike_R"],"score":760,"play_id":"34fad660-0874-41c8-b78b-14788a89b201","local_time":"20210130174137","is_ascension_mode":true,"campfire_choices":[{"data":"Flame Barrier","floor":6.0,"key":"SMITH"},{"data":"Carnage","floor":13.0,"key":"SMITH"},{"data":"Spot Weakness","floor":15.0,"key":"SMITH"},{"data":"Limit Break","floor":24.0,"key":"SMITH"},{"data":"True Grit","floor":29.0,"key":"SMITH"},{"floor":32,"key":"DIG"}],"circlet_count":0,"master_deck":["AscendersBane","Strike_R","Strike_R","Strike_R","Strike_R+1","Defend_R","Defend_R","Defend_R","Defend_R+1","Bash","Twin Strike","Flame Barrier+1","True Grit+1","Immolate","Spot Weakness+1","Headbutt","Carnage+1","Limit Break+1","Bloodletting","Ghostly","Ghostly","Ghostly","Intimidate","Sword Boomerang","Burning Pact","Shrug It Off"],"relics":["Burning Blood","NeowsBlessing","Strawberry","Bag of Marbles","Centennial Puzzle","Boot","Coffee Dripper","Red Mask","Pen Nib","Anchor","Shovel","ClockworkSouvenir","Mango","Singing Bowl","Torii","Gambling Chip"],"acts_visited":["Exordium","TheCity"],"potions_floor_usage":[],"damage_taken":[{"damage":0.0,"enemies":"Cultist","floor":1.0,"turns":1.0},{"damage":0.0,"enemies":"3 Sentries","floor":8.0,"turns":2.0},{"damage":0.0,"enemies":"Gremlin Nob","floor":10.0,"turns":1.0},{"damage":7.0,"enemies":"Small Slimes","floor":11.0,"turns":3.0},{"damage":41.0,"enemies":"The Guardian","floor":16.0,"turns":10.0},{"damage":13.0,"enemies":"2 Thieves","floor":18.0,"turns":3.0},{"damage":55.0,"enemies":"Masked Bandits","floor":19.0,"turns":5.0},{"damage":0.0,"enemies":"Chosen","floor":22.0,"turns":3.0},{"damage":1.0,"enemies":"Book of Stabbing","floor":23.0,"turns":4.0},{"damage":11.0,"enemies":"Slavers","floor":25.0,"turns":3.0},{"damage":3.0,"enemies":"Shelled Parasite and Fungi","floor":27.0,"turns":3.0},{"damage":1.0,"enemies":"Colosseum Slavers","floor":30.0,"turns":5.0},{"damage":20.0,"enemies":"Colosseum Nobs","floor":30.0,"turns":8.0},{"damage":8,"enemies":"Gremlin Leader","floor":31,"turns":7},{"damage":31,"enemies":"Collector","floor":33,"turns":5}],"seed_played":"1447732539580289871","potions_obtained":[{"floor":16.0,"key":"DuplicationPotion"},{"floor":23.0,"key":"Weak Potion"},{"floor":25.0,"key":"EssenceOfSteel"}],"is_trial":false,"path_per_floor":["M","$","?","?","?","R","$","E","T","E","M","$","R","$","R","B",null,"M","?","?","?","M","E","R","E","T","M","$","R","?","E","R","B"],"character_chosen":"IRONCLAD","items_purchased":["Flame Barrier","True Grit","Carnage","ClockworkSouvenir"],"campfire_rested":0,"item_purchase_floors":[2,7,12,28],"current_hp_per_floor":[74,74,81,81,56,56,56,62,62,68,67,67,67,67,67,32,70,63,14,14,14,20,25,25,20,20,23,23,23,30,30,30,0,0],"gold":178,"neow_bonus":"THREE_ENEMY_KILL","is_daily":false,"chose_seed":false,"campfire_upgraded":5,"win_rate":0.0,"timestamp":1612024897,"path_taken":["M","$","?","?","?","R","$","E","T","E","M","$","R","?","R","BOSS","M","?","?","?","M","E","R","E","T","M","$","R","?","E","R","BOSS"],"items_purchased_type":["Card","Card","Card","Relic"],"build_version":"2020-12-13","purchased_purges":1,"victory":false,"max_hp_per_floor":[75,75,82,82,82,82,82,82,82,82,82,82,82,82,82,82,82,82,82,82,41,41,41,41,41,41,41,41,41,57,59,59,59,59],"relic_stats":{"Centennial Puzzle":[33],"Shovel":1,"Singing Bowl":4,"Torii":0,"counters":[15,63],"Gambling Chip":[5],"Pen Nib":[5],"Boot":[19],"obtain_stats":[{"NeowsBlessing":0,"Singing Bowl":30,"Torii":31,"Mango":30,"Pen Nib":23,"Boot":10,"Burning Blood":0,"ClockworkSouvenir":28,"Centennial Puzzle":9,"Anchor":25,"Shovel":26,"Strawberry":3,"Gambling Chip":32,"Bag of Marbles":8,"Coffee Dripper":17,"Red Mask":19},{"NeowsBlessing":0,"Singing Bowl":13,"Torii":14,"Mango":13,"Pen Nib":9,"Boot":3,"Burning Blood":0,"ClockworkSouvenir":11,"Centennial Puzzle":2,"Anchor":10,"Shovel":10,"Strawberry":1,"Gambling Chip":14,"Bag of Marbles":2,"Coffee Dripper":5,"Red Mask":7},{"NeowsBlessing":0,"Singing Bowl":51,"Torii":58,"Mango":51,"Pen Nib":32,"Boot":4,"Burning Blood":0,"ClockworkSouvenir":38,"Centennial Puzzle":3,"Anchor":35,"Shovel":35,"Strawberry":1,"Gambling Chip":58,"Bag of Marbles":3,"Coffee Dripper":17,"Red Mask":25}],"Burning Blood":84},"card_choices":[{"not_picked":["Clash","Bloodletting"],"picked":"Twin Strike","floor":1.0},{"not_picked":["Battle Trance","Wild Strike"],"picked":"Immolate","floor":8.0},{"not_picked":["Evolve","Perfected Strike"],"picked":"Spot Weakness","floor":10.0},{"not_picked":["Body Slam","Clash"],"picked":"Headbutt","floor":11.0},{"not_picked":["Brutality","Double Tap"],"picked":"Limit Break","floor":16.0},{"not_picked":["Havoc+1","Fire Breathing"],"picked":"Bloodletting","floor":18.0},{"not_picked":["Clash","Reckless Charge"],"picked":"Intimidate","floor":22.0},{"not_picked":["Pommel Strike","Body Slam"],"picked":"Sword Boomerang","floor":23.0},{"not_picked":["Pommel Strike","Sentinel"],"picked":"Burning Pact","floor":25.0},{"not_picked":["Rupture","Wild Strike"],"picked":"Shrug It Off","floor":27.0},{"not_picked":["Anger","Infernal Blade","Perfected Strike"],"picked":"Singing Bowl","floor":30.0},{"not_picked":["Twin Strike","Sword Boomerang","Intimidate"],"picked":"Singing Bowl","floor":31}],"player_experience":1509313,"relics_obtained":[{"floor":8.0,"key":"Bag of Marbles"},{"floor":9.0,"key":"Centennial Puzzle"},{"floor":10.0,"key":"Boot"},{"floor":19.0,"key":"Red Mask"},{"floor":23.0,"key":"Pen Nib"},{"floor":25.0,"key":"Anchor"},{"floor":26.0,"key":"Shovel"},{"floor":30.0,"key":"Mango"},{"floor":30.0,"key":"Singing Bowl"},{"floor":31,"key":"Torii"},{"floor":32,"key":"Gambling Chip"}],"event_choices":[{"damage_healed":0.0,"max_hp_gain":0.0,"max_hp_loss":0.0,"gold_gain":0.0,"event_name":"Big Fish","player_choice":"Box","floor":3.0,"gold_loss":0.0,"damage_taken":0.0,"relics_obtained":["Strawberry"],"cards_obtained":["Regret"]},{"cards_removed":["Regret"],"damage_healed":0.0,"max_hp_gain":0.0,"max_hp_loss":0.0,"gold_gain":0.0,"event_name":"Living Wall","player_choice":"Forget","floor":4.0,"gold_loss":0.0,"damage_taken":0.0},{"damage_healed":0.0,"max_hp_gain":0.0,"max_hp_loss":0.0,"gold_gain":0.0,"event_name":"Shining Light","player_choice":"Entered Light","floor":5.0,"gold_loss":0.0,"damage_taken":25.0,"cards_upgraded":["Strike_R","Defend_R"]},{"damage_healed":0.0,"max_hp_gain":0.0,"max_hp_loss":0.0,"gold_gain":0.0,"event_name":"Masked Bandits","player_choice":"Fought Bandits","floor":19.0,"gold_loss":0.0,"damage_taken":0.0},{"damage_healed":0.0,"max_hp_gain":0.0,"max_hp_loss":0.0,"gold_gain":50.0,"event_name":"Nest","player_choice":"Stole From Cult","floor":20.0,"gold_loss":0.0,"damage_taken":0.0},{"damage_healed":0.0,"max_hp_gain":0.0,"max_hp_loss":41.0,"gold_gain":0.0,"event_name":"Ghosts","player_choice":"Became a Ghost","floor":21.0,"gold_loss":0.0,"damage_taken":0.0,"cards_obtained":["Ghostly","Ghostly","Ghostly"]},{"damage_healed":0.0,"max_hp_gain":0.0,"max_hp_loss":0.0,"gold_gain":0.0,"event_name":"Colosseum","player_choice":"Fight","floor":30.0,"gold_loss":0.0,"damage_taken":0.0},{"damage_healed":0.0,"max_hp_gain":0.0,"max_hp_loss":0.0,"gold_gain":0.0,"event_name":"Colosseum","player_choice":"Fought Nobs","floor":30.0,"gold_loss":0.0,"damage_taken":0.0}],"is_beta":false,"boss_relics":[{"not_picked":["Sozu","Runic Dome"],"picked":"Coffee Dripper"}],"items_purged_floors":[28],"is_endless":false,"potions_floor_spawned":[16,23,25,30],"killed_by":"Collector","ascension_level":20}}