{"host":"l60rmjjsfi0fipmi","time":1612044810,"event":{"mods":["BaseMod","Colored Map","DeckTracker","Downfall","Highlight Path","Minty Spire (QoL Compilation)","StSLib"],"gold_per_floor":[99,114,39,49,64,78,128,228,58,74,24,55,75,75,91,196,196,146,166,166,3,3,3,3,14,27,46,56,71,21,21,38,136,136,86,100,155,205,221,252,252,268,278,244,255,205,217,217,231,231],"floor_reached":51,"language":"ENG","playtime":4057,"items_purged":["downfall:Bewildered"],"score":812,"play_id":"49eb8dff-1fcd-4c9e-b4c7-7744fde5871c","local_time":"20210130171330","is_ascension_mode":false,"campfire_choices":[{"data":"Slimebound:CorrosiveSpit","floor":1,"key":"SMITH"},{"data":"Slimebound:SlimeSlap","floor":11,"key":"SMITH"},{"data":"Slimebound:WasteNot","floor":18,"key":"SMITH"},{"floor":30,"key":"REST"},{"data":"Slimebound:Overexert","floor":35,"key":"SMITH"},{"floor":46,"key":"REST"}],"circlet_count":0,"master_deck":["Slimebound:Strike_Slimebound","Slimebound:Strike_Slimebound","Slimebound:Strike_Slimebound","Slimebound:Tackle","Slimebound:Defend_Slimebound","Slimebound:Defend_Slimebound","Slimebound:Defend_Slimebound","Slimebound:Defend_Slimebound","Slimebound:Split","Slimebound:CorrosiveSpit+1","Slimebound:TongueLash","Slimebound:Nibble","Slimebound:SplitMire","Slimebound:RejuvenatingLick","Slimebound:Equalize","Slimebound:MinionMaster+1","Slimebound:SlimeSlap+1","Slimebound:SlimeBarrage","Slimebound:ItLooksTasty","Slimebound:RejuvenatingLick","downfall:Bewildered","Slimebound:WasteNot+1","Slimebound:LeechingTouch","Writhe","downfall:Malfunctioning","Slimebound:LivingWall","Slimebound:Repurpose","Slimebound:Overexert+1","Slimebound:RejuvenatingLick+1","Slimebound:SamplingLick","downfall:Haunted","Writhe","Slimebound:ProtectTheBoss","Slimebound:Teamwork","Decay","downfall:Icky","Doubt","downfall:Haunted","Shame"],"relics":["Slimebound:AbsorbEndCombatUpgraded","Slimebound:GreedOozeRelic","Boot","Vajra","downfall:ExtraCursedKey","SacredBark","Bronze Scales","Lizard Tail","PreservedInsect","Toy Ornithopter","CaptainsWheel","Pear","Happy Flower","Regal Pillow","Strawberry","Meat on the Bone"],"acts_visited":["Exordium","TheCity","TheBeyond"],"potions_floor_usage":[16,16,33,33,45,45,45,50],"damage_taken":[{"damage":6,"enemies":"Jaw Worm","floor":2,"turns":4},{"damage":0,"enemies":"2 Louse","floor":4,"turns":2},{"damage":0,"enemies":"Cultist","floor":5,"turns":2},{"damage":10,"enemies":"Blue Slaver","floor":6,"turns":3},{"damage":6,"enemies":"downfall:FleeingMerchant","floor":9,"turns":4},{"damage":6,"enemies":"Large Slime","floor":10,"turns":2},{"damage":25,"enemies":"3 Sentries","floor":12,"turns":6},{"damage":27,"enemies":"Gremlin Gang","floor":13,"turns":4},{"damage":10,"enemies":"Exordium Thugs","floor":15,"turns":2},{"damage":47,"enemies":"DF_ARCHETYPE_STREAMLINE","floor":16,"turns":6},{"damage":25,"enemies":"Shell Parasite","floor":19,"turns":4},{"damage":8,"enemies":"downfall:FleeingMerchant","floor":21,"turns":4},{"damage":10,"enemies":"Spheric Guardian","floor":25,"turns":3},{"damage":13,"enemies":"Snecko","floor":26,"turns":4},{"damage":3,"enemies":"Snake Plant","floor":27,"turns":3},{"damage":35,"enemies":"Centurion and Healer","floor":28,"turns":5},{"damage":15,"enemies":"Chosen and Byrds","floor":29,"turns":4},{"damage":6,"enemies":"Cultist and Chosen","floor":32,"turns":4},{"damage":62,"enemies":"SI_MIRROR_ARCHETYPE","floor":33,"turns":9},{"damage":9,"enemies":"Orb Walker","floor":36,"turns":3},{"damage":2,"enemies":"Orb Walker","floor":38,"turns":6},{"damage":20,"enemies":"3 Shapes","floor":39,"turns":3},{"damage":68,"enemies":"Reptomancer","floor":40,"turns":6},{"damage":30,"enemies":"Transient","floor":42,"turns":5},{"damage":33,"enemies":"Spire Growth","floor":43,"turns":4},{"damage":11,"enemies":"downfall:FleeingMerchant","floor":44,"turns":4},{"damage":30,"enemies":"3 Darklings","floor":45,"turns":4},{"damage":29,"enemies":"4 Shapes","floor":47,"turns":3},{"damage":16,"enemies":"Spire Growth","floor":49,"turns":4},{"damage":122,"enemies":"WA_ARCHETYPE_DIVINITY","floor":50,"turns":13}],"seed_played":"8789698050296384708","potions_obtained":[{"floor":2,"key":"hexamod:SoulburnPotion"},{"floor":5,"key":"sneckomod:MuddlingPotion"},{"floor":13,"key":"AttackPotion"},{"floor":16,"key":"Strength Potion"},{"floor":20,"key":"downfall:CursedFountainPotion"},{"floor":29,"key":"Block Potion"},{"floor":33,"key":"FairyPotion"},{"floor":38,"key":"PowerPotion"},{"floor":40,"key":"Ancient Potion"},{"floor":47,"key":"Regen Potion"}],"is_trial":false,"path_per_floor":["R","M","?","M","M","M","T","?","$","M","R","E","M","?","M","B",null,"R","M","?","$","?","?","T","M","M","M","M","M","R","T","M","B",null,"R","M","T","?","M","E","T","M","M","$","M","R","M","?","M","B",null],"character_chosen":"SLIMEBOUND","items_purchased":["Slimebound:SlimeSlap","Bronze Scales","Regal Pillow","Strawberry"],"campfire_rested":2,"item_purchase_floors":[9,21,44,44],"current_hp_per_floor":[65,61,61,65,65,57,57,57,57,61,61,42,31,36,32,1,70,70,51,51,59,59,59,59,53,52,55,36,33,54,54,62,12,70,70,64,64,68,50,43,43,28,15,20,8,49,26,26,37,54],"gold":231,"neow_bonus":"THREE_CARDS","is_daily":false,"chose_seed":false,"campfire_upgraded":4,"win_rate":0.0,"timestamp":1612044810,"path_taken":["R","M","?","M","M","M","T","?","?","M","R","E","M","?","M","BOSS","R","M","?","?","?","?","T","M","M","M","?","M","R","?","M","BOSS","R","M","?","?","M","E","T","M","M","$","M","R","M","?","M","BOSS"],"items_purchased_type":["Card","Relic","Relic","Relic"],"build_version":"2020-12-22","purchased_purges":1,"victory":true,"max_hp_per_floor":[65,65,65,65,65,65,65,65,65,65,65,65,65,70,70,70,70,70,70,70,70,70,70,70,70,70,70,70,70,70,70,70,70,70,70,70,70,70,70,80,80,80,80,87,87,87,87,87,87,87],"card_choices":[{"not_picked":["Slimebound:ViciousTackle","Slimebound:PressTheAttack"],"picked":"Slimebound:TongueLash","floor":0},{"not_picked":["Slimebound:DisruptingSlam","Slimebound:FinishingTackle"],"picked":"Slimebound:Nibble","floor":2},{"not_picked":["Slimebound:FinishingTackle","Slimebound:SplitAcid"],"picked":"Slimebound:SplitMire","floor":4},{"not_picked":["Slimebound:LeechingTouch","Slimebound:Replication"],"picked":"Slimebound:RejuvenatingLick","floor":5},{"not_picked":["Slimebound:ComboTackle","Slimebound:RejuvenatingLick"],"picked":"Slimebound:Equalize","floor":6},{"not_picked":["Slimebound:FinishingTackle","Slimebound:SplitAcid"],"picked":"Slimebound:MinionMaster","floor":9},{"not_picked":["Slimebound:Prepare","Slimebound:ComboTackle"],"picked":"Slimebound:SlimeBarrage","floor":10},{"not_picked":["Slimebound:SplitBruiser","Slimebound:PressTheAttack"],"picked":"Slimebound:ItLooksTasty","floor":12},{"not_picked":["Slimebound:RollThrough","Slimebound:Equalize"],"picked":"Slimebound:RejuvenatingLick","floor":13},{"not_picked":["Slimebound:ForwardTackle","Slimebound:Dissolve","Slimebound:ItLooksTasty"],"picked":"SKIP","floor":15},{"not_picked":["Slimebound:MassRepurpose","Slimebound:DuplicatedForm"],"picked":"Slimebound:WasteNot","floor":16},{"not_picked":["Slimebound:RollThrough","Slimebound:GoopTackle"],"picked":"Slimebound:LeechingTouch","floor":19},{"not_picked":["Slimebound:SplitAcid","Slimebound:RollThrough","Slimebound:Chomp"],"picked":"SKIP","floor":21},{"not_picked":["Slimebound:Nibble","Slimebound:SplitMire"],"picked":"Slimebound:LivingWall","floor":25},{"not_picked":["Slimebound:GoopTackle+1","Slimebound:SplitBruiser"],"picked":"Slimebound:Repurpose","floor":26},{"not_picked":["Slimebound:Grow","Slimebound:Gluttony"],"picked":"Slimebound:Overexert","floor":27},{"not_picked":["Slimebound:FinishingTackle","Slimebound:SplitAcid+1"],"picked":"Slimebound:RejuvenatingLick+1","floor":28},{"not_picked":["Slimebound:RollThrough","Slimebound:ViciousTackle+1"],"picked":"Slimebound:SamplingLick","floor":29},{"not_picked":["Slimebound:SlimeTap+1","Slimebound:DisruptingSlam"],"picked":"Slimebound:ProtectTheBoss","floor":32},{"not_picked":["Slimebound:Overexert","Slimebound:LeechLife"],"picked":"Slimebound:Teamwork","floor":33},{"not_picked":["Slimebound:DisruptingSlam","Slimebound:ItLooksTasty","Slimebound:PressTheAttack"],"picked":"SKIP","floor":36},{"not_picked":["Slimebound:SpikyOuterGoop","Slimebound:Gluttony+1","Slimebound:SlimeBrawl"],"picked":"SKIP","floor":39},{"not_picked":["Slimebound:GoopSpray+1","Slimebound:SplitAcid","Slimebound:PressTheAttack"],"picked":"SKIP","floor":40},{"not_picked":["Slimebound:RollThrough","Slimebound:Schlurp","Slimebound:Gluttony"],"picked":"SKIP","floor":42},{"not_picked":["Slimebound:BestDefense","Slimebound:PressTheAttack","Slimebound:LeechEnergy"],"picked":"SKIP","floor":43},{"not_picked":["Slimebound:LeechEnergy+1","Slimebound:Gluttony","Slimebound:Teamwork"],"picked":"SKIP","floor":44},{"not_picked":["Slimebound:Chomp+1","Slimebound:ComboTackle","Slimebound:LeechingTouch+1"],"picked":"SKIP","floor":45},{"not_picked":["Slimebound:LivingWall","Slimebound:GrowthPunch+1","Slimebound:LeechEnergy"],"picked":"SKIP","floor":47},{"not_picked":["Slimebound:SplitMire+1","Slimebound:SplitLeeching+1","Slimebound:SlimeTap+1"],"picked":"SKIP","floor":49}],"player_experience":666175,"relics_obtained":[{"floor":7,"key":"Boot"},{"floor":12,"key":"Vajra"},{"floor":24,"key":"Lizard Tail"},{"floor":31,"key":"PreservedInsect"},{"floor":37,"key":"Toy Ornithopter"},{"floor":38,"key":"CaptainsWheel"},{"floor":40,"key":"Pear"},{"floor":41,"key":"Happy Flower"},{"floor":48,"key":"Meat on the Bone"}],"event_choices":[{"damage_healed":0,"gold_gain":0,"player_choice":"Forge","damage_taken":0,"max_hp_gain":0,"max_hp_loss":0,"event_name":"Accursed Blacksmith","floor":23,"gold_loss":0,"cards_upgraded":["Slimebound:MinionMaster"]}],"is_beta":false,"boss_relics":[{"not_picked":["Runic Dome","Fusion Hammer"],"picked":"SacredBark"},{"not_picked":["Runic Pyramid","Pandora\u0027s Box"],"picked":"Slimebound:AbsorbEndCombatUpgraded"}],"items_purged_floors":[44],"is_endless":false,"potions_floor_spawned":[2,5,13,15,16,25,27,28,29,33,38,39,40,42,47],"ascension_level":0}}