{"host":"ty7uytdfitsmf36k","time":1612032117,"event":{"mods":["AchievementEnabler","BaseMod","Colored Map","Colored Powertips","DeckTracker","Downfall","Infinite Spire","Minty Spire (QoL Compilation)","Relic Stats","Replay The Spire","Spire Arcade","StSLib","SuperFastMode","The Jungle","Wandering Minibosses"],"gold_per_floor":[114,64,74,74,89,118,104,132,132,132,132,132,150,150,150],"floor_reached":14,"language":"ENG","playtime":296,"items_purged":[],"score":155,"play_id":"39e29a5e-f6fe-4626-b3c2-3b136517c8a7","local_time":"20210130134157","is_ascension_mode":true,"campfire_choices":[{"data":"Shrug It Off","floor":10,"key":"SMITH"}],"circlet_count":0,"master_deck":["AscendersBane","Strike_R","Strike_R","Strike_R","Defend_R","Defend_R","Defend_R","Defend_R","ReplayTheSpireMod:Strike From Hell","infinitespire:OneForAll","Shrug It Off+1","Headbutt"],"relics":["Burning Blood","NeowsBlessing","Happy Flower","Potion Belt","Golden Idol"],"acts_visited":["Exordium"],"potions_floor_usage":[7,8,14],"damage_taken":[{"damage":0,"enemies":"2 Louse","floor":1,"turns":1},{"damage":0,"enemies":"infinitespire:Voidling","floor":3,"turns":1},{"damage":0,"enemies":"Small Slimes","floor":5,"turns":2},{"damage":32,"enemies":"Gremlin Nob","floor":6,"turns":4},{"damage":21,"enemies":"Blue Slaver","floor":7,"turns":6},{"damage":43,"enemies":"Replay:BlueRogue","floor":8,"turns":10},{"damage":10,"enemies":"2 Fungi Beasts","floor":13,"turns":6},{"damage":20,"enemies":"Lagavulin","floor":14,"turns":4}],"seed_played":"-9169429622922922971","potions_obtained":[{"floor":3,"key":"SpeedPotion"},{"floor":5,"key":"Strength Potion"},{"floor":6,"key":"BloodPotion"},{"floor":8,"key":"SteroidPotion"}],"is_trial":false,"path_per_floor":["M","?","M","?","M","E","M","E","T","R","?","?","M","E"],"character_chosen":"IRONCLAD","items_purchased":[],"campfire_rested":0,"item_purchase_floors":[],"current_hp_per_floor":[78,78,80,80,80,54,55,18,18,18,18,18,14,0,0],"gold":150,"neow_bonus":"THREE_ENEMY_KILL","is_daily":false,"chose_seed":false,"campfire_upgraded":1,"win_rate":0.0,"timestamp":1612032117,"path_taken":["M","?","M","?","?","E","M","E","T","R","?","?","M","E"],"items_purchased_type":[],"build_version":"2020-12-22","purchased_purges":0,"victory":false,"max_hp_per_floor":[80,80,80,80,80,80,80,80,80,80,74,74,74,74,74],"relic_stats":{"Happy Flower":[3],"counters":[8,34],"Golden Idol":4,"obtain_stats":[{"Potion Belt":9,"NeowsBlessing":0,"Happy Flower":8,"Golden Idol":11,"infinitespire:Beetle Shell":6,"Burning Blood":0},{"Potion Belt":6,"NeowsBlessing":0,"Happy Flower":6,"Golden Idol":6,"infinitespire:Beetle Shell":4,"Burning Blood":0},{"Potion Belt":24,"NeowsBlessing":0,"Happy Flower":24,"Golden Idol":24,"infinitespire:Beetle Shell":8,"Burning Blood":0}],"Burning Blood":32},"card_choices":[{"not_picked":["Combust","Heavy Blade","ReplayReversal"],"picked":"SKIP","floor":1},{"not_picked":["Combust","Heavy Blade","ReplayReversal"],"picked":"SKIP","floor":1},{"not_picked":["Dropkick","ReplayTheSpireMod:Corrosion Curse","Reckless Charge"],"picked":"SKIP","floor":3},{"not_picked":["True Grit","Infernal Blade"],"picked":"ReplayTheSpireMod:Strike From Hell","floor":5},{"not_picked":["Infernal Blade","Pummel","Thunderclap"],"picked":"SKIP","floor":6},{"not_picked":["True Grit","Dark Embrace"],"picked":"infinitespire:OneForAll","floor":7},{"not_picked":["Reckless Charge","Warcry"],"picked":"Shrug It Off","floor":8},{"not_picked":["Twin Strike","Burning Pact"],"picked":"Headbutt","floor":13}],"player_experience":204212,"relics_obtained":[{"floor":6,"key":"infinitespire:Beetle Shell"},{"floor":8,"key":"Happy Flower"},{"floor":9,"key":"Potion Belt"}],"event_choices":[{"cards_removed":["Strike_R"],"damage_healed":0,"gold_gain":0,"player_choice":"Card Removal","damage_taken":0,"max_hp_gain":0,"max_hp_loss":0,"event_name":"The Cleric","floor":2,"gold_loss":50},{"cards_removed":["Strike_R"],"damage_healed":0,"gold_gain":0,"player_choice":"Offered Basic","damage_taken":0,"max_hp_gain":0,"max_hp_loss":0,"event_name":"Bonfire Elementals","floor":4,"gold_loss":0},{"damage_healed":0,"gold_gain":0,"player_choice":"Lose Max HP","damage_taken":0,"relics_obtained":["Golden Idol"],"max_hp_gain":0,"max_hp_loss":6,"event_name":"Golden Idol","floor":11,"gold_loss":0}],"is_beta":false,"boss_relics":[],"items_purged_floors":[],"is_endless":false,"potions_floor_spawned":[3,5,6,8],"killed_by":"Lagavulin","ascension_level":11}}