{"host":"rjx4accq0ysw8w2o","time":1612041351,"event":{"mods":["AchievementEnabler","BaseMod","Block Reminder","Colored Map","Colored Powertips","DeckTracker","Highlight Path","Minty Spire (QoL Compilation)","Quick Restart","Rare Cards Sparkle"],"gold_per_floor":[110,60,60,60,60,94,94,113,138,172,187,187,202,202,202,297,297,313,238,219,229,47,73,73,73,73,73,91,0,0,0],"floor_reached":30,"language":"ENG","playtime":1830,"items_purged":["Defend_B","Strike_B"],"score":281,"play_id":"fbaa742e-2bc8-46dd-9055-c3f3a68bb56f","local_time":"20210130221551","is_ascension_mode":false,"campfire_choices":[{"data":"Dualcast","floor":7.0,"key":"SMITH"},{"data":"Thunder Strike","floor":12.0,"key":"SMITH"},{"data":"Conserve Battery","floor":15.0,"key":"SMITH"},{"floor":24,"key":"REST"}],"circlet_count":0,"master_deck":["Strike_B","Strike_B","Defend_B","Defend_B","Zap+1","Dualcast+1","Conserve Battery+1","Thunder Strike+1","Reinforced Body","Glacier","Self Repair","Leap+1"],"relics":["Cracked Core","NeowsBlessing","Toy Ornithopter","MealTicket","Mercury Hourglass","Inserter","Molten Egg 2","Toxic Egg 2"],"acts_visited":["Exordium","TheCity"],"potions_floor_usage":[28],"damage_taken":[{"damage":0.0,"enemies":"Jaw Worm","floor":1.0,"turns":1.0},{"damage":0.0,"enemies":"3 Sentries","floor":6.0,"turns":1.0},{"damage":0.0,"enemies":"Small Slimes","floor":8.0,"turns":1.0},{"damage":49.0,"enemies":"Gremlin Nob","floor":10.0,"turns":5.0},{"damage":0.0,"enemies":"Cultist","floor":11.0,"turns":3.0},{"damage":0.0,"enemies":"Exordium Wildlife","floor":13.0,"turns":2.0},{"damage":9.0,"enemies":"Slime Boss","floor":16.0,"turns":6.0},{"damage":5.0,"enemies":"Chosen","floor":18.0,"turns":5.0},{"damage":15.0,"enemies":"2 Thieves","floor":20.0,"turns":4.0},{"damage":22.0,"enemies":"Snake Plant","floor":21.0,"turns":3.0},{"damage":46,"enemies":"Book of Stabbing","floor":23,"turns":10},{"damage":0,"enemies":"Snecko","floor":28,"turns":9},{"damage":37,"enemies":"Cultist and Chosen","floor":30,"turns":6}],"seed_played":"-6999635575006079600","potions_obtained":[{"floor":6.0,"key":"SneckoOil"},{"floor":8.0,"key":"Strength Potion"},{"floor":10.0,"key":"Ancient Potion"},{"floor":13.0,"key":"FocusPotion"},{"floor":23,"key":"BlessingOfTheForge"},{"floor":28,"key":"Swift Potion"}],"is_trial":false,"path_per_floor":["M","?","$","?","$","E","R","M","T","E","M","R","M","?","R","B",null,"M","$","M","M","$","E","R","?","T","?","M","?","M"],"character_chosen":"DEFECT","items_purchased":["Glacier"],"campfire_rested":1,"item_purchase_floors":[22],"current_hp_per_floor":[75,75,75,75,75,75,75,75,75,31,31,31,31,31,31,27,75,70,75,60,38,53,7,29,29,29,15,27,27,0,0],"gold":0,"neow_bonus":"THREE_ENEMY_KILL","is_daily":false,"chose_seed":false,"campfire_upgraded":3,"win_rate":0.0,"timestamp":1612041351,"path_taken":["M","?","$","?","$","E","R","M","T","E","M","R","?","?","R","BOSS","M","?","M","M","$","E","R","?","T","?","M","?","M"],"items_purchased_type":["Card"],"build_version":"2020-12-22","purchased_purges":2,"victory":false,"max_hp_per_floor":[75,75,75,75,75,75,75,75,75,75,75,75,75,75,75,75,75,75,75,75,75,75,75,75,75,75,80,80,80,80,80],"card_choices":[{"not_picked":["Stack","Cold Snap","BootSequence"],"picked":"SKIP","floor":1.0},{"not_picked":["Genetic Algorithm","Leap"],"picked":"Conserve Battery","floor":6.0},{"not_picked":["Sweeping Beam","Gash","Chill"],"picked":"SKIP","floor":8.0},{"not_picked":["Hello World","Rebound"],"picked":"Thunder Strike","floor":10.0},{"not_picked":["Stack","Hologram","Reprogram"],"picked":"SKIP","floor":11.0},{"not_picked":["Sweeping Beam","Doom and Gloom","Skim"],"picked":"SKIP","floor":13.0},{"not_picked":["Coolheaded","Compile Driver","Redo"],"picked":"SKIP","floor":18.0},{"not_picked":["Cold Snap","Beam Cell","Go for the Eyes"],"picked":"SKIP","floor":20.0},{"not_picked":["Reprogram","Skim"],"picked":"Reinforced Body","floor":21.0},{"not_picked":["Defragment","Tempest"],"picked":"Self Repair","floor":23},{"not_picked":["Storm","Barrage+1"],"picked":"Leap+1","floor":28}],"player_experience":132922,"relics_obtained":[{"floor":6.0,"key":"Toy Ornithopter"},{"floor":9.0,"key":"MealTicket"},{"floor":10.0,"key":"Mercury Hourglass"},{"floor":23,"key":"Molten Egg 2"},{"floor":26,"key":"Toxic Egg 2"}],"event_choices":[{"cards_removed":["Defend_B"],"damage_healed":0.0,"max_hp_gain":0.0,"max_hp_loss":0.0,"gold_gain":0.0,"event_name":"The Cleric","player_choice":"Card Removal","floor":2.0,"gold_loss":50.0,"damage_taken":0.0},{"damage_healed":0.0,"max_hp_gain":0.0,"max_hp_loss":0.0,"gold_gain":0.0,"event_name":"Accursed Blacksmith","player_choice":"Forge","floor":4.0,"gold_loss":0.0,"damage_taken":0.0,"cards_upgraded":["Zap"]},{"cards_removed":["Strike_B"],"damage_healed":0.0,"max_hp_gain":0.0,"max_hp_loss":0.0,"gold_gain":0.0,"event_name":"Purifier","player_choice":"Purged","floor":14.0,"gold_loss":0.0,"damage_taken":0.0},{"damage_healed":0,"gold_gain":0,"player_choice":"Ignored","damage_taken":0,"max_hp_gain":0,"max_hp_loss":0,"event_name":"Ghosts","floor":25,"gold_loss":0},{"damage_healed":0,"gold_gain":0,"player_choice":"Shed Blood","damage_taken":19,"max_hp_gain":5,"max_hp_loss":0,"event_name":"Forgotten Altar","floor":27,"gold_loss":0},{"damage_healed":0,"gold_gain":0,"player_choice":"Paid Fearfully","damage_taken":0,"max_hp_gain":0,"max_hp_loss":0,"event_name":"Masked Bandits","floor":29,"gold_loss":91}],"is_beta":false,"boss_relics":[{"not_picked":["Snecko Eye","FrozenCore"],"picked":"Inserter"}],"items_purged_floors":[19,22],"is_endless":false,"potions_floor_spawned":[6,8,10,13,23,28],"killed_by":"Cultist and Chosen","ascension_level":0}}