{"host":"ggdx0grr3y27g9rj","time":1612040247,"event":{"mods":["Act Like it!","BaseMod","Dio Mod","Duelist Mod","GifTheSpireLib","Hermit","Hero for Fun","Highlight Path","Minty Spire (QoL Compilation)","StSLib","The Bug Knight","The Kombatant","The Servant 0.9.4","The Wild Card"],"gold_per_floor":[112,130,130,150,166,201,201,212,281,295,295,313,313,347,347,447,447,464,481,481,500,54,54,81,81,127,142,142,142,142,82,82,182,182,201,225,237,248,548,548,568,568,568,568,568],"floor_reached":44,"language":"ENG","playtime":4908,"items_purged":[],"score":592,"play_id":"1e5d2167-da27-4bb5-b994-49a85a8d1fd5","local_time":"20210130215727","is_ascension_mode":false,"campfire_choices":[{"data":"Hightail","floor":7,"key":"SMITH"},{"data":"Collapse","floor":11,"key":"SMITH"},{"data":"Luminosity","floor":13,"key":"SMITH"},{"data":"Revamp","floor":15,"key":"SMITH"},{"floor":23,"key":"RECALL"},{"data":"FloweringNight","floor":25,"key":"SMITH"},{"data":"Unruled","floor":28,"key":"SMITH"},{"data":"Exchange","floor":32,"key":"SMITH"},{"data":"Spin","floor":40,"key":"SMITH"},{"floor":42,"key":"REST"}],"circlet_count":0,"master_deck":["Strike_S","Strike_S","Defend_S","Defend_S","Defend_S","Defend_S","KidneyShot+1","Exchange+1","Contraction","Potential","Spin+1","GearUp","Collapse+1","Hightail+1","Revamp+1","FloweringNight+1","TimeWarp","Luminosity+1","ShatteredReality","Deny","Luminosity+1","Unruled+1","Rewind+1","ShiftingGears","Initiator+1","GearUp+1","DoubleEdge+1","ShatteredReality"],"relics":["Uniform","Thread and Needle","Bottled Lightning","Gambling Chip","MysterySword","Toolbox","Eternal Feather","Potion Belt","SlaversCollar","Whetstone","Regal Pillow"],"acts_visited":["Exordium","TheCity","TheBeyond"],"potions_floor_usage":[5,14,16,24,24,30,33,41],"damage_taken":[{"damage":5,"enemies":"Jaw Worm","floor":1,"turns":6},{"damage":0,"enemies":"Cultist","floor":2,"turns":4},{"damage":0,"enemies":"Small Slimes","floor":4,"turns":2},{"damage":13,"enemies":"Red Slaver","floor":5,"turns":6},{"damage":0,"enemies":"Lagavulin","floor":6,"turns":13},{"damage":0,"enemies":"3 Louse","floor":8,"turns":2},{"damage":0,"enemies":"2 Fungi Beasts","floor":10,"turns":2},{"damage":0,"enemies":"Exordium Thugs","floor":12,"turns":5},{"damage":0,"enemies":"HollowMod:MossKnight","floor":14,"turns":5},{"damage":0,"enemies":"Hexaghost","floor":16,"turns":12},{"damage":0,"enemies":"Shell Parasite","floor":18,"turns":8},{"damage":0,"enemies":"Chosen","floor":19,"turns":7},{"damage":0,"enemies":"Centurion and Healer","floor":21,"turns":9},{"damage":27,"enemies":"Gremlin Leader","floor":24,"turns":6},{"damage":0,"enemies":"Snake Plant","floor":27,"turns":4},{"damage":0,"enemies":"3 Cultists","floor":30,"turns":2},{"damage":0,"enemies":"StardustCrusaders","floor":33,"turns":7},{"damage":26,"enemies":"3 Shapes","floor":35,"turns":4},{"damage":0,"enemies":"Orb Walker","floor":37,"turns":6},{"damage":0,"enemies":"4 Shapes","floor":38,"turns":3},{"damage":52,"enemies":"Spire Growth","floor":41,"turns":8},{"damage":62,"enemies":"Reptomancer","floor":44,"turns":2}],"seed_played":"-5382688545348170385","potions_obtained":[{"floor":1,"key":"BlessingOfTheForge"},{"floor":8,"key":"Strength Potion"},{"floor":10,"key":"Explosive Potion"},{"floor":14,"key":"SmokeBomb"},{"floor":19,"key":"Regen Potion"},{"floor":21,"key":"EssenceOfSteel"},{"floor":27,"key":"Dexterity Potion"},{"floor":35,"key":"SneckoOil"}],"is_trial":false,"path_per_floor":["M","M","?","M","M","E","R","M","T","M","R","M","R","E","R","B",null,"M","M","?","M","$","R","E","R","T","M","R","?","M","?","R","B",null,"M","T","M","M","?","R","M","R","T","E"],"character_chosen":"THE_SERVANT","items_purchased":["Toolbox","Unruled","Eternal Feather"],"campfire_rested":1,"item_purchase_floors":[22,22,22],"current_hp_per_floor":[66,66,66,66,53,53,53,53,53,53,53,53,53,53,53,53,71,71,71,71,71,71,71,56,68,68,68,71,71,71,71,71,71,71,45,45,45,45,45,60,8,44,44,0,0],"gold":568,"neow_bonus":"TEN_PERCENT_HP_BONUS","is_daily":false,"chose_seed":false,"campfire_upgraded":8,"win_rate":0.0,"timestamp":1612040247,"path_taken":["M","M","?","?","M","E","R","M","T","M","R","M","R","E","R","BOSS","M","M","?","M","?","R","E","R","T","M","R","?","?","?","R","BOSS","M","?","?","?","?","R","?","R","T","E"],"items_purchased_type":["Relic","Card","Relic"],"build_version":"2020-12-22","purchased_purges":0,"victory":false,"max_hp_per_floor":[71,71,71,71,71,71,71,71,71,71,71,71,71,71,71,71,71,71,71,71,71,71,71,71,71,71,71,71,71,71,71,71,71,71,71,71,71,71,71,71,71,71,71,71,71],"card_choices":[{"not_picked":["Alleviate","DoubleEdge"],"picked":"Contraction","floor":1},{"not_picked":["Defy","Revamp"],"picked":"Potential","floor":2},{"not_picked":["Spin","Defy"],"picked":"Collapse","floor":4},{"not_picked":["Alleviate","Rewind"],"picked":"Hightail","floor":5},{"not_picked":["Alleviate","FanOfKnives"],"picked":"Revamp","floor":6},{"not_picked":["DoubleEdge","Revamp"],"picked":"FloweringNight","floor":8},{"not_picked":["Rearm","DoubleEdge"],"picked":"TimeWarp","floor":10},{"not_picked":["Replace","WasteNot"],"picked":"Luminosity","floor":12},{"not_picked":["FastForward","SoulSculpture"],"picked":"ShatteredReality","floor":14},{"not_picked":["Initiator","KillingDoll"],"picked":"Deny","floor":16},{"not_picked":["Spin","Alleviate","ShatteredReality+1"],"picked":"SKIP","floor":18},{"not_picked":["Starlight","Alleviate"],"picked":"Luminosity+1","floor":19},{"not_picked":["TimeWarp","FanOfKnives","Spin+1"],"picked":"SKIP","floor":21},{"not_picked":["Rearm","Alleviate"],"picked":"Rewind+1","floor":24},{"not_picked":["Read","Ricochet"],"picked":"ShiftingGears","floor":27},{"not_picked":["Sunlight","SoulSculpture"],"picked":"Initiator","floor":33},{"not_picked":["Rearm+1","Moonlight+1"],"picked":"GearUp+1","floor":35},{"not_picked":["BestPractice+1","Rearm"],"picked":"DoubleEdge+1","floor":37},{"not_picked":["Ricochet+1","Starlight"],"picked":"ShatteredReality","floor":38},{"not_picked":["Revamp","Replace+1","WasteNot"],"picked":"SKIP","floor":41}],"player_experience":118848,"relics_obtained":[{"floor":6,"key":"Thread and Needle"},{"floor":9,"key":"Bottled Lightning"},{"floor":14,"key":"Gambling Chip"},{"floor":24,"key":"Potion Belt"},{"floor":36,"key":"Whetstone"},{"floor":43,"key":"Regal Pillow"}],"event_choices":[{"damage_healed":0,"gold_gain":0,"player_choice":"2 cards matched","damage_taken":0,"max_hp_gain":0,"max_hp_loss":0,"event_name":"Match and Keep!","floor":3,"gold_loss":0,"cards_obtained":["Spin","GearUp"]},{"cards_removed":["Strike_S"],"damage_healed":0,"gold_gain":0,"player_choice":"Elegance","damage_taken":0,"max_hp_gain":0,"max_hp_loss":0,"event_name":"Back to Basics","floor":20,"gold_loss":0},{"damage_healed":0,"gold_gain":0,"player_choice":"Ignored","damage_taken":0,"max_hp_gain":0,"max_hp_loss":0,"event_name":"Cursed Tome","floor":29,"gold_loss":0},{"cards_removed":["Strike_S"],"damage_healed":0,"gold_gain":0,"player_choice":"Single Remove","damage_taken":0,"max_hp_gain":0,"max_hp_loss":0,"event_name":"Designer","floor":31,"gold_loss":60},{"damage_healed":0,"gold_gain":300,"player_choice":"Gold","damage_taken":0,"max_hp_gain":0,"max_hp_loss":0,"event_name":"Wheel of Change","floor":39,"gold_loss":0}],"is_beta":false,"boss_relics":[{"not_picked":["Fusion Hammer","Philosopher\u0027s Stone"],"picked":"MysterySword"},{"not_picked":["Busted Crown","Astrolabe"],"picked":"SlaversCollar"}],"items_purged_floors":[],"is_endless":false,"potions_floor_spawned":[1,8,10,14,19,21,27,35],"killed_by":"Reptomancer","ascension_level":0}}