{"host":"x205naxbihvu3p76","time":1612016477,"event":{"mods":["AchievementEnabler","BaseMod","Minty Spire (QoL Compilation)","StSLib","SuperFastMode"],"gold_per_floor":[114,125,125,275,275,307,307,307,307,317,336,13,39,50,50,129,129,148,148,37,51,51,51,84,84,84,101,121,135,43,0,0,77,77,95,95,95,95,95,130,130,146,172,172,190,219,232,232,232,232,232],"floor_reached":52,"language":"KOR","playtime":1283,"items_purged":["Strike_B","Strike_B","Strike_B+1"],"score":1955,"play_id":"bb29f405-0c16-4eb6-96c3-0d4947cc99a9","local_time":"20210130232117","is_ascension_mode":true,"campfire_choices":[{"data":"Sunder","floor":7.0,"key":"SMITH"},{"data":"Capacitor","floor":15.0,"key":"SMITH"},{"floor":23,"key":"REST"},{"floor":25,"key":"REST"},{"floor":32,"key":"REST"},{"data":"Fusion","floor":41,"key":"SMITH"},{"floor":44,"key":"REST"},{"data":"Consume","floor":49,"key":"SMITH"}],"circlet_count":0,"master_deck":["AscendersBane","Defend_B","Defend_B","Defend_B","Defend_B","Zap","Dualcast+1","Ball Lightning","Sunder+1","Cold Snap+1","Ball Lightning","Capacitor+1","Cold Snap","Electrodynamics","CurseOfTheBell","Chill","Glacier","Capacitor","Consume+1","Turbo","Cold Snap","Hologram+1","White Noise","Barrage","Biased Cognition","Fusion+1","Leap+1","Self Repair"],"relics":["Cracked Core","NeowsBlessing","HornCleat","Letter Opener","Whetstone","Membership Card","DataDisk","Blood Vial","Calling Bell","Dream Catcher","Pear","StoneCalendar","Centennial Puzzle","Torii","Philosopher\u0027s Stone","Emotion Chip","Bronze Scales","PreservedInsect"],"acts_visited":["Exordium","TheCity","TheBeyond"],"potions_floor_usage":[22,33,33,46,46,46,50],"damage_taken":[{"damage":0.0,"enemies":"2 Louse","floor":1.0,"turns":1.0},{"damage":0.0,"enemies":"Jaw Worm","floor":2.0,"turns":1.0},{"damage":0.0,"enemies":"Lagavulin","floor":6.0,"turns":1.0},{"damage":6.0,"enemies":"Small Slimes","floor":10.0,"turns":3.0},{"damage":1.0,"enemies":"Blue Slaver","floor":11.0,"turns":3.0},{"damage":0.0,"enemies":"Gremlin Nob","floor":13.0,"turns":3.0},{"damage":12.0,"enemies":"Lots of Slimes","floor":14.0,"turns":3.0},{"damage":10.0,"enemies":"The Guardian","floor":16.0,"turns":11.0},{"damage":34.0,"enemies":"Shell Parasite","floor":18.0,"turns":7.0},{"damage":17.0,"enemies":"2 Thieves","floor":21.0,"turns":3.0},{"damage":0,"enemies":"Cultist and Chosen","floor":22,"turns":1},{"damage":62,"enemies":"Slavers","floor":24,"turns":6},{"damage":11,"enemies":"Centurion and Healer","floor":27,"turns":7},{"damage":17,"enemies":"Snake Plant","floor":28,"turns":5},{"damage":1,"enemies":"Sentry and Sphere","floor":29,"turns":6},{"damage":38,"enemies":"Collector","floor":33,"turns":11},{"damage":12,"enemies":"3 Darklings","floor":35,"turns":5},{"damage":21,"enemies":"Nemesis","floor":40,"turns":7},{"damage":14,"enemies":"Orb Walker","floor":42,"turns":5},{"damage":17,"enemies":"3 Darklings","floor":45,"turns":5},{"damage":21,"enemies":"Reptomancer","floor":46,"turns":5},{"damage":12,"enemies":"Jaw Worm Horde","floor":47,"turns":4},{"damage":28,"enemies":"Donu and Deca","floor":50,"turns":7},{"damage":41,"enemies":"Time Eater","floor":51,"turns":14}],"seed_played":"-75916571321979276","potions_obtained":[{"floor":1.0,"key":"SmokeBomb"},{"floor":2.0,"key":"FairyPotion"},{"floor":24,"key":"EntropicBrew"},{"floor":27,"key":"Explosive Potion"},{"floor":28,"key":"Block Potion"},{"floor":35,"key":"FocusPotion"},{"floor":39,"key":"EntropicBrew"}],"is_trial":false,"path_per_floor":["M","M","?","?","?","E","R","?","T","M","M","$","E","M","R","B",null,"M","?","$","M","M","R","E","R","T","M","M","M","$","?","R","B",null,"M","?","?","?","?","E","R","M","T","R","M","E","M","?","R","B","B",null],"character_chosen":"DEFECT","items_purchased":["Membership Card","DataDisk","Ball Lightning","Glacier","Capacitor","Barrage"],"campfire_rested":4,"item_purchase_floors":[12,12,12,20,20,30],"current_hp_per_floor":[64,64,53,53,53,53,53,46,46,40,39,39,39,29,29,21,69,37,37,37,22,24,48,24,48,48,39,24,25,25,25,49,13,64,54,54,54,54,54,35,35,23,23,46,31,19,9,63,63,42,3],"gold":232,"neow_bonus":"THREE_ENEMY_KILL","is_daily":false,"chose_seed":false,"campfire_upgraded":4,"win_rate":0.0,"timestamp":1612016477,"path_taken":["M","M","?","?","?","E","R","?","T","?","M","$","E","M","R","BOSS","M","?","$","M","?","R","E","R","T","M","M","M","?","?","R","BOSS","M","?","?","?","?","E","R","?","T","R","M","E","M","?","R","BOSS","BOSS"],"items_purchased_type":["Relic","Relic","Card","Card","Card","Card"],"build_version":"2020-12-22","purchased_purges":3,"victory":true,"max_hp_per_floor":[71,71,71,71,71,71,71,71,71,71,71,71,71,71,71,71,81,81,81,81,81,81,81,81,81,81,81,81,81,81,81,81,81,81,81,81,77,77,77,77,77,77,77,77,77,77,77,63,63,63,63],"card_choices":[{"not_picked":["Static Discharge","Steam","Go for the Eyes"],"picked":"SKIP","floor":1.0},{"not_picked":["Leap","Gash"],"picked":"Ball Lightning","floor":2.0},{"not_picked":["Self Repair","Buffer"],"picked":"Cold Snap","floor":6.0},{"not_picked":["Blizzard","Sweeping Beam","Rip and Tear"],"picked":"SKIP","floor":10.0},{"not_picked":["Stack","Rebound","Hello World"],"picked":"SKIP","floor":11.0},{"not_picked":["Static Discharge","Scrape"],"picked":"Capacitor","floor":13.0},{"not_picked":["FTL","Beam Cell"],"picked":"Cold Snap","floor":14.0},{"not_picked":["Meteor Strike","Core Surge"],"picked":"Electrodynamics","floor":16.0},{"not_picked":["Compile Driver","Rebound"],"picked":"Chill","floor":18.0},{"not_picked":["Sweeping Beam+1","Go for the Eyes","Steam"],"picked":"SKIP","floor":21.0},{"not_picked":["Melter","Auto Shields"],"picked":"Consume","floor":23},{"not_picked":["Ball Lightning","Coolheaded"],"picked":"Turbo","floor":24},{"not_picked":["Electrodynamics","Rebound"],"picked":"Cold Snap","floor":27},{"not_picked":["Turbo","Multi-Cast"],"picked":"Hologram+1","floor":28},{"not_picked":["Steam","Stack"],"picked":"White Noise","floor":29},{"not_picked":["Electrodynamics","Creative AI"],"picked":"Biased Cognition","floor":33},{"not_picked":["Reinforced Body","Heatsinks+1","Barrage"],"picked":"SKIP","floor":35},{"not_picked":["Cold Snap+1","Gash"],"picked":"Fusion","floor":40},{"not_picked":["Sweeping Beam","Conserve Battery"],"picked":"Leap+1","floor":42},{"not_picked":["Leap","Sunder+1"],"picked":"Self Repair","floor":45},{"not_picked":["Beam Cell","Cold Snap+1","BootSequence"],"picked":"SKIP","floor":46},{"not_picked":["Sweeping Beam+1","Skim+1","Rebound"],"picked":"SKIP","floor":47}],"player_experience":1006447,"relics_obtained":[{"floor":6.0,"key":"Letter Opener"},{"floor":9.0,"key":"Whetstone"},{"floor":13.0,"key":"Blood Vial"},{"floor":17.0,"key":"Dream Catcher"},{"floor":17.0,"key":"Pear"},{"floor":17.0,"key":"StoneCalendar"},{"floor":24,"key":"Centennial Puzzle"},{"floor":26,"key":"Torii"},{"floor":40,"key":"Emotion Chip"},{"floor":43,"key":"Bronze Scales"},{"floor":46,"key":"PreservedInsect"}],"event_choices":[{"damage_healed":0.0,"max_hp_gain":0.0,"max_hp_loss":0.0,"gold_gain":0.0,"event_name":"Scrap Ooze","player_choice":"Success","floor":3.0,"gold_loss":0.0,"damage_taken":11.0,"relics_obtained":["HornCleat"]},{"damage_healed":0.0,"max_hp_gain":0.0,"max_hp_loss":0.0,"gold_gain":150.0,"event_name":"Liars Game","player_choice":"AGREE","floor":4.0,"gold_loss":0.0,"damage_taken":0.0,"cards_obtained":["Doubt"]},{"damage_healed":0.0,"max_hp_gain":0.0,"max_hp_loss":0.0,"gold_gain":0.0,"cards_transformed":["Strike_B"],"event_name":"Living Wall","player_choice":"Change","floor":5.0,"gold_loss":0.0,"damage_taken":0.0,"cards_obtained":["Sunder"]},{"cards_removed":["Doubt"],"damage_healed":0.0,"max_hp_gain":0.0,"max_hp_loss":0.0,"gold_gain":0.0,"event_name":"Golden Wing","player_choice":"Card Removal","floor":8.0,"gold_loss":0.0,"damage_taken":7.0},{"damage_healed":0.0,"max_hp_gain":0.0,"max_hp_loss":0.0,"gold_gain":0.0,"event_name":"Upgrade Shrine","player_choice":"Upgraded","floor":19.0,"gold_loss":0.0,"damage_taken":0.0,"cards_upgraded":["Dualcast"]},{"damage_healed":0,"gold_gain":0,"player_choice":"Paid Fearfully","damage_taken":0,"max_hp_gain":0,"max_hp_loss":0,"event_name":"Masked Bandits","floor":31,"gold_loss":43},{"damage_healed":0,"gold_gain":0,"player_choice":"Memory 1","damage_taken":0,"max_hp_gain":0,"max_hp_loss":0,"event_name":"SensoryStone","floor":36,"gold_loss":0},{"damage_healed":0,"gold_gain":0,"player_choice":"Max HP","damage_taken":0,"max_hp_gain":0,"max_hp_loss":4,"event_name":"Winding Halls","floor":37,"gold_loss":0},{"damage_healed":0,"gold_gain":0,"player_choice":"Ignored","damage_taken":0,"max_hp_gain":0,"max_hp_loss":0,"event_name":"Mysterious Sphere","floor":38,"gold_loss":0},{"damage_healed":0,"gold_gain":0,"player_choice":"Got Potions","damage_taken":0,"max_hp_gain":0,"max_hp_loss":0,"event_name":"Lab","floor":39,"gold_loss":0},{"damage_healed":63,"gold_gain":0,"player_choice":"Heal","damage_taken":0,"max_hp_gain":0,"max_hp_loss":14,"event_name":"The Moai Head","floor":48,"gold_loss":0}],"is_beta":false,"boss_relics":[{"not_picked":["Nuclear Battery","SacredBark"],"picked":"Calling Bell"},{"not_picked":["SlaversCollar","Astrolabe"],"picked":"Philosopher\u0027s Stone"}],"items_purged_floors":[12,20,30],"is_endless":false,"potions_floor_spawned":[1,2,13,16,18,24,27,28,35,42],"ascension_level":20}}