{"host":"9gwavclf33b2mpxe","time":1612001092,"event":{"mods":["BaseMod","Bestiary","Block Reminder","Colored Map","Colored Powertips","Downfall","Highlight Path","Minty Spire (QoL Compilation)","Permanent Neow","Quick Restart","Relic Stats","StSLib","SuperFastMode"],"gold_per_floor":[99,99,114,130,143,43,43,65,65,85,85,104,0,26,49,161,173,185,30,40,40,56,72,126,126,126,126,181,249,249,249,306,447,447,347,402,73,73,124,124,124,196,246,246,246,246],"floor_reached":44,"language":"ENG","playtime":3824,"items_purged":["bronze:Strike"],"score":531,"play_id":"7e55c186-812e-49c9-ae90-14b6ad7d45ce","local_time":"20210130180452","is_ascension_mode":false,"campfire_choices":[{"floor":1.0,"key":"RECALL"},{"data":"bronze:Repulsor","floor":6.0,"key":"SMITH"},{"data":"bronze:Goto","floor":9.0,"key":"SMITH"},{"data":"bronze:DelayedGuard","floor":11.0,"key":"SMITH"},{"data":"bronze:MaxOutput","floor":18.0,"key":"SMITH"},{"data":"bronze:Turbo","floor":25.0,"key":"SMITH"},{"data":"bronze:Deprecate","floor":27.0,"key":"SMITH"},{"data":"bronze:Mutator","floor":30.0,"key":"SMITH"},{"data":"bronze:Allocate","floor":35.0,"key":"SMITH"},{"data":"bronze:BitShift","floor":40.0,"key":"SMITH"}],"circlet_count":0,"master_deck":["bronze:Strike","bronze:Strike","bronze:Strike+1","bronze:Defend","bronze:Defend","bronze:Defend","bronze:Replicate","bronze:Goto+1","Writhe","bronze:Repulsor+1","bronze:WhirlingStrike","bronze:DelayedGuard+1","bronze:BitShift+1","bronze:Shield","bronze:Turbo+1","bronze:OilSpill+1","bronze:MaxOutput+1","bronze:Deprecate+1","bronze:Shell+1","bronze:Separator+1","bronze:RecursiveStrike","bronze:Boost+1","bronze:Repair+1","bronze:ItsAFeature","bronze:Philosophize+1","bronze:Iterate","bronze:Mutator+1","bronze:Allocate+1","bronze:InfiniteLoop","bronze:Branch+1","bronze:Optimize","bronze:FineTuning","bronze:BitShift+1","bronze:ThunderWave","bronze:Overload"],"relics":["bronze:BronzeCore","Thread and Needle","Strawberry","downfall:HeartBlessingRed","Slimebound:PreparedRelic","Odd Mushroom","MawBank","Black Star","Orichalcum","Nunchaku","downfall:KnowingSkull","Bag of Marbles","Whetstone","bronze:ElectromagneticCoil","downfall:HeartBlessingBlue","Vajra","Darkstone Periapt","Gremlin Horn","Bottled Lightning","Peace Pipe"],"acts_visited":["Exordium","TheCity","TheBeyond"],"potions_floor_usage":[44,44,44],"damage_taken":[{"damage":0.0,"enemies":"2 Louse","floor":3.0,"turns":3.0},{"damage":0.0,"enemies":"Small Slimes","floor":4.0,"turns":5.0},{"damage":0.0,"enemies":"Cultist","floor":5.0,"turns":4.0},{"damage":5.0,"enemies":"The Mushroom Lair","floor":8.0,"turns":4.0},{"damage":0.0,"enemies":"Blue Slaver","floor":10.0,"turns":2.0},{"damage":0.0,"enemies":"Gremlin Gang","floor":12.0,"turns":4.0},{"damage":1.0,"enemies":"downfall:FleeingMerchant","floor":13.0,"turns":4.0},{"damage":0.0,"enemies":"3 Sentries","floor":14.0,"turns":6.0},{"damage":8.0,"enemies":"Exordium Thugs","floor":15.0,"turns":4.0},{"damage":55.0,"enemies":"SI_SHIV_ARCHETYPE","floor":16.0,"turns":12.0},{"damage":1.0,"enemies":"downfall:FleeingMerchant","floor":19.0,"turns":4.0},{"damage":0.0,"enemies":"3 Byrds","floor":20.0,"turns":4.0},{"damage":10.0,"enemies":"Centurion and Healer","floor":22.0,"turns":4.0},{"damage":22.0,"enemies":"Sentry and Sphere","floor":23.0,"turns":6.0},{"damage":4.0,"enemies":"Snake Plant","floor":28.0,"turns":5.0},{"damage":19.0,"enemies":"Slavers","floor":29.0,"turns":6.0},{"damage":9.0,"enemies":"Centurion and Healer","floor":32.0,"turns":6.0},{"damage":10.0,"enemies":"WA_ARCHETYPE_CALM","floor":33.0,"turns":8.0},{"damage":3.0,"enemies":"Orb Walker","floor":36.0,"turns":4.0},{"damage":13.0,"enemies":"downfall:FleeingMerchant","floor":37.0,"turns":4.0},{"damage":18.0,"enemies":"3 Shapes","floor":39.0,"turns":3.0},{"damage":47.0,"enemies":"Nemesis","floor":42.0,"turns":9.0},{"damage":1.0,"enemies":"Nemesis","floor":43.0,"turns":4.0},{"damage":19,"enemies":"Reptomancer","floor":44,"turns":4}],"seed_played":"5009283979935523041","potions_obtained":[{"floor":8.0,"key":"Guardian:BlockOnCardUsePotion"},{"floor":10.0,"key":"AttackPotion"},{"floor":14.0,"key":"DuplicationPotion"},{"floor":15.0,"key":"hexamod:SoulburnPotion"},{"floor":16.0,"key":"SteroidPotion"},{"floor":22.0,"key":"bronze:BurnAndBuffPotion"},{"floor":39.0,"key":"Guardian:BlockOnCardUsePotion"}],"is_trial":false,"path_per_floor":["R","?","M","M","M","R","T","?","R","M","R","M","$","E","M","B",null,"R","$","M","?","M","M","T","R","?","R","M","E","R","T","M","B",null,"R","M","$","?","M","R","T","E","?","E"],"character_chosen":"THE_AUTOMATON","items_purchased":["bronze:MaxOutput","bronze:Deprecate","Orichalcum","Vajra","bronze:Optimize","bronze:FineTuning"],"campfire_rested":0,"item_purchase_floors":[13,13,19,37,37,37],"current_hp_per_floor":[70,77,77,77,77,77,77,72,72,72,72,72,71,71,63,8,77,77,76,76,76,76,55,55,55,48,48,54,45,45,45,46,46,77,87,87,74,74,56,56,56,19,18,0,0,0],"gold":246,"neow_bonus":"ONE_RARE_RELIC","is_daily":false,"chose_seed":false,"campfire_upgraded":9,"win_rate":0.0,"timestamp":1612001092,"path_taken":["R","?","M","M","M","R","T","?","R","M","R","M","$","E","M","BOSS","R","$","M","?","?","M","T","R","?","R","?","E","R","?","M","BOSS","R","M","$","?","M","R","T","E","?","E"],"items_purchased_type":["Card","Card","Relic","Relic","Card","Card"],"build_version":"2020-12-22","purchased_purges":1,"victory":false,"max_hp_per_floor":[70,77,77,77,77,77,77,77,77,77,77,77,77,77,77,77,77,77,77,77,77,77,77,77,77,77,77,77,77,77,77,77,77,77,87,87,87,87,87,87,87,87,87,87,87,87],"relic_stats":{"Darkstone Periapt":0,"Peace Pipe":0,"Nunchaku":[12],"Gremlin Horn":[3,3],"counters":[24,119],"Black Star":2,"Whetstone":["bronze:Strike","bronze:Separator"],"Orichalcum":[84],"MawBank":60,"obtain_stats":[{"Darkstone Periapt":41,"bronze:ElectromagneticCoil":34,"bronze:BronzeCore":0,"downfall:HeartBlessingRed":6,"Gremlin Horn":42,"Vajra":37,"Thread and Needle":0,"Whetstone":29,"Odd Mushroom":8,"Orichalcum":19,"MawBank":14,"Peace Pipe":43,"Nunchaku":24,"downfall:HeartBlessingBlue":35,"Strawberry":2,"downfall:KnowingSkull":26,"Slimebound:PreparedRelic":7,"Black Star":17,"Bag of Marbles":29,"Bottled Lightning":42},{"Darkstone Periapt":21,"bronze:ElectromagneticCoil":18,"bronze:BronzeCore":0,"downfall:HeartBlessingRed":3,"Gremlin Horn":22,"Vajra":20,"Thread and Needle":0,"Whetstone":16,"Odd Mushroom":4,"Orichalcum":11,"MawBank":8,"Peace Pipe":23,"Nunchaku":14,"downfall:HeartBlessingBlue":18,"Strawberry":0,"downfall:KnowingSkull":14,"Slimebound:PreparedRelic":3,"Black Star":10,"Bag of Marbles":16,"Bottled Lightning":22},{"Darkstone Periapt":102,"bronze:ElectromagneticCoil":91,"bronze:BronzeCore":0,"downfall:HeartBlessingRed":12,"Gremlin Horn":111,"Vajra":99,"Thread and Needle":0,"Whetstone":77,"Odd Mushroom":16,"Orichalcum":52,"MawBank":32,"Peace Pipe":115,"Nunchaku":66,"downfall:HeartBlessingBlue":91,"Strawberry":0,"downfall:KnowingSkull":66,"Slimebound:PreparedRelic":12,"Black Star":48,"Bag of Marbles":77,"Bottled Lightning":111}]},"card_choices":[{"not_picked":["bronze:Iterate","bronze:ClassDefault"],"picked":"bronze:Repulsor","floor":3.0},{"not_picked":["bronze:Invalidate","bronze:Deprecate"],"picked":"bronze:WhirlingStrike","floor":4.0},{"not_picked":["bronze:Assembly","bronze:Iterate"],"picked":"bronze:DelayedGuard","floor":5.0},{"not_picked":["bronze:BugBarrage","bronze:ForceShield"],"picked":"bronze:BitShift","floor":8.0},{"not_picked":["bronze:BuggyMess","bronze:BitShift"],"picked":"bronze:Shield","floor":10.0},{"not_picked":["bronze:Deprecate","bronze:ChildClass"],"picked":"bronze:Turbo","floor":12.0},{"not_picked":["bronze:Backtrace","bronze:Terminator"],"picked":"bronze:OilSpill","floor":13.0},{"not_picked":["bronze:Constructor","bronze:Safeguard"],"picked":"bronze:Shell","floor":14.0},{"not_picked":["bronze:DarkDash","bronze:Deprecate"],"picked":"bronze:Separator","floor":15.0},{"not_picked":["bronze:HyperBeam","bronze:CleanCode"],"picked":"bronze:RecursiveStrike","floor":16.0},{"not_picked":["bronze:Constructor","bronze:DelayedGuard+1"],"picked":"bronze:Boost","floor":19.0},{"not_picked":["bronze:Constructor","bronze:Separator"],"picked":"bronze:Repair+1","floor":20.0},{"not_picked":["bronze:DigitalCarnage","bronze:CloningBeam+1"],"picked":"bronze:ItsAFeature","floor":22.0},{"not_picked":["bronze:CutThrough","bronze:BitShift"],"picked":"bronze:Philosophize+1","floor":23.0},{"not_picked":["bronze:Safeguard","bronze:Turbo"],"picked":"bronze:Iterate","floor":28.0},{"not_picked":["bronze:DelayedSlice","bronze:BugBarrage"],"picked":"bronze:Mutator","floor":29.0},{"not_picked":["bronze:Optimize+1","bronze:WildBeam"],"picked":"bronze:Allocate","floor":32.0},{"not_picked":["bronze:Break","bronze:ShipIt"],"picked":"bronze:InfiniteLoop","floor":33.0},{"not_picked":["bronze:Philosophize","bronze:DelayedSlice"],"picked":"bronze:Branch+1","floor":36.0},{"not_picked":["bronze:WhirlingStrike","bronze:Constructor+1","bronze:BitShift"],"picked":"SKIP","floor":37.0},{"not_picked":["bronze:Shield+1","bronze:CutThrough+1"],"picked":"bronze:BitShift+1","floor":39.0},{"not_picked":["bronze:DelayedSlice+1","bronze:Boost+1"],"picked":"bronze:ThunderWave","floor":42.0},{"not_picked":["bronze:Overheat+1","bronze:WhirlingStrike"],"picked":"bronze:Overload","floor":43.0}],"player_experience":133274,"relics_obtained":[{"floor":7.0,"key":"Slimebound:PreparedRelic"},{"floor":8.0,"key":"Odd Mushroom"},{"floor":14.0,"key":"MawBank"},{"floor":24.0,"key":"Nunchaku"},{"floor":29.0,"key":"Bag of Marbles"},{"floor":29.0,"key":"Whetstone"},{"floor":41.0,"key":"Darkstone Periapt"},{"floor":42.0,"key":"Gremlin Horn"},{"floor":42.0,"key":"Bottled Lightning"},{"floor":43.0,"key":"Peace Pipe"}],"event_choices":[{"damage_healed":0.0,"max_hp_gain":0.0,"max_hp_loss":0.0,"gold_gain":0.0,"event_name":"Mushrooms","player_choice":"Fought Mushrooms","floor":8.0,"gold_loss":0.0,"damage_taken":0.0},{"cards_removed":["bronze:Defend"],"damage_healed":0.0,"max_hp_gain":0.0,"max_hp_loss":0.0,"gold_gain":0.0,"event_name":"Falling","player_choice":"Removed Skill","floor":38.0,"gold_loss":0.0,"damage_taken":0.0}],"is_beta":false,"boss_relics":[{"not_picked":["Calling Bell","expansioncontent:StudyCardRelic"],"picked":"Black Star"},{"not_picked":["Busted Crown","sneckomod:SneckoTalon"],"picked":"bronze:ElectromagneticCoil"}],"items_purged_floors":[37],"is_endless":false,"potions_floor_spawned":[8,10,14,15,16,22,28,29,32,39,42],"killed_by":"Reptomancer","ascension_level":0}}