{"host":"4cz9gr89nglr7k8k","time":1612041953,"event":{"mods":["BaseMod","Minty Spire (QoL Compilation)","Relic Stats","Slay-I"],"gold_per_floor":[115,115,115,190,200,200,200,200,200,200,218,218,232,232,232,321,321,335,335,2,22,22,22],"floor_reached":22,"language":"DEU","playtime":604,"items_purged":[],"score":344,"play_id":"59a06905-9ae4-4e50-9f3a-68df43ebf304","local_time":"20210130222553","is_ascension_mode":true,"campfire_choices":[{"floor":6,"key":"REST"},{"data":"Whirlwind","floor":8,"key":"SMITH"},{"data":"Fiend Fire","floor":12,"key":"SMITH"},{"data":"Bash","floor":15,"key":"SMITH"}],"circlet_count":0,"master_deck":["AscendersBane","Strike_R","Strike_R","Strike_R","Strike_R","Strike_R","Defend_R","Defend_R","Defend_R","Bash+1","Demon Form+1","Whirlwind+1","Clash","Dropkick","Bash","Fiend Fire+1","Clash","Sword Boomerang","Limit Break","Clothesline+1","Perfected Strike","Iron Wave"],"relics":["Burning Blood","FossilizedHelix","Pear","Golden Idol","Mark of Pain","Membership Card","Eternal Feather"],"acts_visited":["Exordium","TheCity"],"potions_floor_usage":[16,22,22],"damage_taken":[{"damage":4,"enemies":"2 Louse","floor":1,"turns":4},{"damage":4,"enemies":"Small Slimes","floor":5,"turns":3},{"damage":0,"enemies":"Cultist","floor":11,"turns":2},{"damage":16,"enemies":"3 Louse","floor":13,"turns":3},{"damage":39,"enemies":"The Guardian","floor":16,"turns":7},{"damage":27,"enemies":"Spheric Guardian","floor":18,"turns":5},{"damage":34,"enemies":"Shell Parasite","floor":21,"turns":5},{"damage":24,"enemies":"Snake Plant","floor":22,"turns":3}],"seed_played":"208731998907215817","potions_obtained":[{"floor":1,"key":"CultistPotion"},{"floor":11,"key":"HeartOfIron"},{"floor":18,"key":"DuplicationPotion"}],"is_trial":false,"path_per_floor":["M","?","?","?","M","R","?","R","T","?","M","R","M","?","R","B",null,"M","?","$","M","M"],"character_chosen":"IRONCLAD","items_purchased":["Membership Card","Eternal Feather","Perfected Strike"],"campfire_rested":1,"item_purchase_floors":[20,20,20],"current_hp_per_floor":[70,70,63,52,54,75,64,64,74,74,80,80,70,70,70,37,73,52,52,52,24,0,0],"gold":22,"neow_bonus":"ONE_RANDOM_RARE_CARD","is_daily":false,"chose_seed":false,"campfire_upgraded":3,"win_rate":0.0,"timestamp":1612041953,"path_taken":["M","?","?","?","M","R","?","R","T","?","M","R","?","?","R","BOSS","M","?","?","M","M"],"items_purchased_type":["Relic","Relic","Card"],"build_version":"2020-12-22","purchased_purges":0,"victory":false,"max_hp_per_floor":[75,75,75,75,75,75,75,75,85,85,85,85,85,85,85,85,85,85,85,85,85,85,85],"relic_stats":{"counters":[8,32],"Golden Idol":25,"Eternal Feather":0,"obtain_stats":[{"Pear":9,"Golden Idol":14,"Eternal Feather":20,"Mark of Pain":17,"Membership Card":20,"Burning Blood":0,"FossilizedHelix":7},{"Pear":2,"Golden Idol":4,"Eternal Feather":6,"Mark of Pain":5,"Membership Card":6,"Burning Blood":0,"FossilizedHelix":2},{"Pear":7,"Golden Idol":12,"Eternal Feather":24,"Mark of Pain":19,"Membership Card":24,"Burning Blood":0,"FossilizedHelix":7}],"Burning Blood":42},"card_choices":[{"not_picked":["Flex","Hemokinesis"],"picked":"Whirlwind","floor":1},{"not_picked":["Hemokinesis","Havoc"],"picked":"Clash","floor":5},{"not_picked":["Headbutt","Searing Blow"],"picked":"Clash","floor":11},{"not_picked":["Ghostly Armor","Flex"],"picked":"Sword Boomerang","floor":13},{"not_picked":["Barricade","Juggernaut"],"picked":"Limit Break","floor":16},{"not_picked":["Warcry","Shrug It Off"],"picked":"Clothesline+1","floor":18},{"not_picked":["Second Wind","Warcry"],"picked":"Iron Wave","floor":21}],"player_experience":1530650,"relics_obtained":[{"floor":9,"key":"Pear"}],"event_choices":[{"damage_healed":0,"gold_gain":0,"player_choice":"Grow","damage_taken":0,"max_hp_gain":0,"max_hp_loss":0,"event_name":"Living Wall","floor":2,"gold_loss":0,"cards_upgraded":["Demon Form"]},{"cards_removed":["Defend_R"],"damage_healed":0,"gold_gain":0,"player_choice":"Card Removal","damage_taken":7,"max_hp_gain":0,"max_hp_loss":0,"event_name":"Golden Wing","floor":3,"gold_loss":0},{"damage_healed":0,"gold_gain":75,"player_choice":"Gather Gold","damage_taken":11,"max_hp_gain":0,"max_hp_loss":0,"event_name":"World of Goop","floor":4,"gold_loss":0},{"damage_healed":0,"gold_gain":0,"player_choice":"Success","damage_taken":11,"relics_obtained":["FossilizedHelix"],"max_hp_gain":0,"max_hp_loss":0,"event_name":"Scrap Ooze","floor":7,"gold_loss":0},{"damage_healed":0,"gold_gain":0,"player_choice":"3 cards matched","damage_taken":0,"max_hp_gain":0,"max_hp_loss":0,"event_name":"Match and Keep!","floor":10,"gold_loss":0,"cards_obtained":["Dropkick","Bash","Fiend Fire"]},{"damage_healed":0,"gold_gain":0,"player_choice":"Take Wound","damage_taken":0,"relics_obtained":["Golden Idol"],"max_hp_gain":0,"max_hp_loss":0,"event_name":"Golden Idol","floor":14,"gold_loss":0,"cards_obtained":["Injury"]},{"cards_removed":["Injury"],"damage_healed":0,"gold_gain":0,"player_choice":"Removed Curses","damage_taken":0,"max_hp_gain":0,"max_hp_loss":0,"event_name":"Fountain of Cleansing","floor":19,"gold_loss":0}],"is_beta":false,"boss_relics":[{"not_picked":["Black Blood","Astrolabe"],"picked":"Mark of Pain"}],"items_purged_floors":[],"is_endless":false,"potions_floor_spawned":[1,11,18],"killed_by":"Snake Plant","ascension_level":20}}