{"host":"qeogwbudlaqzb6hy","time":1612002078,"event":{"mods":["BaseMod","Downfall","Minty Spire (QoL Compilation)","StSLib"],"gold_per_floor":[99,99,99,99,113,113,113,113,133,133,165,175,175,200,214,314,314,214,232,246,265,283,283,308,208,227,227,259,277,291,52,68,172,172,172,186,186,286,303,303,385,396,396,396,396],"floor_reached":43,"language":"ENG","playtime":2455,"items_purged":["Pride"],"score":435,"play_id":"af4bc170-282a-47cf-8ddd-e9e48f3bf06f","local_time":"20210130202118","is_ascension_mode":false,"campfire_choices":[{"data":"bronze:Replicate","floor":1,"key":"SMITH"},{"data":"bronze:HyperBeam","floor":6,"key":"SMITH"},{"floor":8,"key":"DIG"},{"floor":18,"key":"RECALL"},{"floor":25,"key":"DIG"},{"floor":35,"key":"DIG"},{"floor":40,"key":"DIG"}],"circlet_count":0,"master_deck":["bronze:Strike","bronze:Strike","bronze:Strike","bronze:Defend","bronze:Defend","bronze:Defend","bronze:Defend","bronze:Replicate+1","bronze:Goto","bronze:ForceShield","bronze:Branch","bronze:HyperBeam+1","bronze:CutThrough","bronze:HyperBeam","bronze:Frontload","bronze:Separator","Bandage Up","bronze:Frontload","bronze:HyperBeam","bronze:FindAndReplace","bronze:Fortify","bronze:Repair","bronze:DelayedGuard","bronze:BuggyMess+1","bronze:BronzeOrb","bronze:Mutator","bronze:Allocate+1","bronze:BronzeArmor+1","bronze:Shell","bronze:Shell"],"relics":["bronze:PlatinumCore","downfall:HeartsMalice","Shovel","Gambling Chip","Turnip","Regal Pillow","downfall:HeartBlessingGreen","Bronze Scales","downfall:HeartBlessingRed","Art of War","Shuriken","Gremlin Horn","Strange Spoon","Philosopher\u0027s Stone","Dream Catcher","Ancient Tea Set","Bottled Flame"],"acts_visited":["Exordium","TheCity","TheBeyond"],"potions_floor_usage":[16,33],"damage_taken":[{"damage":0,"enemies":"Cultist","floor":2,"turns":1},{"damage":0,"enemies":"2 Louse","floor":3,"turns":1},{"damage":0,"enemies":"Jaw Worm","floor":4,"turns":1},{"damage":8,"enemies":"Exordium Thugs","floor":5,"turns":5},{"damage":0,"enemies":"Blue Slaver","floor":9,"turns":2},{"damage":9,"enemies":"3 Sentries","floor":11,"turns":3},{"damage":3,"enemies":"Gremlin Gang","floor":12,"turns":3},{"damage":22,"enemies":"Gremlin Nob","floor":14,"turns":5},{"damage":14,"enemies":"Lots of Slimes","floor":15,"turns":3},{"damage":9,"enemies":"SI_SHIV_ARCHETYPE","floor":16,"turns":6},{"damage":0,"enemies":"Shell Parasite","floor":19,"turns":5},{"damage":1,"enemies":"Chosen","floor":20,"turns":4},{"damage":6,"enemies":"Snake Plant","floor":21,"turns":6},{"damage":0,"enemies":"Snecko","floor":22,"turns":5},{"damage":0,"enemies":"3 Cultists","floor":26,"turns":3},{"damage":14,"enemies":"Gremlin Leader","floor":28,"turns":6},{"damage":14,"enemies":"Cultist and Chosen","floor":29,"turns":7},{"damage":0,"enemies":"Snake Plant","floor":30,"turns":5},{"damage":0,"enemies":"downfall:FleeingMerchant","floor":31,"turns":4},{"damage":5,"enemies":"Sentry and Sphere","floor":32,"turns":6},{"damage":66,"enemies":"DF_ARCHETYPE_CLAW","floor":33,"turns":9},{"damage":5,"enemies":"3 Shapes","floor":36,"turns":3},{"damage":4,"enemies":"Orb Walker","floor":39,"turns":2},{"damage":0,"enemies":"Spire Growth","floor":42,"turns":6},{"damage":75,"enemies":"Transient","floor":43,"turns":5}],"seed_played":"6235458453280216050","potions_obtained":[{"floor":9,"key":"CultistPotion"},{"floor":11,"key":"Fire Potion"},{"floor":14,"key":"LiquidBronze"},{"floor":22,"key":"bronze:CleanCodePotion"},{"floor":23,"key":"sneckomod:MuddlingPotion"},{"floor":33,"key":"bronze:CleanCodePotion"}],"is_trial":false,"path_per_floor":["R","M","M","M","M","R","T","R","M","?","E","M","?","E","M","B",null,"R","M","M","M","M","?","T","R","M","?","E","M","M","$","M","B",null,"R","M","?","?","M","R","T","M","M"],"character_chosen":"THE_AUTOMATON","items_purchased":["Strange Spoon"],"campfire_rested":0,"item_purchase_floors":[31],"current_hp_per_floor":[70,70,70,70,62,62,62,62,62,62,53,50,50,32,22,17,70,70,70,70,70,70,70,70,70,70,70,63,56,67,70,65,4,70,70,65,65,65,65,65,65,70,0,0,0],"gold":396,"neow_bonus":"THREE_ENEMY_KILL","is_daily":false,"chose_seed":false,"campfire_upgraded":2,"win_rate":0.0,"timestamp":1612002078,"path_taken":["R","M","M","M","M","R","T","R","?","?","E","M","?","E","M","BOSS","R","M","M","M","?","?","T","R","?","?","E","M","M","$","M","BOSS","R","M","?","?","M","R","T","M","M"],"items_purchased_type":["Relic"],"build_version":"2020-12-22","purchased_purges":1,"victory":false,"max_hp_per_floor":[70,70,70,70,70,70,70,70,70,70,70,70,70,70,70,70,70,70,70,70,70,70,70,70,70,70,70,70,70,70,70,70,70,70,70,70,70,70,70,70,70,70,70,70,70],"card_choices":[{"not_picked":["bronze:Turbo","bronze:Overheat"],"picked":"bronze:ForceShield","floor":2},{"not_picked":["bronze:NullPointer","bronze:Invalidate"],"picked":"bronze:Branch","floor":3},{"not_picked":["bronze:CutThrough","bronze:WildBeam"],"picked":"bronze:HyperBeam","floor":4},{"not_picked":["bronze:Deprecate","bronze:DelayedGuard"],"picked":"bronze:CutThrough","floor":5},{"not_picked":["bronze:Branch","bronze:Repulsor"],"picked":"bronze:HyperBeam","floor":9},{"not_picked":["bronze:WildBeam","bronze:Overload"],"picked":"bronze:Frontload","floor":11},{"not_picked":["bronze:DelayedGuard","bronze:Iterate"],"picked":"bronze:Separator","floor":12},{"not_picked":["bronze:Repulsor","bronze:Invalidate"],"picked":"bronze:Frontload","floor":14},{"not_picked":["bronze:ForLoop","bronze:OilSpill"],"picked":"bronze:HyperBeam","floor":15},{"not_picked":["bronze:Format","bronze:Verify"],"picked":"bronze:FindAndReplace","floor":16},{"not_picked":["bronze:OilSpill","bronze:ForLoop"],"picked":"bronze:Fortify","floor":19},{"not_picked":["bronze:Shell+1","bronze:BuggyMess"],"picked":"bronze:Repair","floor":20},{"not_picked":["bronze:Deprecate","bronze:DarkDash"],"picked":"bronze:DelayedGuard","floor":21},{"not_picked":["bronze:WhirlingStrike","bronze:Optimize"],"picked":"bronze:BuggyMess+1","floor":22},{"not_picked":["bronze:BitShift","bronze:OilSpill","bronze:ForLoop"],"picked":"SKIP","floor":26},{"not_picked":["bronze:Overload","bronze:CloningBeam","bronze:Separator"],"picked":"SKIP","floor":28},{"not_picked":["bronze:HardenedForm","bronze:FollowUp","bronze:WhirlingStrike+1"],"picked":"SKIP","floor":29},{"not_picked":["bronze:BugBarrage","bronze:Philosophize+1"],"picked":"bronze:BronzeOrb","floor":30},{"not_picked":["bronze:CutThrough+1","bronze:BugBarrage"],"picked":"bronze:Mutator","floor":31},{"not_picked":["bronze:BuggyMess","bronze:WildBeam"],"picked":"bronze:Allocate+1","floor":32},{"not_picked":["bronze:CutThrough+1","bronze:ClassDefault"],"picked":"bronze:BronzeArmor+1","floor":36},{"not_picked":["bronze:WildBeam","bronze:Frontload"],"picked":"bronze:Shell","floor":39},{"not_picked":["bronze:BugBarrage+1","bronze:Constructor"],"picked":"bronze:Shell","floor":42}],"player_experience":339830,"relics_obtained":[{"floor":7,"key":"Shovel"},{"floor":8,"key":"Gambling Chip"},{"floor":11,"key":"Turnip"},{"floor":14,"key":"Regal Pillow"},{"floor":24,"key":"Bronze Scales"},{"floor":25,"key":"Art of War"},{"floor":28,"key":"Gremlin Horn"},{"floor":35,"key":"Dream Catcher"},{"floor":40,"key":"Ancient Tea Set"},{"floor":41,"key":"Bottled Flame"}],"event_choices":[{"cards_removed":["bronze:Strike"],"damage_healed":0,"gold_gain":0,"player_choice":"Card Removal","damage_taken":0,"max_hp_gain":0,"max_hp_loss":0,"event_name":"The Cleric","floor":10,"gold_loss":0},{"damage_healed":0,"gold_gain":0,"player_choice":"Got Potions","damage_taken":0,"max_hp_gain":0,"max_hp_loss":0,"event_name":"Lab","floor":23,"gold_loss":0},{"damage_healed":0,"gold_gain":0,"player_choice":"Stole Relic","damage_taken":0,"relics_obtained":["Shuriken"],"max_hp_gain":0,"max_hp_loss":0,"event_name":"Addict","floor":27,"gold_loss":0,"cards_obtained":["Pride"]}],"is_beta":false,"boss_relics":[{"not_picked":["Black Star","Empty Cage"],"picked":"bronze:PlatinumCore"},{"not_picked":["Astrolabe","SlaversCollar"],"picked":"Philosopher\u0027s Stone"}],"items_purged_floors":[31],"is_endless":false,"potions_floor_spawned":[9,11,14,15,22,26,30,32,33,39],"killed_by":"Transient","ascension_level":0}}