{"host":"f0gpob8hq9vgebej","time":1612009477,"event":{"mods":["AchievementEnabler","BaseMod","Minty Spire (QoL Compilation)","Quick Restart","SuperFastMode"],"gold_per_floor":[12,23,37,2,17,42,42,57,82,98,118,129,145,180,180,180,180],"floor_reached":16,"language":"KOR","playtime":327,"items_purged":[],"score":183,"play_id":"43b3872b-80af-480b-b5e2-e4e3eac7d6ae","local_time":"20210130212437","is_ascension_mode":true,"campfire_choices":[{"data":"Darkness","floor":7,"key":"SMITH"},{"data":"Rainbow","floor":15,"key":"SMITH"}],"circlet_count":0,"master_deck":["AscendersBane","Strike_B","Strike_B","Strike_B","Defend_B","Defend_B","Defend_B","Zap","Dualcast","Darkness+1","FTL","Cold Snap","Ball Lightning","Compile Driver","Conserve Battery","Capacitor","Fission","Ball Lightning","Loop","Static Discharge","Rainbow+1"],"relics":["Cracked Core","Anchor","Dream Catcher","Orichalcum"],"acts_visited":["Exordium"],"potions_floor_usage":[6,14,16],"damage_taken":[{"damage":0.0,"enemies":"Small Slimes","floor":1.0,"turns":3.0},{"damage":5.0,"enemies":"Jaw Worm","floor":2.0,"turns":3.0},{"damage":5,"enemies":"2 Louse","floor":3,"turns":2},{"damage":2,"enemies":"2 Fungi Beasts","floor":5,"turns":3},{"damage":33,"enemies":"Lagavulin","floor":6,"turns":4},{"damage":8,"enemies":"Blue Slaver","floor":8,"turns":3},{"damage":0,"enemies":"Looter","floor":10,"turns":2},{"damage":3,"enemies":"3 Louse","floor":11,"turns":3},{"damage":0,"enemies":"2 Fungi Beasts","floor":12,"turns":3},{"damage":4,"enemies":"Blue Slaver","floor":13,"turns":2},{"damage":4,"enemies":"Gremlin Nob","floor":14,"turns":3},{"damage":27,"enemies":"Slime Boss","floor":16,"turns":3}],"seed_played":"1302998386572450464","potions_obtained":[{"floor":2.0,"key":"SteroidPotion"},{"floor":3,"key":"AttackPotion"},{"floor":12,"key":"FocusPotion"},{"floor":13,"key":"Energy Potion"}],"is_trial":false,"path_per_floor":["M","M","M","?","M","E","R","M","T","M","M","M","M","E","R","B"],"character_chosen":"DEFECT","items_purchased":[],"campfire_rested":0,"item_purchase_floors":[],"current_hp_per_floor":[68,63,58,75,73,40,40,32,32,32,29,29,25,21,21,0,0],"gold":180,"neow_bonus":"TRANSFORM_TWO_CARDS","is_daily":false,"chose_seed":false,"campfire_upgraded":2,"win_rate":0.0,"timestamp":1612009477,"path_taken":["M","M","M","?","M","E","R","M","T","M","M","M","M","E","R","BOSS"],"items_purchased_type":[],"build_version":"2020-12-22","purchased_purges":0,"victory":false,"max_hp_per_floor":[75,75,75,75,75,75,75,75,75,75,75,75,75,75,75,75,75],"card_choices":[{"not_picked":["Steam","Glacier"],"picked":"Cold Snap","floor":1.0},{"not_picked":["Beam Cell","Blizzard"],"picked":"Ball Lightning","floor":2.0},{"not_picked":["Cold Snap","Gash"],"picked":"Compile Driver","floor":3},{"not_picked":["Rebound","Static Discharge"],"picked":"Conserve Battery","floor":5},{"not_picked":["Reinforced Body","Compile Driver"],"picked":"Capacitor","floor":6},{"not_picked":["Go for the Eyes","Streamline"],"picked":"Fission","floor":8},{"not_picked":["Aggregate","Steam"],"picked":"Ball Lightning","floor":10},{"not_picked":["Compile Driver","Beam Cell"],"picked":"Loop","floor":11},{"not_picked":["Rip and Tear","Coolheaded"],"picked":"Static Discharge","floor":12},{"not_picked":["Go for the Eyes","Beam Cell","Aggregate"],"picked":"SKIP","floor":13},{"not_picked":["Capacitor","Force Field"],"picked":"Rainbow","floor":14}],"player_experience":291098,"relics_obtained":[{"floor":6,"key":"Anchor"},{"floor":9,"key":"Dream Catcher"},{"floor":14,"key":"Orichalcum"}],"event_choices":[{"damage_healed":18,"gold_gain":0,"player_choice":"Healed","damage_taken":0,"max_hp_gain":0,"max_hp_loss":0,"event_name":"The Cleric","floor":4,"gold_loss":35}],"is_beta":false,"boss_relics":[],"items_purged_floors":[],"is_endless":false,"potions_floor_spawned":[2,3,12,13],"killed_by":"Slime Boss","ascension_level":11}}