{"host":"bxn2em57qlx5u4i0","time":1612019643,"event":{"mods":["BaseMod","Colored Map","Colored Powertips","Highlight Path","Minty Spire (QoL Compilation)","Random Character Button","Relic Sorter","Relic Stats","StSLib","SuperFastMode"],"gold_per_floor":[218,26,26,45,45,45,78,78,132,152,180,220,244,280,280,280,280],"floor_reached":16,"language":"ENG","playtime":359,"items_purged":["Strike_G"],"score":340,"play_id":"1737fef8-708d-4158-891d-d5acff0d4682","local_time":"20210130101403","is_ascension_mode":true,"campfire_choices":[{"data":"Dash","floor":6.0,"key":"SMITH"},{"data":"Dash","floor":8.0,"key":"SMITH"},{"data":"Noxious Fumes","floor":15.0,"key":"SMITH"}],"circlet_count":0,"master_deck":["AscendersBane","Strike_G","Strike_G","Strike_G","Strike_G","Defend_G","Defend_G","Defend_G+1","Defend_G","Defend_G","Survivor+1","Neutralize","Skewer","Backstab","Dash+1","Dash+1","Dagger Spray","Noxious Fumes+1"],"relics":["Ring of the Snake","War Paint","Golden Idol","Sundial","CeramicFish","White Beast Statue","Bottled Tornado"],"acts_visited":["Exordium"],"potions_floor_usage":[16,16],"damage_taken":[{"damage":1.0,"enemies":"Cultist","floor":1.0,"turns":4.0},{"damage":2.0,"enemies":"Jaw Worm","floor":4.0,"turns":4.0},{"damage":0.0,"enemies":"Gremlin Nob","floor":7.0,"turns":3.0},{"damage":0.0,"enemies":"2 Louse","floor":10.0,"turns":2.0},{"damage":3.0,"enemies":"Blue Slaver","floor":11.0,"turns":3.0},{"damage":9.0,"enemies":"Lagavulin","floor":12.0,"turns":5.0},{"damage":17.0,"enemies":"Gremlin Gang","floor":13.0,"turns":6.0},{"damage":0.0,"enemies":"3 Sentries","floor":14.0,"turns":6.0},{"damage":9,"enemies":"Slime Boss","floor":16,"turns":7}],"seed_played":"-1953573692688600311","potions_obtained":[{"floor":1.0,"key":"FearPotion"},{"floor":10.0,"key":"SkillPotion"},{"floor":11.0,"key":"Strength Potion"},{"floor":13.0,"key":"Explosive Potion"},{"floor":14.0,"key":"Energy Potion"}],"is_trial":false,"path_per_floor":["M","$","?","M","?","R","E","R","T","M","M","E","M","E","R","B"],"character_chosen":"THE_SILENT","items_purchased":["Backstab","Dash"],"campfire_rested":0,"item_purchase_floors":[2,2],"current_hp_per_floor":[58,58,40,38,38,38,38,38,38,38,35,26,9,9,9,0,0],"gold":280,"neow_bonus":"HUNDRED_GOLD","is_daily":false,"chose_seed":false,"campfire_upgraded":3,"win_rate":0.0,"timestamp":1612019643,"path_taken":["M","$","?","M","?","R","E","R","T","M","M","E","M","E","R","BOSS"],"items_purchased_type":["Card","Card"],"build_version":"2020-12-22","purchased_purges":1,"victory":false,"max_hp_per_floor":[66,66,66,66,60,60,60,60,60,60,60,60,60,60,60,60,60],"relic_stats":{"counters":[9,40],"Golden Idol":33,"Sundial":[2],"CeramicFish":18,"War Paint":["Defend_G","Survivor"],"obtain_stats":[{"Golden Idol":5,"Sundial":7,"CeramicFish":9,"War Paint":3,"Bottled Tornado":14,"White Beast Statue":12,"Ring of the Snake":0},{"Golden Idol":2,"Sundial":3,"CeramicFish":3,"War Paint":1,"Bottled Tornado":8,"White Beast Statue":6,"Ring of the Snake":0},{"Golden Idol":8,"Sundial":11,"CeramicFish":11,"War Paint":4,"Bottled Tornado":33,"White Beast Statue":21,"Ring of the Snake":0}],"Ring of the Snake":[18]},"card_choices":[{"not_picked":["Reflex","Masterful Stab"],"picked":"Skewer","floor":1.0},{"not_picked":["Dodge and Roll","Infinite Blades"],"picked":"Dash","floor":4.0},{"not_picked":["Flechettes","Choke","Infinite Blades"],"picked":"SKIP","floor":7.0},{"not_picked":["Masterful Stab","Poisoned Stab","Concentrate"],"picked":"SKIP","floor":10.0},{"not_picked":["Blade Dance","Deadly Poison"],"picked":"Dagger Spray","floor":11.0},{"not_picked":["Bane","Catalyst","Sucker Punch"],"picked":"SKIP","floor":12.0},{"not_picked":["Acrobatics","Quick Slash"],"picked":"Noxious Fumes","floor":13.0},{"not_picked":["Unload","Endless Agony","Deadly Poison"],"picked":"SKIP","floor":14.0}],"player_experience":2977160,"relics_obtained":[{"floor":7.0,"key":"Sundial"},{"floor":9.0,"key":"CeramicFish"},{"floor":12.0,"key":"White Beast Statue"},{"floor":14.0,"key":"Bottled Tornado"}],"event_choices":[{"damage_healed":0.0,"max_hp_gain":0.0,"max_hp_loss":0.0,"gold_gain":0.0,"event_name":"Scrap Ooze","player_choice":"Success","floor":3.0,"gold_loss":0.0,"damage_taken":18.0,"relics_obtained":["War Paint"]},{"damage_healed":0.0,"max_hp_gain":0.0,"max_hp_loss":6.0,"gold_gain":0.0,"event_name":"Golden Idol","player_choice":"Lose Max HP","floor":5.0,"gold_loss":0.0,"damage_taken":0.0,"relics_obtained":["Golden Idol"]}],"is_beta":false,"boss_relics":[],"items_purged_floors":[2],"is_endless":false,"potions_floor_spawned":[1,10,11,13,14],"killed_by":"Slime Boss","ascension_level":20}}