{"host":"1pkwkj8mkn7raipg","time":1612018064,"event":{"mods":["BaseMod","LagranYue(¿≠∏Ò¿ °§‘¬)","Minty Spire (QoL Compilation)","Replay The Spire","StSLib","TestMod","The Animator","The Hierophant","The Saiyan"],"gold_per_floor":[109,124,124,124,39,39,68,68,68,68,79,94,94,94,94,94,94,218,218,236,151,196,116,30,61,61,89,89,102,102,102],"floor_reached":30,"language":"ZHS","playtime":1024,"items_purged":[],"score":577,"play_id":"72044285-d8cc-435c-b080-c6a95c365a99","local_time":"20210130224744","is_ascension_mode":true,"campfire_choices":[{"data":"Cleave","floor":6.0,"key":"SMITH"},{"floor":8.0,"key":"REST"},{"data":"Burning Pact","floor":13.0,"key":"SMITH"},{"data":"Pommel Strike","floor":17.0,"key":"SMITH"}],"circlet_count":0,"master_deck":["AscendersBane","Strike_R","Strike_R","Strike_R","Strike_R","Defend_R","Defend_R","Defend_R","Defend_R","Cleave+1","Burning Pact+1","Looming Evil","Pommel Strike+1","Barricade","Defy Death","Abandon","True Grit"],"relics":["Burning Blood","testmod-TestBox","LagranYue:RandomDrawCardRelic","NeowsBlessing","testmod-ChristmasGift","Replay:WaspNest","testmod-D®¶j®§vu","testmod-Hope","ReplayTheSpireMod:Ring of Exchange","ReplayTheSpireMod:Ring of Challenge","Medical Kit","Calipers","Ornamental Fan","Question Card","Shuriken"],"acts_visited":["Exordium","TheCity"],"potions_floor_usage":[25,25,27,29,29,29,29,29,30,30],"damage_taken":[{"damage":3.0,"enemies":"2 Louse","floor":1.0,"turns":2.0},{"damage":0.0,"enemies":"Small Slimes","floor":2.0,"turns":1.0},{"damage":0.0,"enemies":"3 Sentries","floor":7.0,"turns":1.0},{"damage":21.0,"enemies":"Jaw Worm","floor":11.0,"turns":4.0},{"damage":5.0,"enemies":"Exordium Wildlife","floor":12.0,"turns":3.0},{"damage":26.0,"enemies":"Slime Boss","floor":18.0,"turns":8.0},{"damage":10.0,"enemies":"3 Byrds","floor":20.0,"turns":1.0},{"damage":0.0,"enemies":"Spheric Guardian","floor":22.0,"turns":2.0},{"damage":65,"enemies":"Book of Stabbing","floor":25,"turns":6},{"damage":0,"enemies":"Gremlin Leader","floor":27,"turns":1},{"damage":71,"enemies":"3 Cultists","floor":29,"turns":5},{"damage":0,"enemies":"Slavers","floor":30,"turns":1}],"seed_played":"-5866507750176401723","potions_obtained":[{"floor":11.0,"key":"LiquidMemories"},{"floor":12.0,"key":"Adrenaline Potion"},{"floor":25,"key":"DuplicationPotion"},{"floor":29,"key":"Energy Potion"}],"is_trial":false,"path_per_floor":["M","M","?","?","$","R","E","R","T","?","M","M","R","PTL","PTL","?","R","B",null,"M","?","M","?","$","E","$","E","T","M","E"],"character_chosen":"IRONCLAD","items_purchased":["Burning Pact","Abandon"],"campfire_rested":1,"item_purchase_floors":[5,24],"current_hp_per_floor":[72,75,75,40,40,40,46,68,68,68,59,64,64,64,64,57,57,57,71,67,67,73,73,73,32,32,75,75,14,15,15],"gold":102,"neow_bonus":"THREE_ENEMY_KILL","is_daily":false,"chose_seed":false,"campfire_upgraded":3,"win_rate":0.0,"timestamp":1612018064,"path_taken":["M","M","?","?","$","R","E","R","T","?","M","M","R","PTL","PTL","?","R","BOSS","M","?","M","?","$","E","?","E","T","M","E"],"items_purchased_type":["Card","Card"],"build_version":"2020-12-22","purchased_purges":0,"victory":false,"max_hp_per_floor":[75,75,75,75,75,75,75,75,75,75,75,75,75,75,75,75,75,75,75,75,75,75,75,75,75,75,75,75,75,75,75],"card_choices":[{"not_picked":["Clothesline","ReplayTheSpireMod:LeadingStrike"],"picked":"Cleave","floor":1.0},{"not_picked":["Run Through","Cleave","Combust"],"picked":"SKIP","floor":2.0},{"not_picked":["Headbutt","Flex","ReplayReversal"],"picked":"SKIP","floor":7.0},{"not_picked":["Anger","Disarm"],"picked":"Pommel Strike","floor":11.0},{"not_picked":["Whirlwind","Perfected Strike","Sword Boomerang"],"picked":"SKIP","floor":12.0},{"not_picked":["Demonic Infusion","Limit Break"],"picked":"Barricade","floor":18.0},{"not_picked":["Shrug It Off","Intimidate"],"picked":"Defy Death","floor":20.0},{"not_picked":["Evolve","Run Through","Life Link+1"],"picked":"SKIP","floor":22.0},{"not_picked":["ReplayTheSpireMod:Muscle Training","Clothesline+1","Shrug It Off+1"],"picked":"SKIP","floor":25},{"not_picked":["Headbutt","Searing Blow"],"picked":"True Grit","floor":27},{"not_picked":["Thunderclap","Infernal Blade","Replay:Undeath\u0027s Touch","Iron Wave"],"picked":"SKIP","floor":29}],"player_experience":387388,"relics_obtained":[{"floor":7.0,"key":"testmod-D®¶j®§vu"},{"floor":9.0,"key":"testmod-Hope"},{"floor":10.0,"key":"ReplayTheSpireMod:Ring of Exchange"},{"floor":10.0,"key":"ReplayTheSpireMod:Ring of Challenge"},{"floor":25,"key":"Ornamental Fan"},{"floor":27,"key":"Question Card"},{"floor":28,"key":"Shuriken"}],"event_choices":[{"cards_removed":["Strike_R"],"damage_healed":0.0,"max_hp_gain":0.0,"max_hp_loss":0.0,"gold_gain":0.0,"event_name":"Living Wall","player_choice":"Forget","floor":3.0,"gold_loss":0.0,"damage_taken":0.0},{"damage_healed":0.0,"max_hp_gain":0.0,"max_hp_loss":0.0,"gold_gain":0.0,"event_name":"Scrap Ooze","player_choice":"Success","floor":4.0,"gold_loss":0.0,"damage_taken":35.0,"relics_obtained":["Replay:WaspNest"]},{"cards_removed":["Bash"],"damage_healed":0.0,"max_hp_gain":0.0,"max_hp_loss":0.0,"gold_gain":0.0,"event_name":"Golden Wing","player_choice":"Card Removal","floor":16.0,"gold_loss":0.0,"damage_taken":7.0},{"damage_healed":0.0,"max_hp_gain":0.0,"max_hp_loss":0.0,"gold_gain":0.0,"event_name":"Addict","player_choice":"Obtained Relic","floor":21.0,"gold_loss":85.0,"damage_taken":0.0,"relics_obtained":["Calipers"]}],"is_beta":false,"boss_relics":[{"not_picked":["ReplayTheSpireMod:DimensionalGlitch","Brimstone"],"picked":"Medical Kit"}],"items_purged_floors":[],"is_endless":false,"potions_floor_spawned":[11,12,25,27,29],"killed_by":"Slavers","ascension_level":17}}