{"host":"2v1wccdd5g2xowsh","time":1612013670,"event":{"mods":["Act Like it!","BaseMod","Hallownest","Minty Spire (QoL Compilation)","Quick Restart","StSLib","SuperFastMode","The Bug Knight"],"gold_per_floor":[116,116,116,116,116,148,148,162,240,240,240,255,273,286,286,381,381,391,407,327,282,282,308,367,115,160,160,174,174,174,190,190,288,288,306,306,181,31,191,191,205,221,221,0,0,18,18,28,28,28],"floor_reached":51,"language":"ZHS","playtime":3128,"items_purged":["Injury"],"score":715,"play_id":"65b47c7f-55f4-46a4-a7d8-9d95a19b4161","local_time":"20210130213430","is_ascension_mode":false,"campfire_choices":[{"data":"HollowMod:GrimmsGift","floor":7,"key":"SMITH"},{"data":"HollowMod:DesolateDive","floor":10,"key":"SMITH"},{"floor":15,"key":"REST"},{"floor":27,"key":"REST"},{"floor":29,"key":"REST"},{"floor":32,"key":"REST"},{"data":"HollowMod:theNailsmith","floor":40,"key":"SMITH"},{"floor":47,"key":"REST"},{"floor":49,"key":"REST"}],"circlet_count":1,"master_deck":["HollowMod:NailStrikeStart","HollowMod:NailStrikeStart","HollowMod:NailStrikeStart","HollowMod:NailStrikeStart","HollowMod:QuickDashStart","HollowMod:QuickDashStart","HollowMod:QuickDashStart","HollowMod:QuickDashStart","HollowMod:FocusHealStart","HollowMod:PogoStrike","Jack Of All Trades","HollowMod:InfectedCysts","HollowMod:GrimmsGift+1","HollowMod:DesolateDive+1","HollowMod:Weaversong","HollowMod:LifebloodCocoon","HollowMod:CornifersMapStart","HollowMod:ZotesMagnificence","HollowMod:VengefulSpirit","HollowMod:QuirrelsAssistance","Hallownest:skillCityofTearsMap","HollowMod:theNailsmith+1","HollowMod:FallenFury+1","Mayhem","HollowMod:CycloneSlash","HollowMod:PureVessel","HollowMod:QuirrelsAssistance+1","HollowMod:GoodIntentions+1"],"relics":["HollowMod:KingsSoulRelic","CaptainsWheel","Oddly Smooth Stone","Hallownest:SalubrasBlessingRelic","Thread and Needle","Mummified Hand","Question Card","Hallownest:DreamNailRelic","Philosopher\u0027s Stone","StrikeDummy","Toy Ornithopter","HollowMod:PaleOreRelic","HollowMod:StagPassRelic","Circlet","Hallownest:GodTamersBeastRelic","Mercury Hourglass","Membership Card","Omamori"],"acts_visited":["Exordium","Hallownest:Greenpath","Hallownest:CityofTears"],"potions_floor_usage":[13,16,19,19,33,35,50,50],"damage_taken":[{"damage":0,"enemies":"Hallownest:2_Baldur","floor":1,"turns":3},{"damage":17,"enemies":"Hallownest:eliteCrystalGuardian","floor":6,"turns":8},{"damage":4,"enemies":"Hallownest:2_Tiktiks_and_1_Crawlid","floor":8,"turns":1},{"damage":4,"enemies":"2_ Uuma","floor":12,"turns":2},{"damage":7,"enemies":"Hallownest:1_Ooma_and_2_Uuma","floor":13,"turns":3},{"damage":0,"enemies":"Hallownest:1_Baldur_1_Crawlid_1_Warrior","floor":14,"turns":4},{"damage":22,"enemies":"Hallownest:BossFalseKnight","floor":16,"turns":9},{"damage":5,"enemies":"Hallownest:2_Mistakes","floor":18,"turns":6},{"damage":2,"enemies":"Hallownest:Guard_and_Sentry","floor":19,"turns":4},{"damage":32,"enemies":"Hallownest:eliteWatcherKnight","floor":23,"turns":12},{"damage":37,"enemies":"Hallownest:Glutton_and_Coward","floor":24,"turns":4},{"damage":12,"enemies":"Hallownest:Master_and_Novice","floor":28,"turns":4},{"damage":5,"enemies":"Hallownest:2_Husk_Sentries","floor":31,"turns":5},{"damage":48,"enemies":"Hallownest:BossMantisLord","floor":33,"turns":7},{"damage":21,"enemies":"Hallownest:Shield_Heavy","floor":35,"turns":5},{"damage":31,"enemies":"Hallownest:Shield_Heavy","floor":39,"turns":4},{"damage":30,"enemies":"Hallownest:Shield_Heavy","floor":39,"turns":4},{"damage":72,"enemies":"Hallownest:Shield_Heavy","floor":39,"turns":7},{"damage":0,"enemies":"Hallownest:Shield_Heavy","floor":39,"turns":2},{"damage":35,"enemies":"Hallownest:2_Littles","floor":41,"turns":4},{"damage":23,"enemies":"Hallownest:2_Wandering_and_1_Horned","floor":42,"turns":5},{"damage":29,"enemies":"Hallownest:Shield_Sturdy","floor":46,"turns":4},{"damage":7,"enemies":"Hallownest:2_Great","floor":48,"turns":3},{"damage":111,"enemies":"Hallownest:BossGreyPrinceZote","floor":50,"turns":9}],"seed_played":"-3111632578758006226","potions_obtained":[{"floor":12,"key":"LiquidMemories"},{"floor":14,"key":"Explosive Potion"},{"floor":16,"key":"AttackPotion"},{"floor":18,"key":"Weak Potion"},{"floor":31,"key":"EssenceOfSteel"},{"floor":33,"key":"LiquidMemories"},{"floor":41,"key":"Ancient Potion"},{"floor":46,"key":"FearPotion"}],"is_trial":false,"path_per_floor":["M","?","?","?","T","E","R","M","T","R","?","M","M","M","R","B",null,"M","M","?","?","?","E","M","$","T","R","M","R","?","M","R","B",null,"M","?","?","?","?","R","M","M","T","$","?","M","R","M","R","B",null],"character_chosen":"THE_BUGKNIGHT","items_purchased":["Mayhem","Membership Card","Omamori"],"campfire_rested":6,"item_purchase_floors":[25,44,44],"current_hp_per_floor":[75,84,74,74,74,67,67,63,63,63,63,59,58,58,85,63,86,81,79,79,85,85,59,22,22,22,51,39,69,69,64,94,51,98,88,88,88,88,1256,98,73,56,56,56,56,27,58,57,89,64],"gold":28,"neow_bonus":"RANDOM_COLORLESS","is_daily":false,"chose_seed":false,"campfire_upgraded":3,"win_rate":0.0,"timestamp":1612013670,"path_taken":["M","?","?","?","?","E","R","M","T","R","?","?","M","M","R","BOSS","M","M","?","?","?","E","M","$","T","R","M","R","?","M","R","BOSS","M","?","?","?","?","R","M","?","T","?","?","M","R","M","R","BOSS"],"items_purchased_type":["Card","Relic","Relic"],"build_version":"2020-12-22","purchased_purges":1,"victory":true,"max_hp_per_floor":[75,84,84,84,84,84,84,84,84,84,84,84,84,84,86,86,86,86,86,86,92,92,92,92,92,92,94,94,96,96,96,98,98,98,98,98,98,98,98,98,98,98,98,98,98,98,100,100,102,102],"card_choices":[{"not_picked":["Purity","PanicButton"],"picked":"Jack Of All Trades","floor":0},{"not_picked":["HollowMod:SoulEater","HollowMod:ShadowDash"],"picked":"HollowMod:InfectedCysts","floor":1},{"not_picked":["HollowMod:NewJinnsSoul","HollowMod:DungDefenderAura"],"picked":"HollowMod:GrimmsGift","floor":6},{"not_picked":["HollowMod:SiblingsSouls","HollowMod:SoulStrike"],"picked":"HollowMod:DesolateDive","floor":8},{"not_picked":["HollowMod:DashSlash","HollowMod:DoubleDash","HollowMod:SoulStrike"],"picked":"HollowMod:Weaversong","floor":12},{"not_picked":["HollowMod:TaintedHusks","HollowMod:DescendingDark","HollowMod:InfectedAttack"],"picked":"HollowMod:LifebloodCocoon","floor":13},{"not_picked":["HollowMod:GreatSlash","HollowMod:NewGlowingWomb","HollowMod:VengefulSpirit"],"picked":"HollowMod:CornifersMapStart","floor":14},{"not_picked":["HollowMod:LifebloodCore","HollowMod:Weaversong","HollowMod:LordofShades"],"picked":"HollowMod:ZotesMagnificence","floor":16},{"not_picked":["HollowMod:FastStrike","HollowMod:DoubleDash","HollowMod:InfectedCysts"],"picked":"HollowMod:VengefulSpirit","floor":18},{"not_picked":["HollowMod:InfectedAttack","HollowMod:DescendingDark+1","HollowMod:ChannelNail"],"picked":"HollowMod:QuirrelsAssistance","floor":19},{"not_picked":["HollowMod:VengefulSpirit","HollowMod:PureNailStrike+1","HollowMod:SiblingsSouls"],"picked":"HollowMod:theNailsmith","floor":23},{"not_picked":["HollowMod:CornifersMapStart","HollowMod:QuirrelsAssistance","HollowMod:SharpenedShadows+1"],"picked":"HollowMod:FallenFury+1","floor":24},{"not_picked":["HollowMod:MawleksShell","HollowMod:DesolateDive","HollowMod:TaintedHusks"],"picked":"HollowMod:CycloneSlash","floor":28},{"not_picked":["HollowMod:CornifersMapStart+1","HollowMod:HeavyBlow","HollowMod:TaintedHusks","HollowMod:SharpenedNail"],"picked":"SKIP","floor":31},{"not_picked":["HollowMod:ElderbugsWisdom","HollowMod:HornetsHelp","HollowMod:MidwifesHunger"],"picked":"HollowMod:PureVessel","floor":33},{"not_picked":["HollowMod:VengefulVoid","HollowMod:InfectedCysts+1","HollowMod:SiblingsShadow","HollowMod:BaldurShell"],"picked":"SKIP","floor":35},{"not_picked":["HollowMod:BlackTendrils","HollowMod:DescendingDark+1","HollowMod:DoubleDash"],"picked":"HollowMod:QuirrelsAssistance+1","floor":41},{"not_picked":["HollowMod:MothsMistake","HollowMod:SoulStrike","HollowMod:WraithStrike","HollowMod:NewGlowingWomb+1"],"picked":"SKIP","floor":42},{"not_picked":["HollowMod:GrimmsGift+1","HollowMod:VengefulVoid","HollowMod:NewLittleFool","HollowMod:SharpenedShadows"],"picked":"SKIP","floor":46},{"not_picked":["HollowMod:NewLittleFool+1","HollowMod:BlackTendrils","HollowMod:BaldurShell"],"picked":"HollowMod:GoodIntentions+1","floor":48}],"player_experience":233048,"relics_obtained":[{"floor":5,"key":"Thread and Needle"},{"floor":6,"key":"Mummified Hand"},{"floor":9,"key":"Question Card"},{"floor":23,"key":"Toy Ornithopter"},{"floor":26,"key":"HollowMod:PaleOreRelic"},{"floor":43,"key":"Mercury Hourglass"}],"event_choices":[],"is_beta":false,"boss_relics":[{"not_picked":["HollowMod:VoidIdolRelic","SlaversCollar"],"picked":"Philosopher\u0027s Stone"},{"not_picked":["Coffee Dripper","Astrolabe"],"picked":"HollowMod:KingsSoulRelic"}],"items_purged_floors":[25],"is_endless":false,"potions_floor_spawned":[12,14,16,18,31,33,39,41,46],"ascension_level":0}}