{"host":"sp1f3sybb350mzsh","time":1612003553,"event":{"mods":["AchievementEnabler","BaseMod","Bestiary","Colored Map","Colored Powertips","Filter the Spire","Minty Spire (QoL Compilation)","Puzzle Mod","Relic Stats","StSLib"],"gold_per_floor":[12,12,30,41,41,41,72,72,72,72,82,112,129,164,164,262,262,282,300,146,166,182,182,182],"floor_reached":23,"language":"ENG","playtime":1017,"items_purged":["Strike_B"],"score":213,"play_id":"125973a7-5cc0-465f-8a22-712776758c2e","local_time":"20210130044553","is_ascension_mode":false,"campfire_choices":[{"data":"Zap","floor":6.0,"key":"SMITH"},{"data":"Defragment","floor":8.0,"key":"SMITH"},{"data":"Thinking Ahead","floor":10.0,"key":"SMITH"},{"floor":15.0,"key":"REST"}],"circlet_count":0,"master_deck":["Strike_B","Strike_B","Strike_B","Defend_B","Defend_B","Defend_B","Defend_B","Zap+1","Dualcast","Thinking Ahead+1","Barrage+1","Gash","Glacier","Zap","Defragment+1","Leap","Go for the Eyes","Fission","Consume","Biased Cognition","Leap+1","Sweeping Beam+1","Sunder","Loop","Buffer","Turbo"],"relics":["Cracked Core","The Courier","Omamori","White Beast Statue","Bag of Preparation","Coffee Dripper"],"acts_visited":["Exordium","TheCity"],"potions_floor_usage":[16,21],"damage_taken":[{"damage":8.0,"enemies":"Small Slimes","floor":1.0,"turns":3.0},{"damage":1.0,"enemies":"Jaw Worm","floor":3.0,"turns":2.0},{"damage":1.0,"enemies":"Cultist","floor":4.0,"turns":3.0},{"damage":13.0,"enemies":"Lagavulin","floor":7.0,"turns":7.0},{"damage":1.0,"enemies":"2 Fungi Beasts","floor":11.0,"turns":3.0},{"damage":7.0,"enemies":"3 Sentries","floor":12.0,"turns":7.0},{"damage":2.0,"enemies":"Blue Slaver","floor":13.0,"turns":3.0},{"damage":30.0,"enemies":"Gremlin Nob","floor":14.0,"turns":5.0},{"damage":22,"enemies":"The Guardian","floor":16,"turns":12},{"damage":29,"enemies":"3 Byrds","floor":18,"turns":7},{"damage":7,"enemies":"Chosen","floor":19,"turns":5},{"damage":12,"enemies":"3 Cultists","floor":21,"turns":6},{"damage":0,"enemies":"Snecko","floor":22,"turns":6},{"damage":0,"enemies":"Shelled Parasite and Fungi","floor":23,"turns":1}],"seed_played":"7305467264042276565","potions_obtained":[{"floor":1.0,"key":"Explosive Potion"},{"floor":3.0,"key":"GamblersBrew"},{"floor":12.0,"key":"Weak Potion"},{"floor":13.0,"key":"PotionOfCapacity"},{"floor":16,"key":"PowerPotion"},{"floor":21,"key":"Regen Potion"}],"is_trial":false,"path_per_floor":["M","?","M","M","?","R","E","R","T","R","M","E","M","E","R","B",null,"M","M","$","M","M","M"],"character_chosen":"DEFECT","items_purchased":["Sunder","Loop"],"campfire_rested":1,"item_purchase_floors":[20,20],"current_hp_per_floor":[67,67,66,65,65,65,52,52,52,52,51,44,42,12,34,12,75,46,39,39,27,27,27,27],"gold":182,"neow_bonus":"RANDOM_COLORLESS_2","is_daily":false,"chose_seed":false,"campfire_upgraded":3,"win_rate":0.0,"timestamp":1612003553,"path_taken":["M","?","M","M","?","R","E","R","T","R","M","E","?","E","R","BOSS","M","M","$","M","M","M"],"items_purchased_type":["Card","Card"],"build_version":"2020-12-22","purchased_purges":1,"victory":false,"max_hp_per_floor":[75,75,75,75,75,75,75,75,75,75,75,75,75,75,75,75,75,75,75,75,75,75,75,75],"relic_stats":{"counters":[14,70],"Bag of Preparation":[12],"obtain_stats":[{"The Courier":7,"Omamori":9,"Bag of Preparation":14,"Coffee Dripper":17,"Cracked Core":0,"White Beast Statue":12},{"The Courier":4,"Omamori":4,"Bag of Preparation":8,"Coffee Dripper":9,"Cracked Core":0,"White Beast Statue":6},{"The Courier":15,"Omamori":15,"Bag of Preparation":33,"Coffee Dripper":45,"Cracked Core":0,"White Beast Statue":25}]},"card_choices":[{"not_picked":["Metamorphosis","Transmutation"],"picked":"Thinking Ahead","floor":0.0},{"not_picked":["Compile Driver","Stack"],"picked":"Barrage","floor":1.0},{"not_picked":["Turbo","Chaos"],"picked":"Gash","floor":3.0},{"not_picked":["Steam","Conserve Battery"],"picked":"Glacier","floor":4.0},{"not_picked":["Leap","Sunder"],"picked":"Defragment","floor":7.0},{"not_picked":["Turbo","Steam"],"picked":"Leap","floor":11.0},{"not_picked":["Lockon","Rebound"],"picked":"Go for the Eyes","floor":12.0},{"not_picked":["Stack","Hologram"],"picked":"Fission","floor":13.0},{"not_picked":["Rainbow","Force Field"],"picked":"Consume","floor":14.0},{"not_picked":["All For One","Buffer"],"picked":"Biased Cognition","floor":16},{"not_picked":["Sweeping Beam","Force Field"],"picked":"Leap+1","floor":18},{"not_picked":["Steam","Compile Driver"],"picked":"Sweeping Beam+1","floor":19},{"not_picked":["Streamline","Heatsinks"],"picked":"Buffer","floor":21},{"not_picked":["Cold Snap","Coolheaded"],"picked":"Turbo","floor":22}],"player_experience":150408,"relics_obtained":[{"floor":7.0,"key":"The Courier"},{"floor":9.0,"key":"Omamori"},{"floor":12.0,"key":"White Beast Statue"},{"floor":14.0,"key":"Bag of Preparation"}],"event_choices":[{"damage_healed":0.0,"max_hp_gain":0.0,"max_hp_loss":0.0,"gold_gain":0.0,"event_name":"Living Wall","player_choice":"Grow","floor":2.0,"gold_loss":0.0,"damage_taken":0.0,"cards_upgraded":["Barrage"]},{"damage_healed":0.0,"max_hp_gain":0.0,"max_hp_loss":0.0,"gold_gain":0.0,"event_name":"Match and Keep!","player_choice":"1 cards matched","floor":5.0,"gold_loss":0.0,"damage_taken":0.0,"cards_obtained":["Zap"]}],"is_beta":false,"boss_relics":[{"not_picked":["Empty Cage","Runic Dome"],"picked":"Coffee Dripper"}],"items_purged_floors":[20],"is_endless":false,"potions_floor_spawned":[1,3,12,13,14,16,18,19,21,22],"killed_by":"Shelled Parasite and Fungi","ascension_level":0}}