{"host":"a99cgagtsic7fuyb","time":1612022242,"event":{"mods":["BaseMod","Downfall","Hermit","Lobotomy","Minty Spire (QoL Compilation)","StSLib","The Cursed"],"gold_per_floor":[99,114,129,229,244,144,194,94,4,19,49,11,11,26,26,126,126,126,126,141,156,181,181,231,231,261,67,82,97,112,112,127,227,227,127,142,142,1141,1179,1194,1194,1194,630,630,630,645,660,675,690,690,690],"floor_reached":50,"language":"ZHS","playtime":4174,"items_purged":["downfall:Bewildered","downfall:Haunted","downfall:Malfunctioning"],"score":691,"play_id":"ba840212-42a1-4897-8510-ee65a8ef8b95","local_time":"20210130235722","daily_mods":["Allstar","Blue Cards","Terminal"],"is_ascension_mode":false,"campfire_choices":[{"floor":1,"key":"RECALL"},{"data":"Transmutation","floor":6,"key":"SMITH"},{"data":"Secret Technique","floor":8,"key":"SMITH"},{"data":"Limit Break","floor":18,"key":"SMITH"},{"data":"Apotheosis","floor":25,"key":"SMITH"},{"data":"Hologram","floor":35,"key":"SMITH"},{"floor":42,"key":"REST"},{"data":"Exhume","floor":44,"key":"SMITH"}],"circlet_count":0,"master_deck":["Bash","Secret Technique+1","Bandage Up","Magnetism","Transmutation+1","Apotheosis+1","Beam Cell","Writhe","Hyperbeam","Gash","Beam Cell","Go for the Eyes","Hologram+1","Gash","Exhume+1","Limit Break+1","Sweeping Beam","Rampage","Anger","Corruption","Body Slam","Power Through","Biased Cognition","Fire Breathing","Gash","Injury","Uppercut","Rampage","Beam Cell","Streamline","Fusion+1","Static Discharge","Pride","Darkness+1","Searing Blow+1","expansioncontent:AwakenDeath","expansioncontent:PolyBeam","expansioncontent:InvincibleStrength","Normality","Normality","Flex+1","Juggernaut","expansioncontent:StudyTheSpire","Shrug It Off","Capacitor","Melter","Limit Break+1","Parasite","Headbutt+1","Stack"],"relics":["Burning Blood","Du-Vu Doll","downfall:HeartBlessingRed","downfall:HeartBlessingBlue","Pandora\u0027s Box","PreservedInsect","Centennial Puzzle","MealTicket","Ornamental Fan","Busted Crown","downfall:HeartBlessingGreen","Ginger","Red Skull","Bronze Scales","InkBottle"],"acts_visited":["Exordium","TheCity","TheBeyond"],"potions_floor_usage":[11,15,20,27,27,32,32,36,39,39,46,49],"damage_taken":[{"damage":0,"enemies":"Cultist","floor":2,"turns":4},{"damage":6,"enemies":"Jaw Worm","floor":3,"turns":2},{"damage":2,"enemies":"Small Slimes","floor":5,"turns":2},{"damage":5,"enemies":"downfall:FleeingMerchant","floor":9,"turns":4},{"damage":5,"enemies":"Exordium Wildlife","floor":10,"turns":3},{"damage":10,"enemies":"3 Sentries","floor":11,"turns":3},{"damage":2,"enemies":"downfall:FleeingMerchant","floor":12,"turns":4},{"damage":0,"enemies":"Blue Slaver","floor":14,"turns":1},{"damage":0,"enemies":"Large Slime","floor":15,"turns":1},{"damage":44,"enemies":"Hexaghost","floor":16,"turns":7},{"damage":0,"enemies":"3 Byrds","floor":20,"turns":3},{"damage":22,"enemies":"Shell Parasite","floor":21,"turns":3},{"damage":22,"enemies":"Book of Stabbing","floor":26,"turns":4},{"damage":0,"enemies":"downfall:FleeingMerchant","floor":27,"turns":4},{"damage":2,"enemies":"Cultist and Chosen","floor":28,"turns":5},{"damage":5,"enemies":"Sentry and Sphere","floor":29,"turns":4},{"damage":10,"enemies":"Chosen and Byrds","floor":30,"turns":4},{"damage":0,"enemies":"Snake Plant","floor":32,"turns":2},{"damage":45,"enemies":"WA_ARCHETYPE_CALM","floor":33,"turns":7},{"damage":13,"enemies":"3 Shapes","floor":36,"turns":4},{"damage":65,"enemies":"2 Orb Walkers","floor":39,"turns":4},{"damage":18,"enemies":"3 Darklings","floor":40,"turns":3},{"damage":0,"enemies":"downfall:FleeingMerchant","floor":43,"turns":1},{"damage":35,"enemies":"Maw","floor":46,"turns":6},{"damage":1,"enemies":"Writhing Mass","floor":47,"turns":3},{"damage":60,"enemies":"4 Shapes","floor":48,"turns":4},{"damage":19,"enemies":"Maw","floor":49,"turns":5},{"damage":21,"enemies":"SI_POISON_ARCHETYPE","floor":50,"turns":3}],"seed_played":"-828330817948855686","potions_obtained":[{"floor":3,"key":"BlessingOfTheForge"},{"floor":5,"key":"SteroidPotion"},{"floor":10,"key":"CultistPotion"},{"floor":13,"key":"SmokeBomb"},{"floor":13,"key":"LiquidMemories"},{"floor":13,"key":"Fire Potion"},{"floor":20,"key":"Energy Potion"},{"floor":26,"key":"BloodPotion"},{"floor":29,"key":"ColorlessPotion"},{"floor":30,"key":"FearPotion"},{"floor":33,"key":"Regen Potion"},{"floor":36,"key":"LiquidMemories"},{"floor":39,"key":"BloodPotion"},{"floor":48,"key":"Slimebound:ThreeZeroPotion"},{"floor":49,"key":"SpeedPotion"}],"is_trial":false,"path_per_floor":["R","M","M","?","M","R","T","R","$","M","E","$","?","M","M","B",null,"R","?","M","M","T","?","T","R","E","$","M","M","M","?","M","B",null,"R","M","?","?","?","M","T","R","$","R","?","M","M","M","M","B"],"character_chosen":"IRONCLAD","items_purchased":["Gash","Static Discharge","Bronze Scales","expansioncontent:StudyTheSpire","InkBottle","Shrug It Off","Capacitor","Melter"],"campfire_rested":1,"item_purchase_floors":[12,27,43,43,43,43,43,43],"current_hp_per_floor":[78,77,76,80,79,78,77,86,85,84,83,82,81,80,79,41,77,76,75,74,64,64,64,64,64,60,67,66,65,61,61,62,35,60,59,57,47,47,36,24,24,39,51,50,49,35,44,21,12,0,0],"gold":690,"neow_bonus":"","is_daily":true,"chose_seed":false,"campfire_upgraded":6,"win_rate":0.0,"timestamp":1612022242,"path_taken":["R","M","M","?","M","R","T","R","$","M","E","$","?","?","M","BOSS","R","?","?","M","?","?","T","R","E","?","M","M","?","?","M","BOSS","R","M","?","?","?","?","T","R","$","R","?","M","?","M","M","BOSS"],"items_purchased_type":["Card","Card","Relic","Card","Relic","Card","Card","Card"],"build_version":"2020-12-22","purchased_purges":3,"victory":false,"max_hp_per_floor":[78,77,76,80,79,78,77,86,85,84,83,82,81,80,79,78,77,76,75,74,73,72,71,70,69,68,67,66,65,64,63,62,61,60,59,58,57,56,55,54,53,52,51,50,49,48,47,46,45,45,45],"card_choices":[{"not_picked":["Wild Strike","Reinforced Body"],"picked":"Beam Cell","floor":2},{"not_picked":["Entrench","Sword Boomerang","Rebound"],"picked":"SKIP","floor":3},{"not_picked":["Steam Power","True Grit"],"picked":"Gash","floor":5},{"not_picked":["Reckless Charge","Wild Strike"],"picked":"Beam Cell","floor":9},{"not_picked":["Heatsinks","Steam Power"],"picked":"Go for the Eyes","floor":10},{"not_picked":["Clothesline","Coolheaded","Tempest"],"picked":"SKIP","floor":11},{"not_picked":["Whirlwind","Redo"],"picked":"Hologram","floor":12},{"not_picked":["Blood for Blood","Heavy Blade"],"picked":"Exhume","floor":14},{"not_picked":["Berserk","Exhume"],"picked":"Limit Break","floor":16},{"not_picked":["Cleave","Hemokinesis"],"picked":"Rampage","floor":20},{"not_picked":["Clothesline+1","Compile Driver+1"],"picked":"Beam Cell","floor":21},{"not_picked":["Rampage","Auto Shields"],"picked":"Streamline","floor":26},{"not_picked":["Self Repair","Force Field"],"picked":"Fusion+1","floor":27},{"not_picked":["Body Slam","Ball Lightning","Shrug It Off"],"picked":"SKIP","floor":28},{"not_picked":["Thunderclap","Anger","Shrug It Off"],"picked":"SKIP","floor":29},{"not_picked":["True Grit","Body Slam","Flex"],"picked":"SKIP","floor":30},{"not_picked":["Metallicize","Burning Pact"],"picked":"Darkness+1","floor":32},{"not_picked":[],"picked":"Searing Blow+1","floor":36},{"not_picked":["expansioncontent:PolyBeam","expansioncontent:GuardianWhirl"],"picked":"expansioncontent:AwakenDeath","floor":37},{"not_picked":["expansioncontent:LastStand","expansioncontent:GuardianWhirl"],"picked":"expansioncontent:PolyBeam","floor":37},{"not_picked":["expansioncontent:Chronoboost","expansioncontent:LastStand"],"picked":"expansioncontent:InvincibleStrength","floor":37},{"not_picked":[],"picked":"Flex+1","floor":40},{"not_picked":[],"picked":"Juggernaut","floor":43},{"not_picked":["Body Slam+1"],"picked":"SKIP","floor":46},{"not_picked":[],"picked":"Headbutt+1","floor":47},{"not_picked":[],"picked":"Stack","floor":48},{"not_picked":["Sweeping Beam+1"],"picked":"SKIP","floor":49}],"player_experience":145183,"relics_obtained":[{"floor":11,"key":"Lantern"},{"floor":22,"key":"PreservedInsect"},{"floor":24,"key":"Centennial Puzzle"},{"floor":26,"key":"MealTicket"},{"floor":39,"key":"Ginger"},{"floor":41,"key":"Red Skull"}],"event_choices":[{"damage_healed":0,"gold_gain":0,"player_choice":"Stole Relic","damage_taken":0,"relics_obtained":["Ornamental Fan"],"max_hp_gain":0,"max_hp_loss":0,"event_name":"Addict","floor":31,"gold_loss":0,"cards_obtained":["Pride"]},{"damage_healed":0,"gold_gain":0,"player_choice":"Fight","damage_taken":0,"max_hp_gain":0,"max_hp_loss":0,"event_name":"Mysterious Sphere","floor":39,"gold_loss":0}],"is_beta":false,"boss_relics":[{"not_picked":["Coffee Dripper","bronze:MakeshiftBattery"],"picked":"Pandora\u0027s Box"},{"not_picked":["Astrolabe","Black Blood"],"picked":"Busted Crown"}],"items_purged_floors":[9,27,43],"is_endless":false,"potions_floor_spawned":[3,5,10,14,20,26,29,30,33,36,39,48,49],"killed_by":"SI_POISON_ARCHETYPE","ascension_level":0}}