{"host":"iphsb0ccnjx0pfn6","time":1612025822,"event":{"mods":["2.2 Compatiblity","AchievementEnabler","BaseMod","Colored Map","DeckTracker","Keyboard Shortcuts","Minty Spire (QoL Compilation)","Permanent Neow","Quick Restart","Relic Stats","StSLib","SuperFastMode","Uncapped","everything is the same but u backflip on backflip"],"gold_per_floor":[118,131,146,146,71,100,100,118,142,173,0,13,13,28,28,28,28],"floor_reached":0,"language":"KOR","playtime":0,"items_purged":["Pain"],"score":0,"play_id":"c43b665d-2006-4c6b-b3d6-2cb0ae8d933c","local_time":"20210131015702","is_ascension_mode":true,"campfire_choices":[{"data":"Eruption","floor":7,"key":"SMITH"},{"data":"Vengeance","floor":15,"key":"SMITH"}],"circlet_count":0,"master_deck":["AscendersBane","Strike_P","Strike_P","Strike_P","Defend_P","Defend_P","Defend_P","Defend_P","Eruption+1","Vigilance","EmptyBody","Indignation","EmptyFist","InnerPeace","MentalFortress","Vengeance+1"],"relics":["PureWater","WarpedTongs","MealTicket","Bronze Scales","Nunchaku","TheAbacus"],"acts_visited":["Exordium"],"potions_floor_usage":[6],"damage_taken":[{"damage":2,"enemies":"Cultist","floor":1,"turns":4},{"damage":13,"enemies":"Jaw Worm","floor":2,"turns":7},{"damage":3,"enemies":"2 Louse","floor":3,"turns":2},{"damage":3,"enemies":"Lagavulin","floor":6,"turns":5},{"damage":0,"enemies":"2 Fungi Beasts","floor":8,"turns":4},{"damage":24,"enemies":"Gremlin Nob","floor":10,"turns":3},{"damage":0,"enemies":"Blue Slaver","floor":12,"turns":3},{"damage":7,"enemies":"3 Louse","floor":14,"turns":2},{"damage":0,"enemies":"Slime Boss","floor":16,"turns":3}],"seed_played":"1434338420297213858","potions_obtained":[{"floor":3,"key":"Fire Potion"},{"floor":6,"key":"SteroidPotion"},{"floor":8,"key":"LiquidBronze"}],"is_trial":false,"path_per_floor":["M","M","M","?","$","E","R","M","T","E","$","M","?","M","R","B"],"character_chosen":"WATCHER","items_purchased":["TheAbacus"],"campfire_rested":0,"item_purchase_floors":[11],"current_hp_per_floor":[59,46,43,43,43,40,40,40,40,16,31,31,31,24,24,24,24],"gold":28,"neow_bonus":"THREE_CARDS","is_daily":false,"chose_seed":false,"campfire_upgraded":2,"win_rate":0.0,"timestamp":1612025822,"path_taken":["M","M","M","?","?","E","R","?","T","E","$","M","?","?","R","BOSS"],"items_purchased_type":["Relic"],"build_version":"2020-12-22","purchased_purges":1,"victory":false,"max_hp_per_floor":[68,68,68,68,68,68,68,68,68,68,68,68,68,68,68,68,68],"relic_stats":{"Nunchaku":[1],"TheAbacus":[0],"counters":[9,33],"Bronze Scales":[15],"MealTicket":15,"obtain_stats":[{"Nunchaku":10,"TheAbacus":11,"Bronze Scales":9,"MealTicket":6,"PureWater":0,"WarpedTongs":4},{"Nunchaku":6,"TheAbacus":6,"Bronze Scales":5,"MealTicket":4,"PureWater":0,"WarpedTongs":3},{"Nunchaku":25,"TheAbacus":25,"Bronze Scales":22,"MealTicket":18,"PureWater":0,"WarpedTongs":13}],"WarpedTongs":[20]},"card_choices":[{"not_picked":["ThirdEye","Halt"],"picked":"EmptyBody","floor":0},{"not_picked":["CutThroughFate","FollowUp"],"picked":"Indignation","floor":1},{"not_picked":["Perseverance","CutThroughFate"],"picked":"EmptyFist","floor":2},{"not_picked":["Indignation","FollowUp"],"picked":"InnerPeace","floor":3},{"not_picked":["BowlingBash","Sanctity","CrushJoints"],"picked":"SKIP","floor":6},{"not_picked":["Prostrate","ClearTheMind"],"picked":"MentalFortress","floor":8},{"not_picked":["DeceiveReality","EmptyMind"],"picked":"Vengeance","floor":10},{"not_picked":["CarveReality","Conclude","Prostrate"],"picked":"SKIP","floor":12},{"not_picked":["FollowUp","EmptyBody","Prostrate"],"picked":"SKIP","floor":14}],"player_experience":1295084,"relics_obtained":[{"floor":6,"key":"MealTicket"},{"floor":9,"key":"Bronze Scales"},{"floor":10,"key":"Nunchaku"}],"event_choices":[{"damage_healed":0,"gold_gain":0,"player_choice":"Rummage","damage_taken":0,"relics_obtained":["WarpedTongs"],"max_hp_gain":0,"max_hp_loss":0,"event_name":"Accursed Blacksmith","floor":4,"gold_loss":0,"cards_obtained":["Pain"]},{"cards_removed":["Strike_P"],"damage_healed":0,"gold_gain":0,"player_choice":"Card Removal","damage_taken":0,"max_hp_gain":0,"max_hp_loss":0,"event_name":"Wheel of Change","floor":13,"gold_loss":0}],"is_beta":false,"boss_relics":[],"items_purged_floors":[5],"is_endless":false,"potions_floor_spawned":[3,6,8,10],"killed_by":"Slime Boss","ascension_level":20}}