{"host":"mytek2nu1hrzdnew","time":1612040520,"event":{"mods":["AchievementEnabler","Aspiration","BaseMod","Conspire","GifTheSpireLib","Gold Saver","Hubris","Infinite Spire","Minty Spire (QoL Compilation)","Replay The Spire","StSLib","Stuff the Spire","TheSurvivalist","Uncapped"],"gold_per_floor":[707,723,323,333,350,350,368,368,368,386,131,161,184,204,204,212,212],"floor_reached":16,"language":"ENG","playtime":1656,"items_purged":["survmod:VersatileOffense","survmod:Sprint"],"score":103,"play_id":"ae10b2d2-2b16-4dd8-8b19-2581ccd8b38d","local_time":"20210130160200","is_ascension_mode":true,"campfire_choices":[{"floor":6,"key":"REST"},{"floor":8,"key":"REST"},{"floor":15,"key":"REST"}],"circlet_count":0,"master_deck":["survmod:Strike","survmod:Strike","survmod:Strike","survmod:Strike","survmod:Defend","survmod:Defend","survmod:Defend","survmod:Defend","survmod:SurpriseTrap","survmod:SwiftKick","Good Instincts","survmod:FenceTrap","Poisoned Strike","survmod:SurpriseTrap"],"relics":["survmod:InnateMutation","Centennial Puzzle","Replay:Bandana"],"acts_visited":["Exordium"],"potions_floor_usage":[5,13],"damage_taken":[{"damage":9,"enemies":"conspire:RoseBush","floor":1,"turns":5},{"damage":7,"enemies":"Cultist","floor":2,"turns":5},{"damage":7,"enemies":"Small Slimes","floor":4,"turns":5},{"damage":7,"enemies":"Exordium Wildlife","floor":5,"turns":5},{"damage":1,"enemies":"Looter","floor":7,"turns":4},{"damage":9,"enemies":"Large Slime","floor":10,"turns":12},{"damage":8,"enemies":"2 Fungi Beasts","floor":12,"turns":4},{"damage":12,"enemies":"Red Slaver","floor":13,"turns":6},{"damage":8,"enemies":"Blue Slaver","floor":14,"turns":10},{"damage":46,"enemies":"Fading Forest","floor":16,"turns":7}],"seed_played":"7225761264801517062","potions_obtained":[{"floor":4,"key":"Fire Potion"},{"floor":7,"key":"Flashbang"},{"floor":12,"key":"Fire Potion"}],"is_trial":false,"path_per_floor":["M","M","$","M","M","R","M","R","T","M","$","M","M","M","R","B"],"character_chosen":"THE_SURVIVOR","items_purchased":["Good Instincts","survmod:FenceTrap","Poisoned Strike","Replay:Bandana"],"campfire_rested":3,"item_purchase_floors":[3,3,3,11],"current_hp_per_floor":[41,34,34,27,20,35,34,49,49,40,40,32,20,12,27,0,0],"gold":212,"neow_bonus":"THREE_CARDS","is_daily":false,"chose_seed":false,"campfire_upgraded":0,"win_rate":0.0,"timestamp":1612040520,"path_taken":["M","?","$","M","M","R","M","R","T","M","$","M","?","M","R","BOSS"],"items_purchased_type":["Card","Card","Card","Relic"],"build_version":"2020-12-22","purchased_purges":2,"victory":false,"max_hp_per_floor":[50,50,50,50,50,50,50,50,50,50,50,50,50,50,50,50,50],"card_choices":[{"not_picked":["survmod:PiercingShot","survmod:BearTrap"],"picked":"survmod:SurpriseTrap","floor":0},{"not_picked":["survmod:SimpleMutation","survmod:GoForFace","survmod:Hawkeye"],"picked":"SKIP","floor":1},{"not_picked":["survmod:BearTrap","survmod:TakeAim"],"picked":"survmod:SwiftKick","floor":2},{"not_picked":["survmod:QuickDash","survmod:BendAndBow","survmod:PinningSnipe"],"picked":"SKIP","floor":4},{"not_picked":["survmod:QuickDash","survmod:Marksmanship","survmod:LongShot"],"picked":"SKIP","floor":5},{"not_picked":["survmod:SimpleMutation","survmod:PiercingShot","survmod:UnfortunateEscape"],"picked":"SKIP","floor":7},{"not_picked":["survmod:OverwhelmingAssault","survmod:SwiftKick"],"picked":"survmod:SurpriseTrap","floor":10},{"not_picked":["survmod:VersatileDefense","survmod:MutantForm","survmod:FocusedFire"],"picked":"SKIP","floor":12},{"not_picked":["survmod:ComplexMutation","survmod:FlareBarrage","survmod:GoForFace"],"picked":"SKIP","floor":13},{"not_picked":["survmod:Marksmanship","survmod:FindCover","survmod:MercifulShot"],"picked":"SKIP","floor":14}],"player_experience":1062591,"relics_obtained":[{"floor":9,"key":"Centennial Puzzle"}],"event_choices":[],"is_beta":false,"boss_relics":[],"items_purged_floors":[3,11],"is_endless":false,"potions_floor_spawned":[4,7,12,13],"killed_by":"Fading Forest","ascension_level":1}}