{"host":"bbjnqymry46jz0fa","time":1612012435,"event":{"mods":["BaseMod","DeckTracker","Minty Spire (QoL Compilation)","Quick Restart","StSLib","SuperFastMode"],"gold_per_floor":[12,12,28,28,28,28,43,43,43,67,87,110,130,55,55,149,149,170,189,209,229,229,229,279,312,338,338,338],"floor_reached":27,"language":"KOR","playtime":760,"items_purged":["Strike_G"],"score":504,"play_id":"d99e1d08-0553-4e01-b448-67cfea9c7e2f","local_time":"20210130221355","is_ascension_mode":true,"campfire_choices":[{"data":"Cloak And Dagger","floor":6.0,"key":"SMITH"},{"data":"Neutralize","floor":8.0,"key":"SMITH"},{"data":"Tactician","floor":15.0,"key":"SMITH"},{"data":"Prepared","floor":23.0,"key":"SMITH"}],"circlet_count":0,"master_deck":["AscendersBane","Strike_G","Strike_G","Strike_G","Defend_G","Defend_G","Defend_G","Defend_G","Defend_G+1","Survivor+1","Neutralize+1","Violence","Cloak And Dagger+1","Endless Agony","PiercingWail","Reflex","Tactician+1","Adrenaline","Backflip","Prepared+1","Choke","Reflex+1"],"relics":["Ring of the Snake","Golden Idol","FaceOfCleric","Bottled Lightning","WristBlade","Bronze Scales","War Paint"],"acts_visited":["Exordium","TheCity"],"potions_floor_usage":[25,25],"damage_taken":[{"damage":4.0,"enemies":"2 Louse","floor":1.0,"turns":5.0},{"damage":1.0,"enemies":"Small Slimes","floor":3.0,"turns":4.0},{"damage":3.0,"enemies":"Cultist","floor":7.0,"turns":4.0},{"damage":2.0,"enemies":"2 Fungi Beasts","floor":10.0,"turns":4.0},{"damage":18.0,"enemies":"Large Slime","floor":11.0,"turns":9.0},{"damage":0.0,"enemies":"Looter","floor":12.0,"turns":4.0},{"damage":8.0,"enemies":"Blue Slaver","floor":13.0,"turns":5.0},{"damage":52.0,"enemies":"The Guardian","floor":16.0,"turns":13.0},{"damage":7.0,"enemies":"Chosen","floor":18.0,"turns":7.0},{"damage":5.0,"enemies":"3 Byrds","floor":19.0,"turns":7.0},{"damage":9.0,"enemies":"Snecko","floor":20.0,"turns":9.0},{"damage":23.0,"enemies":"Centurion and Healer","floor":21.0,"turns":13.0},{"damage":16,"enemies":"Slavers","floor":25,"turns":7},{"damage":18,"enemies":"Sentry and Sphere","floor":27,"turns":3}],"seed_played":"-5570542522420895635","potions_obtained":[{"floor":11.0,"key":"Energy Potion"},{"floor":12.0,"key":"FairyPotion"},{"floor":18.0,"key":"CunningPotion"},{"floor":21.0,"key":"Strength Potion"}],"is_trial":false,"path_per_floor":["M","?","M","?","?","R","M","R","T","M","M","M","M","$","R","B",null,"M","M","M","M","?","R","?","E","T","M"],"character_chosen":"THE_SILENT","items_purchased":[],"campfire_rested":0,"item_purchase_floors":[],"current_hp_per_floor":[55,55,54,54,54,54,52,52,52,51,34,35,28,28,28,15,53,47,43,35,13,13,13,13,18,18,0,0],"gold":338,"neow_bonus":"RANDOM_COLORLESS_2","is_daily":false,"chose_seed":false,"campfire_upgraded":4,"win_rate":0.0,"timestamp":1612012435,"path_taken":["M","?","M","?","?","R","M","R","T","M","M","M","M","$","R","BOSS","M","?","M","M","?","R","?","E","T","M"],"items_purchased_type":[],"build_version":"2020-12-22","purchased_purges":1,"victory":false,"max_hp_per_floor":[66,66,66,60,60,60,61,61,61,62,63,64,65,65,65,66,66,67,68,69,70,70,70,70,71,71,71,71],"card_choices":[{"not_picked":["Metamorphosis","Secret Weapon"],"picked":"Violence","floor":0.0},{"not_picked":["PiercingWail","Accuracy","Footwork"],"picked":"SKIP","floor":1.0},{"not_picked":["Outmaneuver","Leg Sweep"],"picked":"Cloak And Dagger","floor":3.0},{"not_picked":["All Out Attack","Slice","Bane"],"picked":"SKIP","floor":7.0},{"not_picked":["Skewer","Dodge and Roll"],"picked":"Endless Agony","floor":10.0},{"not_picked":["Prepared","Wraith Form v2"],"picked":"PiercingWail","floor":11.0},{"not_picked":["Dagger Spray","Dodge and Roll"],"picked":"Reflex","floor":12.0},{"not_picked":["Underhanded Strike","Dodge and Roll"],"picked":"Tactician","floor":13.0},{"not_picked":["Corpse Explosion","Malaise"],"picked":"Adrenaline","floor":16.0},{"not_picked":["Blur","Deadly Poison"],"picked":"Backflip","floor":18.0},{"not_picked":["Cloak And Dagger","Predator"],"picked":"Prepared","floor":19.0},{"not_picked":["Calculated Gamble","Expertise"],"picked":"Choke","floor":20.0},{"not_picked":["Skewer","Distraction"],"picked":"Reflex+1","floor":21.0},{"not_picked":["Deadly Poison","Dagger Spray","Backstab"],"picked":"SKIP","floor":25}],"player_experience":735967,"relics_obtained":[{"floor":9.0,"key":"Bottled Lightning"},{"floor":25,"key":"Bronze Scales"},{"floor":26,"key":"War Paint"}],"event_choices":[{"cards_removed":["Strike_G"],"damage_healed":0.0,"max_hp_gain":0.0,"max_hp_loss":0.0,"gold_gain":0.0,"event_name":"Living Wall","player_choice":"Forget","floor":2.0,"gold_loss":0.0,"damage_taken":0.0},{"damage_healed":0.0,"max_hp_gain":0.0,"max_hp_loss":6.0,"gold_gain":0.0,"event_name":"Golden Idol","player_choice":"Lose Max HP","floor":4.0,"gold_loss":0.0,"damage_taken":0.0,"relics_obtained":["Golden Idol"]},{"damage_healed":0.0,"max_hp_gain":0.0,"max_hp_loss":0.0,"gold_gain":0.0,"event_name":"FaceTrader","player_choice":"Trade","floor":5.0,"gold_loss":0.0,"damage_taken":0.0,"relics_obtained":["FaceOfCleric"]},{"damage_healed":0.0,"max_hp_gain":0.0,"max_hp_loss":0.0,"gold_gain":0.0,"event_name":"The Mausoleum","player_choice":"Ignored","floor":22.0,"gold_loss":0.0,"damage_taken":0.0},{"damage_healed":0.0,"max_hp_gain":0.0,"max_hp_loss":0.0,"gold_gain":50.0,"event_name":"Nest","player_choice":"Stole From Cult","floor":24.0,"gold_loss":0.0,"damage_taken":0.0}],"is_beta":false,"boss_relics":[{"not_picked":["Tiny House","Philosopher\u0027s Stone"],"picked":"WristBlade"}],"items_purged_floors":[14],"is_endless":false,"potions_floor_spawned":[11,12,18,21],"killed_by":"Sentry and Sphere","ascension_level":20}}