{"host":"9gwavclf33b2mpxe","time":1612016746,"event":{"mods":["BaseMod","Bestiary","Block Reminder","Colored Map","Colored Powertips","Downfall","Highlight Path","Minty Spire (QoL Compilation)","Permanent Neow","Quick Restart","Relic Stats","StSLib","SuperFastMode"],"gold_per_floor":[99,113,126,140,151,182,258,288,288,308,308,332,232,248,258,258,258,258],"floor_reached":16,"language":"ENG","playtime":860,"items_purged":[],"score":114,"play_id":"9e952c0a-2363-4d26-bb14-6f05e23dbf01","local_time":"20210130222546","is_ascension_mode":false,"campfire_choices":[{"data":"champ:Taunt","floor":1.0,"key":"SMITH"},{"data":"champ:HeartStrike","floor":13.0,"key":"SMITH"}],"circlet_count":0,"master_deck":["champ:Strike","champ:Strike","champ:Strike","champ:Defend","champ:Defend","champ:Defend","champ:Defend","champ:Execute","champ:Taunt+1","champ:FanOfKnives","champ:FaceSlap","champ:ShieldSigil","champ:ShieldWall","champ:HeartStrike+1","champ:ArenaPreparation","champ:GutPunch","champ:GladiatorForm","champ:AdrenalArmor"],"relics":["Black Star","champ:DuelingGlove","PreservedInsect","Kunai","Dream Catcher","Ancient Tea Set","Odd Mushroom","downfall:HeartBlessingGreen"],"acts_visited":["Exordium"],"potions_floor_usage":[16,16,16,16,16],"damage_taken":[{"damage":22.0,"enemies":"Small Slimes","floor":2.0,"turns":4.0},{"damage":0.0,"enemies":"2 Louse","floor":3.0,"turns":2.0},{"damage":8.0,"enemies":"Jaw Worm","floor":4.0,"turns":4.0},{"damage":11.0,"enemies":"Exordium Wildlife","floor":5.0,"turns":3.0},{"damage":56.0,"enemies":"Gremlin Nob","floor":6.0,"turns":4.0},{"damage":37.0,"enemies":"3 Sentries","floor":8.0,"turns":4.0},{"damage":5.0,"enemies":"3 Louse","floor":10.0,"turns":1.0},{"damage":25.0,"enemies":"The Mushroom Lair","floor":12.0,"turns":3.0},{"damage":10.0,"enemies":"Exordium Wildlife","floor":14.0,"turns":3.0},{"damage":14.0,"enemies":"Gremlin Gang","floor":15.0,"turns":3.0},{"damage":43,"enemies":"DF_ARCHETYPE_STREAMLINE","floor":16,"turns":6}],"seed_played":"4455491546498709854","potions_obtained":[{"floor":3.0,"key":"champ:CounterPotion"},{"floor":6.0,"key":"Fire Potion"},{"floor":8.0,"key":"EntropicBrew"},{"floor":10.0,"key":"SkillPotion"}],"is_trial":false,"path_per_floor":["R","M","M","M","M","E","T","E","?","M","?","?","R","M","M","B"],"character_chosen":"THE_CHAMP","items_purchased":[],"campfire_rested":0,"item_purchase_floors":[],"current_hp_per_floor":[90,88,88,85,74,43,43,21,26,26,26,15,15,15,15,0,0,0],"gold":258,"neow_bonus":"BOSS_RELIC","is_daily":false,"chose_seed":false,"campfire_upgraded":2,"win_rate":0.0,"timestamp":1612016746,"path_taken":["R","M","M","M","M","E","T","E","?","M","?","?","R","M","M","BOSS"],"items_purchased_type":[],"build_version":"2020-12-22","purchased_purges":0,"victory":false,"max_hp_per_floor":[90,90,90,90,90,90,90,90,95,95,95,95,95,95,95,95,95,95],"relic_stats":{"Dream Catcher":0,"counters":[11,37],"PreservedInsect":38,"Black Star":2,"Kunai":[5],"obtain_stats":[{"champ:DuelingGlove":6,"Dream Catcher":8,"champ:ChampionCrown":0,"downfall:HeartBlessingGreen":13,"PreservedInsect":6,"Black Star":0,"Kunai":7,"Odd Mushroom":12,"Ancient Tea Set":8},{"champ:DuelingGlove":5,"Dream Catcher":6,"champ:ChampionCrown":0,"downfall:HeartBlessingGreen":8,"PreservedInsect":5,"Black Star":0,"Kunai":5,"Odd Mushroom":8,"Ancient Tea Set":6},{"champ:DuelingGlove":17,"Dream Catcher":21,"champ:ChampionCrown":0,"downfall:HeartBlessingGreen":25,"PreservedInsect":17,"Black Star":0,"Kunai":17,"Odd Mushroom":25,"Ancient Tea Set":21}]},"card_choices":[{"not_picked":["champ:FlashCut","champ:Circumvent"],"picked":"champ:FanOfKnives","floor":2.0},{"not_picked":["champ:BringItOn","champ:Endure"],"picked":"champ:FaceSlap","floor":3.0},{"not_picked":["champ:FlashCut","champ:Circumvent"],"picked":"champ:ShieldSigil","floor":4.0},{"not_picked":["champ:DefensiveStyle","champ:DefensiveShout"],"picked":"champ:ShieldWall","floor":5.0},{"not_picked":["champ:SwordSigil","champ:PreciseThrust"],"picked":"champ:HeartStrike","floor":6.0},{"not_picked":["champ:CrookedStrike","champ:Backstep"],"picked":"champ:ArenaPreparation","floor":8.0},{"not_picked":["champ:GutPunch","champ:SetATrap","champ:TornadoPunch"],"picked":"SKIP","floor":10.0},{"not_picked":["champ:BladeFlurry","champ:EnGarde"],"picked":"champ:GutPunch","floor":12.0},{"not_picked":["champ:FancyFootwork","champ:BringItOn"],"picked":"champ:GladiatorForm","floor":14.0},{"not_picked":["champ:ViciousMockery","champ:FanOfKnives"],"picked":"champ:AdrenalArmor","floor":15.0}],"player_experience":146749,"relics_obtained":[{"floor":6.0,"key":"champ:DuelingGlove"},{"floor":6.0,"key":"PreservedInsect"},{"floor":7.0,"key":"Kunai"},{"floor":8.0,"key":"Dream Catcher"},{"floor":8.0,"key":"Ancient Tea Set"},{"floor":12.0,"key":"Odd Mushroom"}],"event_choices":[{"damage_healed":0.0,"max_hp_gain":5.0,"max_hp_loss":0.0,"gold_gain":0.0,"event_name":"Big Fish","player_choice":"Donut","floor":9.0,"gold_loss":0.0,"damage_taken":0.0},{"cards_removed":["champ:Strike"],"damage_healed":0.0,"max_hp_gain":0.0,"max_hp_loss":0.0,"gold_gain":0.0,"event_name":"The Cleric","player_choice":"Card Removal","floor":11.0,"gold_loss":0.0,"damage_taken":0.0},{"damage_healed":0.0,"max_hp_gain":0.0,"max_hp_loss":0.0,"gold_gain":0.0,"event_name":"Mushrooms","player_choice":"Fought Mushrooms","floor":12.0,"gold_loss":0.0,"damage_taken":0.0}],"is_beta":false,"boss_relics":[],"items_purged_floors":[],"is_endless":false,"potions_floor_spawned":[3,6,8,10],"killed_by":"DF_ARCHETYPE_STREAMLINE","ascension_level":0}}