{"host":"7r6bd5ce6zscnmwq","time":1612006710,"event":{"mods":["BaseMod","Block Reminder","Colored Map","Colored Powertips","Curses Come First","Downfall","Minty Spire (QoL Compilation)","Quick Restart","Spicy Shops","StSLib"],"gold_per_floor":[99,114,126,126,126,126,126,26,39,55,72,89,89,364,377,482,482,482,496,515,18,29,41,41,41,60,73,85,70,96,114,124,221,221,221,236,253,353,365,365,412,445,445,479,490,503,87,138,157,157,157,157],"floor_reached":50,"language":"ENG","playtime":6076,"items_purged":["Regret","downfall:Bewildered"],"score":624,"play_id":"577da2e5-cfa9-4fd6-bc8e-1f396f5b387f","local_time":"20210130203830","is_ascension_mode":false,"campfire_choices":[{"data":"Slimebound:CorrosiveSpit","floor":1.0,"key":"SMITH"},{"data":"Slimebound:Teamwork","floor":6.0,"key":"SMITH"},{"data":"Slimebound:Tackle","floor":8.0,"key":"SMITH"},{"data":"Slimebound:Grow","floor":13.0,"key":"SMITH"},{"data":"Slimebound:DouseInSlime","floor":18.0,"key":"SMITH"},{"floor":35.0,"key":"RECALL"}],"circlet_count":0,"master_deck":["Slimebound:Strike_Slimebound+1","Slimebound:Strike_Slimebound","Slimebound:Tackle+1","Slimebound:Defend_Slimebound","Slimebound:Defend_Slimebound","Slimebound:Defend_Slimebound","Slimebound:Defend_Slimebound","Slimebound:Split+1","Slimebound:CorrosiveSpit+1","Slimebound:Prepare","downfall:Haunted","Slimebound:Teamwork+1","downfall:Aged","Slimebound:Grow+1","Slimebound:GrowthPunch","Slimebound:FinishingTackle","Slimebound:SplitMire","Slimebound:DouseInSlime+1","Slimebound:Dissolve+1","Slimebound:SlimeSpikes","Slimebound:GoopSpray","Slimebound:RejuvenatingLick","Slimebound:LeechLife+1","Slimebound:RainOfGoop","Slimebound:FirmFortitude","Slimebound:PrepareCrush","Slimebound:ProtectTheBoss+1","downfall:Bewildered","Slimebound:ViciousTackle+1","expansioncontent:LastStand+1","Regret","Slimebound:FormOfPuddle+1"],"relics":["Slimebound:AbsorbEndCombat","Meat on the Bone","Darkstone Periapt","downfall:HeartBlessingBlue","Empty Cage","Chemical X","Bottled Lightning","Frozen Egg 2","sneckomod:BabySnecko","StrikeDummy","Cursed Key","downfall:GremlinWheel","Orichalcum","Shovel","Du-Vu Doll","Whetstone","Cauldron","Juzu Bracelet"],"acts_visited":["Exordium","TheCity","TheBeyond"],"potions_floor_usage":[44,46,47,50,50,50,50,50],"damage_taken":[{"damage":1.0,"enemies":"Jaw Worm","floor":2.0,"turns":4.0},{"damage":1.0,"enemies":"2 Louse","floor":3.0,"turns":3.0},{"damage":7.0,"enemies":"Cultist","floor":9.0,"turns":4.0},{"damage":21.0,"enemies":"Gremlin Gang","floor":10.0,"turns":4.0},{"damage":14.0,"enemies":"Exordium Thugs","floor":11.0,"turns":5.0},{"damage":4.0,"enemies":"Red Slaver","floor":12.0,"turns":4.0},{"damage":12.0,"enemies":"2 Fungi Beasts","floor":15.0,"turns":5.0},{"damage":15.0,"enemies":"SI_SHIV_ARCHETYPE","floor":16.0,"turns":11.0},{"damage":50.0,"enemies":"3 Byrds","floor":19.0,"turns":6.0},{"damage":10.0,"enemies":"Shell Parasite","floor":20.0,"turns":5.0},{"damage":6.0,"enemies":"downfall:FleeingMerchant","floor":21.0,"turns":4.0},{"damage":32.0,"enemies":"Snake Plant","floor":22.0,"turns":6.0},{"damage":19.0,"enemies":"Snecko","floor":23.0,"turns":6.0},{"damage":32.0,"enemies":"Shelled Parasite and Fungi","floor":26.0,"turns":5.0},{"damage":0.0,"enemies":"Snake Plant","floor":27.0,"turns":4.0},{"damage":30.0,"enemies":"Centurion and Healer","floor":28.0,"turns":7.0},{"damage":11.0,"enemies":"downfall:FleeingMerchant","floor":29.0,"turns":4.0},{"damage":18.0,"enemies":"Gremlin Leader","floor":30.0,"turns":6.0},{"damage":6.0,"enemies":"Sentry and Sphere","floor":31.0,"turns":4.0},{"damage":13.0,"enemies":"Chosen and Byrds","floor":32.0,"turns":6.0},{"damage":40.0,"enemies":"IC_MUSHROOM_ARCHETYPE","floor":33.0,"turns":7.0},{"damage":15.0,"enemies":"Orb Walker","floor":36.0,"turns":3.0},{"damage":71.0,"enemies":"3 Darklings","floor":37.0,"turns":10.0},{"damage":10.0,"enemies":"3 Darklings","floor":38.0,"turns":3.0},{"damage":28.0,"enemies":"Transient","floor":39.0,"turns":5.0},{"damage":67,"enemies":"Nemesis","floor":42,"turns":7},{"damage":55,"enemies":"Reptomancer","floor":44,"turns":8},{"damage":13,"enemies":"Writhing Mass","floor":45,"turns":5},{"damage":57,"enemies":"Jaw Worm Horde","floor":46,"turns":5},{"damage":16,"enemies":"downfall:FleeingMerchant","floor":47,"turns":4},{"damage":25,"enemies":"Sphere and 2 Shapes","floor":49,"turns":5},{"damage":149,"enemies":"DF_ARCHETYPE_ORBS","floor":50,"turns":10}],"seed_played":"1868237307047957043","potions_obtained":[{"floor":2.0,"key":"Slimebound:ThreeZeroPotion"},{"floor":11.0,"key":"EssenceOfSteel"},{"floor":12.0,"key":"Dexterity Potion"},{"floor":20.0,"key":"FairyPotion"},{"floor":22.0,"key":"sneckomod:MuddlingPotion"},{"floor":31.0,"key":"FearPotion"},{"floor":36.0,"key":"Guardian:BlockOnCardUsePotion"},{"floor":45,"key":"PowerPotion"},{"floor":47,"key":"sneckomod:MuddlingPotion"},{"floor":47,"key":"EntropicBrew"},{"floor":47,"key":"LiquidBronze"}],"is_trial":false,"path_per_floor":["R","M","M","?","?","R","T","R","M","M","M","M","R","?","M","B",null,"R","M","M","$","M","M","T","?","M","M","M","$","E","M","M","B",null,"R","M","M","?","M","?","T","E","?","E","M","M","$","T","M","B"],"character_chosen":"SLIMEBOUND","items_purchased":["Chemical X","Bottled Lightning","Whetstone","Cauldron"],"campfire_rested":0,"item_purchase_floors":[21,21,47,47],"current_hp_per_floor":[65,65,65,47,76,76,76,86,85,68,60,60,60,66,58,63,110,110,66,64,64,48,49,49,55,43,59,66,59,116,116,107,116,116,116,103,69,77,67,67,73,24,24,45,50,24,34,40,68,0,0,0],"gold":157,"neow_bonus":"UPGRADE_CARD","is_daily":false,"chose_seed":false,"campfire_upgraded":5,"win_rate":0.0,"timestamp":1612006710,"path_taken":["R","M","M","?","?","R","T","R","M","M","M","M","R","?","M","BOSS","R","M","M","?","?","M","T","?","M","M","M","?","E","M","M","BOSS","R","M","M","?","?","?","T","E","?","E","M","M","$","?","M","BOSS"],"items_purchased_type":["Relic","Relic","Relic","Relic"],"build_version":"2020-12-22","purchased_purges":2,"victory":false,"max_hp_per_floor":[65,65,65,65,94,94,94,104,104,104,104,104,104,110,110,110,110,110,110,110,110,110,110,110,116,116,116,116,116,116,116,116,116,116,116,116,116,116,116,116,122,122,122,122,122,122,122,128,128,128,128,128],"card_choices":[{"not_picked":["Slimebound:FormOfPuddle","Slimebound:ComboTackle"],"picked":"Slimebound:Prepare","floor":2.0},{"not_picked":["Slimebound:GoopTackle","Slimebound:Replication","Slimebound:DivideAndConquer"],"picked":"SKIP","floor":3.0},{"not_picked":["Slimebound:Gluttony","Slimebound:Prepare"],"picked":"Slimebound:Grow","floor":9.0},{"not_picked":["Slimebound:RejuvenatingLick","Slimebound:ComboTackle"],"picked":"Slimebound:GrowthPunch","floor":10.0},{"not_picked":["Slimebound:FirmFortitude","Slimebound:LeechEnergy","Slimebound:Prepare"],"picked":"SKIP","floor":11.0},{"not_picked":["Slimebound:SamplingLick","Slimebound:LivingWall"],"picked":"Slimebound:FinishingTackle","floor":12.0},{"not_picked":["Slimebound:WasteNot","Slimebound:MegaLick"],"picked":"Slimebound:SplitMire","floor":15.0},{"not_picked":["Slimebound:WasteNot","Slimebound:RallyTheTroops"],"picked":"Slimebound:DouseInSlime","floor":16.0},{"not_picked":["Slimebound:Prepare","Slimebound:ItLooksTasty+1"],"picked":"Slimebound:Dissolve+1","floor":19.0},{"not_picked":["Slimebound:SlimeTap","Slimebound:TongueLash"],"picked":"Slimebound:SlimeSpikes","floor":20.0},{"not_picked":["Slimebound:TongueLash","Slimebound:RollThrough+1","Slimebound:PressTheAttack"],"picked":"SKIP","floor":21.0},{"not_picked":["Slimebound:DivideAndConquer","Slimebound:LeechingTouch"],"picked":"Slimebound:GoopSpray","floor":22.0},{"not_picked":["Slimebound:FinishingTackle","Slimebound:SlimeBarrage"],"picked":"Slimebound:RejuvenatingLick","floor":23.0},{"not_picked":["Slimebound:SlimeSpikes","Slimebound:Schlurp"],"picked":"Slimebound:LeechLife","floor":26.0},{"not_picked":["Slimebound:LivingWall+1","Slimebound:GoopSpray","Slimebound:RollThrough"],"picked":"SKIP","floor":27.0},{"not_picked":["Slimebound:ItLooksTasty","Slimebound:FinishingTackle","Slimebound:GoopTackle"],"picked":"SKIP","floor":28.0},{"not_picked":["Slimebound:ServeAndProtect+1","Slimebound:FinishingTackle","Slimebound:Replication+1"],"picked":"SKIP","floor":29.0},{"not_picked":["Slimebound:PressTheAttack","Slimebound:LivingWall","Slimebound:LeadByExample+1"],"picked":"SKIP","floor":30.0},{"not_picked":["Slimebound:SplitMire","Slimebound:ForwardTackle"],"picked":"Slimebound:RainOfGoop","floor":31.0},{"not_picked":["Slimebound:LeechingTouch","Slimebound:RainOfGoop"],"picked":"Slimebound:FirmFortitude","floor":32.0},{"not_picked":["Slimebound:Overexert+1","Slimebound:Teamwork"],"picked":"Slimebound:PrepareCrush","floor":33.0},{"not_picked":["Slimebound:SplitLeeching","Slimebound:FinishingTackle","Slimebound:SlimeBrawl"],"picked":"SKIP","floor":36.0},{"not_picked":["Slimebound:SlimeTap+1","Slimebound:LeechingTouch"],"picked":"Slimebound:ProtectTheBoss+1","floor":37.0},{"not_picked":["Slimebound:RainOfGoop+1","Slimebound:LeechEnergy","Slimebound:Grow+1"],"picked":"SKIP","floor":39.0},{"not_picked":["Slimebound:GoopTackle","Slimebound:Chomp"],"picked":"Slimebound:ViciousTackle+1","floor":42},{"not_picked":["expansioncontent:GuardianWhirl","expansioncontent:DecaShield"],"picked":"expansioncontent:LastStand","floor":43},{"not_picked":["Slimebound:FirmFortitude","Slimebound:ProtectTheBoss+1","Slimebound:ItLooksTasty"],"picked":"SKIP","floor":44},{"not_picked":["Slimebound:SamplingLick+1","Slimebound:ItLooksTasty+1","Slimebound:Dissolve+1"],"picked":"SKIP","floor":45},{"not_picked":["Slimebound:SamplingLick+1","Slimebound:ItLooksTasty+1","Slimebound:Dissolve+1"],"picked":"SKIP","floor":45},{"not_picked":["Slimebound:SplitMire+1","Slimebound:ComboTackle+1","Slimebound:Prepare"],"picked":"SKIP","floor":46},{"not_picked":["Slimebound:ItLooksTasty","Slimebound:Repurpose+1","Slimebound:DouseInSlime"],"picked":"SKIP","floor":47},{"not_picked":["Slimebound:Replication","Slimebound:Gluttony+1"],"picked":"Slimebound:FormOfPuddle+1","floor":49}],"player_experience":652804,"relics_obtained":[{"floor":24.0,"key":"Frozen Egg 2"},{"floor":30.0,"key":"StrikeDummy"},{"floor":38.0,"key":"downfall:GremlinWheel"},{"floor":41.0,"key":"Orichalcum"},{"floor":42,"key":"Shovel"},{"floor":44,"key":"Du-Vu Doll"},{"floor":48,"key":"Juzu Bracelet"}],"event_choices":[{"damage_healed":0.0,"max_hp_gain":0.0,"max_hp_loss":0.0,"gold_gain":0.0,"event_name":"Scrap Ooze","player_choice":"Success","floor":4.0,"gold_loss":0.0,"damage_taken":18.0,"relics_obtained":["Meat on the Bone"]},{"cards_removed":["Slimebound:Strike_Slimebound"],"damage_healed":0.0,"max_hp_gain":0.0,"max_hp_loss":0.0,"gold_gain":0.0,"event_name":"Falling","player_choice":"Removed Attack","floor":40.0,"gold_loss":0.0,"damage_taken":0.0}],"is_beta":false,"boss_relics":[{"not_picked":["Busted Crown","Slimebound:AbsorbEndCombatUpgraded"],"picked":"Empty Cage"},{"not_picked":["bronze:MakeshiftBattery","Coffee Dripper"],"picked":"Cursed Key"}],"items_purged_floors":[21,47],"is_endless":false,"potions_floor_spawned":[2,11,12,15,20,22,27,31,32,36,37,38,45],"killed_by":"DF_ARCHETYPE_ORBS","ascension_level":0}}