{"host":"ebj6lkgm8suah319","time":1612023573,"event":{"mods":["2.2 Compatiblity","AchievementEnabler","BaseMod","Block Reminder","Colored Map","Colored Powertips","Minty Spire (QoL Compilation)","Quick Restart","Rare Cards Sparkle","Relic Stats","SuperFastMode"],"gold_per_floor":[118,118,48,61,61,61,87,87,387,422,440,452,465,478,478,574,574,587,128,148,63,77,77,77,95,95,123,139,157,157,174,174,279,279,297,207,26,41,54,79,97,130,130,10,41,141,154,164,164,164,164,164,13,40,40],"floor_reached":56,"language":"ENG","playtime":2341,"items_purged":["Pain","Defend_P"],"score":1498,"play_id":"c2337244-ff87-4df0-a2a5-0c3f88fd4bbc","local_time":"20210130111933","is_ascension_mode":false,"campfire_choices":[{"data":"WheelKick","floor":6.0,"key":"SMITH"},{"data":"Omniscience","floor":8.0,"key":"SMITH"},{"data":"FlurryOfBlows","floor":15.0,"key":"SMITH"},{"data":"Fasting2","floor":23.0,"key":"SMITH"},{"data":"Fasting2","floor":30.0,"key":"SMITH"},{"floor":32.0,"key":"REST"},{"floor":49,"key":"RECALL"},{"data":"Fasting2","floor":52,"key":"SMITH"}],"circlet_count":0,"master_deck":["Defend_P+1","Defend_P","Eruption","Vigilance","EmptyFist","WaveOfTheHand+1","WheelKick+1","Consecrate","Omniscience+1","FearNoEvil+1","Evaluate+1","JustLucky+1","EmptyMind","FlurryOfBlows+1","DevaForm+1","Scrawl+1","Collect+1","CutThroughFate+1","SandsOfTime+1","Fasting2+1","WheelKick","SashWhip+1","Adaptation+1","Wallop+1","Fasting2+1","CutThroughFate+1","JustLucky+1","Fasting2+1","LessonLearned+1","Fasting2+1","EmptyMind","JustLucky+1","Vengeance+1","ThirdEye+1","Wallop+1","Wallop+1","Worship+1","Nirvana+1"],"relics":["PureWater","WarpedTongs","Ancient Tea Set","Old Coin","FossilizedHelix","Astrolabe","Membership Card","Pantograph","MealTicket","Darkstone Periapt","Enchiridion","Calipers","Toy Ornithopter","Snecko Eye","Bronze Scales","Damaru","Ginger","Kunai","Centennial Puzzle","Incense Burner","Shuriken"],"acts_visited":["Exordium","TheCity","TheBeyond","TheEnding"],"potions_floor_usage":[50,55,55],"damage_taken":[{"damage":0.0,"enemies":"Jaw Worm","floor":1.0,"turns":4.0},{"damage":0.0,"enemies":"Cultist","floor":4.0,"turns":2.0},{"damage":20.0,"enemies":"Lagavulin","floor":7.0,"turns":5.0},{"damage":10.0,"enemies":"3 Sentries","floor":10.0,"turns":4.0},{"damage":1.0,"enemies":"Small Slimes","floor":11.0,"turns":2.0},{"damage":0.0,"enemies":"Exordium Thugs","floor":12.0,"turns":2.0},{"damage":2.0,"enemies":"Large Slime","floor":13.0,"turns":2.0},{"damage":0.0,"enemies":"Looter","floor":14.0,"turns":2.0},{"damage":34.0,"enemies":"The Guardian","floor":16.0,"turns":13.0},{"damage":14.0,"enemies":"Spheric Guardian","floor":18.0,"turns":4.0},{"damage":0.0,"enemies":"Chosen","floor":20.0,"turns":3.0},{"damage":14.0,"enemies":"Snake Plant","floor":22.0,"turns":5.0},{"damage":0.0,"enemies":"Sentry and Sphere","floor":25.0,"turns":3.0},{"damage":0.0,"enemies":"Gremlin Leader","floor":27.0,"turns":5.0},{"damage":9.0,"enemies":"Shelled Parasite and Fungi","floor":28.0,"turns":4.0},{"damage":0.0,"enemies":"Centurion and Healer","floor":29.0,"turns":4.0},{"damage":0.0,"enemies":"Snecko","floor":31.0,"turns":3.0},{"damage":0.0,"enemies":"Collector","floor":33.0,"turns":4.0},{"damage":0.0,"enemies":"3 Shapes","floor":35.0,"turns":7.0},{"damage":9.0,"enemies":"Orb Walker","floor":38.0,"turns":4.0},{"damage":0.0,"enemies":"Sphere and 2 Shapes","floor":39.0,"turns":7.0},{"damage":0.0,"enemies":"Giant Head","floor":40.0,"turns":6.0},{"damage":0.0,"enemies":"Spire Growth","floor":41.0,"turns":3.0},{"damage":66.0,"enemies":"Nemesis","floor":42.0,"turns":5.0},{"damage":0,"enemies":"Reptomancer","floor":45,"turns":3},{"damage":0,"enemies":"Jaw Worm Horde","floor":47,"turns":2},{"damage":9,"enemies":"4 Shapes","floor":48,"turns":4},{"damage":17,"enemies":"Donu and Deca","floor":50,"turns":6},{"damage":0,"enemies":"Shield and Spear","floor":54,"turns":4},{"damage":3,"enemies":"The Heart","floor":55,"turns":7}],"seed_played":"2407912181430524718","potions_obtained":[{"floor":4.0,"key":"EntropicBrew"},{"floor":13.0,"key":"Fire Potion"},{"floor":14.0,"key":"DistilledChaos"},{"floor":31.0,"key":"Fire Potion"},{"floor":40.0,"key":"FearPotion"},{"floor":42.0,"key":"Strength Potion"},{"floor":48,"key":"Regen Potion"},{"floor":54,"key":"Swift Potion"}],"is_trial":false,"path_per_floor":["M","?","$","M","?","R","E","R","T","E","M","M","M","M","R","B",null,"M","$","M","?","M","R","?","M","T","E","M","M","R","M","R","B",null,"M","?","$","M","M","E","M","E","T","$","E","?","M","M","R","B",null,"R","$","E","B",null],"character_chosen":"WATCHER","items_purchased":["WheelKick","Membership Card","Pantograph","MealTicket","Fasting2","WheelKick","Fasting2","Bronze Scales","EmptyMind","Kunai","Incense Burner"],"campfire_rested":1,"item_purchase_floors":[3,19,19,19,19,19,37,37,37,44,53],"current_hp_per_floor":[79,79,79,79,79,79,59,59,59,49,48,48,46,46,46,12,79,65,65,65,65,51,51,35,35,35,35,31,31,31,31,54,79,79,79,79,79,70,70,70,70,19,19,34,34,34,34,25,25,53,79,79,79,79,76],"gold":40,"neow_bonus":"TEN_PERCENT_HP_BONUS","is_daily":false,"chose_seed":false,"campfire_upgraded":6,"win_rate":0.0,"timestamp":1612023573,"path_taken":["M","?","?","M","?","R","E","R","T","E","M","M","?","M","R","BOSS","M","$","M","?","M","R","?","M","T","E","M","M","R","M","R","BOSS","M","?","$","?","M","E","M","E","T","$","E","?","M","M","R","BOSS","R","$","E","BOSS"],"items_purchased_type":["Card","Relic","Relic","Relic","Card","Card","Card","Relic","Card","Relic","Relic"],"build_version":"2020-12-22","purchased_purges":2,"victory":true,"max_hp_per_floor":[79,79,79,79,79,79,79,79,79,79,79,79,79,79,79,79,79,79,79,79,79,79,79,79,79,79,79,79,79,79,79,79,79,79,79,79,79,79,79,79,79,79,79,79,79,79,79,79,79,79,79,79,79,79,79],"relic_stats":{"Darkstone Periapt":0,"counters":[30,129],"Astrolabe":["Scrawl","Collect","CutThroughFate"],"Ginger":[3],"WarpedTongs":[121],"Centennial Puzzle":[9],"Shuriken":[3],"Pantograph":50,"Bronze Scales":[179],"Snecko Eye":[145,136,125,121],"MealTicket":15,"Kunai":[14],"obtain_stats":[{"Darkstone Periapt":21,"Calipers":26,"Astrolabe":17,"Enchiridion":24,"Damaru":40,"Incense Burner":53,"Ginger":42,"Ancient Tea Set":7,"WarpedTongs":5,"Old Coin":9,"Centennial Puzzle":45,"Shuriken":54,"Pantograph":19,"Bronze Scales":37,"Snecko Eye":34,"MealTicket":19,"Membership Card":19,"Kunai":44,"PureWater":0,"FossilizedHelix":10,"Toy Ornithopter":27},{"Darkstone Periapt":11,"Calipers":13,"Astrolabe":9,"Enchiridion":12,"Damaru":22,"Incense Burner":28,"Ginger":24,"Ancient Tea Set":3,"WarpedTongs":2,"Old Coin":3,"Centennial Puzzle":25,"Shuriken":29,"Pantograph":10,"Bronze Scales":19,"Snecko Eye":18,"MealTicket":10,"Membership Card":10,"Kunai":24,"PureWater":0,"FossilizedHelix":4,"Toy Ornithopter":14},{"Darkstone Periapt":43,"Calipers":51,"Astrolabe":36,"Enchiridion":48,"Damaru":95,"Incense Burner":118,"Ginger":103,"Ancient Tea Set":11,"WarpedTongs":6,"Old Coin":11,"Centennial Puzzle":106,"Shuriken":122,"Pantograph":40,"Bronze Scales":78,"Snecko Eye":71,"MealTicket":40,"Membership Card":40,"Kunai":103,"PureWater":0,"FossilizedHelix":15,"Toy Ornithopter":56}],"Toy Ornithopter":25},"card_choices":[{"not_picked":["Swivel","Protect"],"picked":"EmptyFist","floor":1.0},{"not_picked":["ThirdEye","BattleHymn"],"picked":"Consecrate","floor":4.0},{"not_picked":["ClearTheMind","BowlingBash"],"picked":"Omniscience","floor":7.0},{"not_picked":["EmptyMind","Pray"],"picked":"FearNoEvil","floor":10.0},{"not_picked":["Study","EmptyBody"],"picked":"Evaluate","floor":11.0},{"not_picked":["PathToVictory","FlyingSleeves"],"picked":"JustLucky","floor":12.0},{"not_picked":["FollowUp","JustLucky"],"picked":"EmptyMind","floor":13.0},{"not_picked":["PathToVictory","Establishment"],"picked":"FlurryOfBlows","floor":14.0},{"not_picked":["Establishment","Judgement"],"picked":"DevaForm","floor":16.0},{"not_picked":["JustLucky","Indignation"],"picked":"SandsOfTime+1","floor":18.0},{"not_picked":["Protect","JustLucky"],"picked":"SashWhip+1","floor":20.0},{"not_picked":["Evaluate","EmptyFist+1"],"picked":"Adaptation","floor":22.0},{"not_picked":["Fasting2","SignatureMove"],"picked":"Wallop+1","floor":25.0},{"not_picked":["Crescendo","ClearTheMind"],"picked":"Fasting2","floor":27.0},{"not_picked":["Evaluate","FollowUp"],"picked":"CutThroughFate","floor":28.0},{"not_picked":["Collect","FollowUp"],"picked":"JustLucky+1","floor":29.0},{"not_picked":["WheelKick+1","Vengeance"],"picked":"Fasting2+1","floor":31.0},{"not_picked":["Establishment","MasterReality"],"picked":"LessonLearned","floor":33.0},{"not_picked":["Evaluate","FlyingSleeves+1","CrushJoints"],"picked":"SKIP","floor":35.0},{"not_picked":["WindmillStrike","SashWhip"],"picked":"JustLucky+1","floor":38.0},{"not_picked":["CrushJoints+1","WindmillStrike"],"picked":"Vengeance+1","floor":39.0},{"not_picked":["ClearTheMind","Evaluate"],"picked":"ThirdEye","floor":40.0},{"not_picked":["Evaluate+1","CrushJoints","JustLucky+1"],"picked":"SKIP","floor":41.0},{"not_picked":["FearNoEvil+1","WindmillStrike","Pray+1"],"picked":"SKIP","floor":42.0},{"not_picked":["ClearTheMind","Ragnarok"],"picked":"Wallop+1","floor":45},{"not_picked":["SandsOfTime+1","Halt+1"],"picked":"Wallop+1","floor":47},{"not_picked":["Consecrate+1","EmptyBody"],"picked":"Worship","floor":48},{"not_picked":["Judgement","ThirdEye"],"picked":"Nirvana+1","floor":54}],"player_experience":105096,"relics_obtained":[{"floor":7.0,"key":"Ancient Tea Set"},{"floor":9.0,"key":"Old Coin"},{"floor":10.0,"key":"FossilizedHelix"},{"floor":24.0,"key":"Enchiridion"},{"floor":26.0,"key":"Calipers"},{"floor":27.0,"key":"Toy Ornithopter"},{"floor":40.0,"key":"Damaru"},{"floor":42.0,"key":"Ginger"},{"floor":45,"key":"Centennial Puzzle"},{"floor":54,"key":"Shuriken"}],"event_choices":[{"damage_healed":0.0,"max_hp_gain":0.0,"max_hp_loss":0.0,"gold_gain":0.0,"cards_transformed":["Strike_P"],"event_name":"Transmorgrifier","player_choice":"Transformed","floor":2.0,"gold_loss":0.0,"damage_taken":0.0,"cards_obtained":["WaveOfTheHand"]},{"damage_healed":0.0,"max_hp_gain":0.0,"max_hp_loss":0.0,"gold_gain":0.0,"event_name":"Accursed Blacksmith","player_choice":"Rummage","floor":5.0,"gold_loss":0.0,"damage_taken":0.0,"relics_obtained":["WarpedTongs"],"cards_obtained":["Pain"]},{"damage_healed":0.0,"max_hp_gain":0.0,"max_hp_loss":0.0,"gold_gain":0.0,"event_name":"Addict","player_choice":"Obtained Relic","floor":21.0,"gold_loss":85.0,"damage_taken":0.0,"relics_obtained":["Darkstone Periapt"]},{"damage_healed":0.0,"max_hp_gain":0.0,"max_hp_loss":0.0,"gold_gain":0.0,"event_name":"Cursed Tome","player_choice":"Obtained Book","floor":24.0,"gold_loss":0.0,"damage_taken":16.0},{"cards_removed":["Defend_P"],"damage_healed":0.0,"max_hp_gain":0.0,"max_hp_loss":0.0,"gold_gain":0.0,"event_name":"Designer","player_choice":"Upgrade and Remove","floor":36.0,"gold_loss":90.0,"damage_taken":0.0,"cards_upgraded":["Evaluate"]},{"damage_healed":0,"gold_gain":100,"player_choice":"Pray","damage_taken":0,"max_hp_gain":0,"max_hp_loss":0,"event_name":"Golden Shrine","floor":46,"gold_loss":0}],"is_beta":false,"boss_relics":[{"not_picked":["Runic Dome","Busted Crown"],"picked":"Astrolabe"},{"not_picked":["Velvet Choker","Tiny House"],"picked":"Snecko Eye"}],"items_purged_floors":[19,37],"is_endless":false,"potions_floor_spawned":[4,13,14,16,25,27,31,40,41,42,48,54],"ascension_level":0}}