{"host":"hbel9g7s7ibv8po6","time":1612006370,"event":{"mods":["BaseMod","Duelist Mod","Minty Spire (QoL Compilation)","StSLib"],"gold_per_floor":[138,213,63,81,91,123,123,143,143,175,189,201,201,201,201],"floor_reached":14,"language":"ENG","playtime":584,"items_purged":["theDuelist:Sparks"],"score":158,"play_id":"84c7ce65-530f-49f6-bb71-a6f2c09fb3ca","local_time":"20210130193250","is_ascension_mode":true,"campfire_choices":[{"data":"theDuelist:ToonKingdom","floor":7,"key":"SMITH"}],"circlet_count":0,"master_deck":["AscendersBane","theDuelist:CastleWalls","theDuelist:CastleWalls","theDuelist:MangaRyuRan","theDuelist:Sparks","theDuelist:Sparks","theDuelist:ToonAncientGear","theDuelist:ToonMermaid","theDuelist:ToonSummonedSkull","theDuelist:ToonWorld","theDuelist:FuryFire","theDuelist:ShadowToon","theDuelist:ToonKingdom+1","theDuelist:ToonMagic"],"relics":["theDuelist:MillenniumPuzzle","theDuelist:CardPoolRelic","theDuelist:CardPoolBasicRelic","theDuelist:BoosterPackPoolRelic","theDuelist:CardPoolAddRelic","theDuelist:CardPoolMinusRelic","theDuelist:CardPoolSaveRelic","theDuelist:CardPoolOptionsRelic","NeowsBlessing","theDuelist:DuelistOrichalcum","theDuelist:ZoneToken","theDuelist:SolderToken"],"acts_visited":["Exordium"],"potions_floor_usage":[10,14],"damage_taken":[{"damage":1,"enemies":"Small Slimes","floor":1,"turns":2},{"damage":0,"enemies":"Cultist","floor":4,"turns":1},{"damage":0,"enemies":"2 Louse","floor":5,"turns":1},{"damage":28,"enemies":"Lagavulin","floor":6,"turns":5},{"damage":16,"enemies":"Red Slaver","floor":8,"turns":4},{"damage":3,"enemies":"Gremlin Nob","floor":10,"turns":3},{"damage":23,"enemies":"Lots of Slimes","floor":11,"turns":3},{"damage":1,"enemies":"Large Slime","floor":12,"turns":6},{"damage":22,"enemies":"Lagavulin","floor":14,"turns":2}],"seed_played":"8878086339019418851","potions_obtained":[{"floor":1,"key":"BlessingOfTheForge"},{"floor":5,"key":"theDuelist:CoolBottle"},{"floor":10,"key":"theDuelist:ReducerPotion"}],"is_trial":false,"path_per_floor":["M","?","$","M","M","E","R","M","T","E","M","M","?","E"],"character_chosen":"THE_DUELIST","items_purchased":["theDuelist:ShadowToon"],"campfire_rested":0,"item_purchase_floors":[3],"current_hp_per_floor":[71,60,60,60,60,40,40,28,28,29,6,10,2,0,0],"gold":201,"neow_bonus":"THREE_ENEMY_KILL","is_daily":false,"chose_seed":false,"campfire_upgraded":1,"win_rate":0.0,"timestamp":1612006370,"path_taken":["M","?","$","M","M","E","R","M","T","E","M","M","?","E"],"items_purchased_type":["Card"],"build_version":"2020-12-22","purchased_purges":1,"victory":false,"max_hp_per_floor":[80,80,80,80,80,80,80,80,80,80,80,80,80,80,80],"card_choices":[{"not_picked":["theDuelist:BattleguardKing","theDuelist:Fissure","theDuelist:GauntletWarrior","theDuelist:RainbowOverdragon"],"picked":"theDuelist:FuryFire","floor":1},{"not_picked":["theDuelist:AncientGearFist","theDuelist:ComicHand","theDuelist:ToonMaskedSorcerer"],"picked":"SKIP","floor":4},{"not_picked":["theDuelist:SpellShatteringArrow","theDuelist:ShadowToon","theDuelist:ToonWorld","theDuelist:ToonMagic"],"picked":"theDuelist:ToonKingdom","floor":5},{"not_picked":["theDuelist:MangaRyuRan","theDuelist:RedEyesToon","theDuelist:ToonMermaid","theDuelist:ToonBarrelDragon","theDuelist:AncientGearFist"],"picked":"SKIP","floor":6},{"not_picked":["theDuelist:SpellShatteringArrow","theDuelist:RedEyesToon","theDuelist:ToonMermaid","theDuelist:ToonBarrelDragon","theDuelist:ToonDarkMagician"],"picked":"SKIP","floor":8},{"not_picked":["theDuelist:MangaRyuRan","theDuelist:FlyingSaucer","theDuelist:RedEyesToon","theDuelist:ToonMermaid","theDuelist:ComicHand"],"picked":"SKIP","floor":10},{"not_picked":["theDuelist:SpellShatteringArrow","theDuelist:TributeDoomed","theDuelist:ToonKingdom","theDuelist:ToonWorld"],"picked":"theDuelist:ToonMagic","floor":11},{"not_picked":["theDuelist:MangaRyuRan","theDuelist:ToonAncientGear","theDuelist:RedEyesToon","theDuelist:FlyingSaucer","theDuelist:TrapHole"],"picked":"SKIP","floor":12}],"player_experience":174971,"relics_obtained":[{"floor":6,"key":"theDuelist:DuelistOrichalcum"},{"floor":9,"key":"theDuelist:ZoneToken"},{"floor":10,"key":"theDuelist:SolderToken"}],"event_choices":[{"damage_healed":0,"gold_gain":75,"player_choice":"Gather Gold","damage_taken":11,"max_hp_gain":0,"max_hp_loss":0,"event_name":"World of Goop","floor":2,"gold_loss":0},{"damage_healed":0,"gold_gain":0,"player_choice":"Damaged","damage_taken":8,"max_hp_gain":0,"max_hp_loss":0,"event_name":"Wheel of Change","floor":13,"gold_loss":0}],"is_beta":false,"boss_relics":[],"items_purged_floors":[3],"is_endless":false,"potions_floor_spawned":[1,5,10],"killed_by":"Lagavulin","ascension_level":11}}