{"host":"jhy70w0yh8dayqay","time":1612005200,"event":{"mods":["AchievementEnabler","BaseMod","Colored Map","Colored Powertips","DeckTracker","Minty Spire (QoL Compilation)","Permanent Neow","SuperFastMode"],"gold_per_floor":[15,27,40,60,60,101,122,142,167,167,183,207,55,20,20,20,20],"floor_reached":16,"language":"KOR","playtime":386,"items_purged":[],"score":186,"play_id":"abbfcbc8-4918-4c9f-90be-b0611dd10c27","local_time":"20210130201320","is_ascension_mode":true,"campfire_choices":[{"data":"Searing Blow","floor":10,"key":"SMITH"},{"data":"Searing Blow+1","floor":15,"key":"SMITH"}],"circlet_count":0,"master_deck":["AscendersBane","Strike_R","Strike_R","Strike_R","Defend_R","Defend_R","Defend_R","Defend_R","Bash","Twin Strike","Searing Blow+2","Headbutt","Double Tap","Ghostly Armor"],"relics":["Burning Blood","Golden Idol","Happy Flower","Anchor","ClockworkSouvenir"],"acts_visited":["Exordium"],"potions_floor_usage":[6,7,16],"damage_taken":[{"damage":11,"enemies":"Jaw Worm","floor":1,"turns":4},{"damage":1,"enemies":"2 Louse","floor":2,"turns":3},{"damage":0,"enemies":"Small Slimes","floor":3,"turns":3},{"damage":5,"enemies":"2 Fungi Beasts","floor":4,"turns":4},{"damage":51,"enemies":"Lagavulin","floor":6,"turns":7},{"damage":16,"enemies":"Exordium Thugs","floor":7,"turns":5},{"damage":12,"enemies":"Looter","floor":8,"turns":3},{"damage":4,"enemies":"Red Slaver","floor":11,"turns":2},{"damage":0,"enemies":"2 Fungi Beasts","floor":12,"turns":2},{"damage":32,"enemies":"Hexaghost","floor":16,"turns":7}],"seed_played":"-3092539689863077255","potions_obtained":[{"floor":2,"key":"Weak Potion"},{"floor":4,"key":"Swift Potion"},{"floor":6,"key":"FearPotion"}],"is_trial":false,"path_per_floor":["M","M","M","M","?","E","M","M","T","R","M","M","$","?","R","B"],"character_chosen":"IRONCLAD","items_purchased":["ClockworkSouvenir"],"campfire_rested":0,"item_purchase_floors":[13],"current_hp_per_floor":[63,68,74,75,68,23,13,7,7,7,9,15,15,32,32,0,0],"gold":20,"neow_bonus":"REMOVE_TWO","is_daily":false,"chose_seed":false,"campfire_upgraded":2,"win_rate":0.0,"timestamp":1612005200,"path_taken":["M","M","M","M","?","E","M","M","T","R","M","M","$","?","R","BOSS"],"items_purchased_type":["Relic"],"build_version":"2020-12-22","purchased_purges":0,"victory":false,"max_hp_per_floor":[75,75,75,75,68,68,68,68,68,68,68,68,68,68,68,68,68],"card_choices":[{"not_picked":["Body Slam","Dropkick"],"picked":"Twin Strike","floor":1},{"not_picked":["Rupture","Metallicize"],"picked":"Searing Blow","floor":2},{"not_picked":["Heavy Blade","Warcry","Anger"],"picked":"SKIP","floor":3},{"not_picked":["Inflame","Clash"],"picked":"Headbutt","floor":4},{"not_picked":["Exhume","Heavy Blade","Warcry"],"picked":"SKIP","floor":6},{"not_picked":["Heavy Blade","Pommel Strike"],"picked":"Double Tap","floor":7},{"not_picked":["Cleave","Burning Pact"],"picked":"Ghostly Armor","floor":8},{"not_picked":["Clash","Combust","Hemokinesis"],"picked":"SKIP","floor":11},{"not_picked":["Spot Weakness","True Grit","Twin Strike"],"picked":"SKIP","floor":12}],"player_experience":463420,"relics_obtained":[{"floor":6,"key":"Happy Flower"},{"floor":9,"key":"Anchor"}],"event_choices":[{"damage_healed":0,"gold_gain":0,"player_choice":"Lose Max HP","damage_taken":0,"relics_obtained":["Golden Idol"],"max_hp_gain":0,"max_hp_loss":7,"event_name":"Golden Idol","floor":5,"gold_loss":0},{"damage_healed":17,"gold_gain":0,"player_choice":"Healed","damage_taken":0,"max_hp_gain":0,"max_hp_loss":0,"event_name":"The Cleric","floor":14,"gold_loss":35}],"is_beta":false,"boss_relics":[],"items_purged_floors":[],"is_endless":false,"potions_floor_spawned":[2,4,6],"killed_by":"Hexaghost","ascension_level":15}}