{"host":"39erygfi9n0tobyn","time":1612030721,"event":{"mods":["2.2 Compatiblity","BaseMod","Bestiary","Colored Map","Colored Powertips","Curses Come First","Highlight Path","Keyboard Shortcuts","Minty Spire (QoL Compilation)","Relic Stats","StSLib","SuperFastMode"],"gold_per_floor":[112,122,122,141,216,216,251,251,277,309,319,331,361,361,361,457,457,475,495,515,515,4,4,17,17,17,17,28,28,39,67,67,169,169,187,187,239,114,114,124,124,0,47,76,76,76,102,121,121,121],"floor_reached":51,"language":"ENG","playtime":1628,"items_purged":["Shame"],"score":763,"play_id":"44517d6f-ba19-4fa6-b38f-4b2344c9294e","local_time":"20210130151841","is_ascension_mode":false,"campfire_choices":[{"floor":6,"key":"REST"},{"floor":8,"key":"REST"},{"floor":15,"key":"REST"},{"floor":23,"key":"REST"},{"floor":29,"key":"REST"},{"floor":32,"key":"REST"},{"floor":41,"key":"REST"},{"floor":45,"key":"REST"},{"floor":49,"key":"REST"}],"circlet_count":0,"master_deck":["Strike_G","Strike_G","Strike_G","Strike_G","Defend_G","Defend_G","Defend_G","Defend_G","Survivor","Neutralize","Deadly Poison","Dagger Spray","Dash","Calculated Gamble","Poisoned Stab","Dagger Spray","All Out Attack","Flying Knee","Glass Knife","Envenom","Backstab","Blade Dance","Finisher+1","Dodge and Roll+1","Quick Slash","Sucker Punch","Dagger Spray","Quick Slash","Noxious Fumes","Doubt","Blade Dance","Skewer","Doppelganger","Deflect+1","A Thousand Cuts","Sucker Punch+1","Deadly Poison+1","Madness","Madness","Acrobatics","Mind Blast","Panacea","Finesse","Underhanded Strike+1","Parasite","Pain","Malaise","Quick Slash+1"],"relics":["Fusion Hammer","Oddly Smooth Stone","Bronze Scales","Anchor","Prayer Wheel","Cursed Key","Orichalcum","TungstenRod","HornCleat","Ice Cream","Kunai","Busted Crown","Dead Branch","Red Mask","Bag of Marbles","Nunchaku","Omamori"],"acts_visited":["Exordium","TheCity","TheBeyond"],"potions_floor_usage":[2,16,33,33,50,50],"damage_taken":[{"damage":0,"enemies":"2 Louse","floor":1,"turns":3},{"damage":0,"enemies":"Small Slimes","floor":2,"turns":3},{"damage":6,"enemies":"Jaw Worm","floor":4,"turns":4},{"damage":19,"enemies":"3 Sentries","floor":7,"turns":9},{"damage":21,"enemies":"Gremlin Nob","floor":10,"turns":4},{"damage":1,"enemies":"Blue Slaver","floor":11,"turns":2},{"damage":0,"enemies":"Lots of Slimes","floor":12,"turns":1},{"damage":0,"enemies":"3 Sentries","floor":13,"turns":4},{"damage":35,"enemies":"Hexaghost","floor":16,"turns":9},{"damage":10,"enemies":"2 Thieves","floor":18,"turns":3},{"damage":16,"enemies":"Spheric Guardian","floor":19,"turns":4},{"damage":17,"enemies":"Snecko","floor":20,"turns":4},{"damage":13,"enemies":"Sentry and Sphere","floor":24,"turns":5},{"damage":0,"enemies":"Chosen and Byrds","floor":28,"turns":5},{"damage":0,"enemies":"Cultist and Chosen","floor":30,"turns":3},{"damage":21,"enemies":"Slavers","floor":31,"turns":5},{"damage":21,"enemies":"Champ","floor":33,"turns":10},{"damage":11,"enemies":"3 Darklings","floor":35,"turns":3},{"damage":15,"enemies":"2 Orb Walkers","floor":37,"turns":5},{"damage":5,"enemies":"3 Shapes","floor":40,"turns":3},{"damage":25,"enemies":"Nemesis","floor":44,"turns":5},{"damage":0,"enemies":"Spire Growth","floor":48,"turns":3},{"damage":57,"enemies":"Time Eater","floor":50,"turns":8}],"seed_played":"6139812175535651633","potions_obtained":[{"floor":2,"key":"EntropicBrew"},{"floor":28,"key":"Swift Potion"},{"floor":30,"key":"LiquidBronze"},{"floor":35,"key":"DuplicationPotion"}],"is_trial":false,"path_per_floor":["M","M","?","M","?","R","E","R","T","E","M","M","E","?","R","B",null,"M","M","M","?","$","R","M","?","T","?","M","R","M","E","R","B",null,"M","?","?","$","?","M","R","?","T","E","R","$","T","M","R","B",null],"character_chosen":"THE_SILENT","items_purchased":["Orichalcum","TungstenRod","Dagger Spray","Acrobatics"],"campfire_rested":9,"item_purchase_floors":[22,22,22,38],"current_hp_per_floor":[70,70,63,57,46,67,48,69,69,48,47,47,47,47,68,33,70,60,44,27,14,14,36,23,23,23,23,23,45,45,24,46,25,75,64,56,41,41,32,27,49,49,49,24,46,46,46,46,68,11],"gold":121,"neow_bonus":"BOSS_RELIC","is_daily":false,"chose_seed":false,"campfire_upgraded":0,"win_rate":0.0,"timestamp":1612030721,"path_taken":["M","M","?","M","?","R","E","R","T","E","?","M","E","?","R","BOSS","M","M","?","?","$","R","M","?","T","?","M","R","M","E","R","BOSS","M","?","?","$","?","M","R","?","T","E","R","$","?","?","R","BOSS"],"items_purchased_type":["Relic","Relic","Card","Card"],"build_version":"2020-12-22","purchased_purges":1,"victory":true,"max_hp_per_floor":[70,70,70,70,70,70,70,70,70,70,70,70,70,70,70,70,70,70,70,70,75,75,75,75,75,75,75,75,75,75,75,75,75,75,75,75,75,75,75,75,75,75,75,75,75,75,75,75,75,75],"relic_stats":{"Nunchaku":[3],"Busted Crown":22,"counters":[23,105],"Bronze Scales":[222],"Dead Branch":[36],"Prayer Wheel":9,"Kunai":[30],"Orichalcum":[30],"Cursed Key":3,"obtain_stats":[{"Ice Cream":27,"Dead Branch":37,"Oddly Smooth Stone":7,"Omamori":47,"Orichalcum":22,"Cursed Key":17,"Anchor":10,"Nunchaku":44,"HornCleat":26,"Busted Crown":34,"Bronze Scales":9,"Prayer Wheel":13,"Fusion Hammer":0,"Red Mask":42,"Bag of Marbles":43,"Kunai":31,"TungstenRod":22,"Ring of the Snake":0},{"Ice Cream":13,"Dead Branch":19,"Oddly Smooth Stone":4,"Omamori":21,"Orichalcum":12,"Cursed Key":9,"Anchor":5,"Nunchaku":21,"HornCleat":13,"Busted Crown":17,"Bronze Scales":4,"Prayer Wheel":8,"Fusion Hammer":0,"Red Mask":20,"Bag of Marbles":20,"Kunai":16,"TungstenRod":12,"Ring of the Snake":0},{"Ice Cream":55,"Dead Branch":86,"Oddly Smooth Stone":19,"Omamori":94,"Orichalcum":50,"Cursed Key":39,"Anchor":23,"Nunchaku":94,"HornCleat":55,"Busted Crown":78,"Bronze Scales":19,"Prayer Wheel":30,"Fusion Hammer":0,"Red Mask":89,"Bag of Marbles":89,"Kunai":68,"TungstenRod":50,"Ring of the Snake":0}],"TungstenRod":30},"card_choices":[{"not_picked":["Flying Knee","Bane"],"picked":"Deadly Poison","floor":1},{"not_picked":["Flying Knee","Deflect"],"picked":"Dagger Spray","floor":2},{"not_picked":["Flechettes","Slice"],"picked":"Dash","floor":4},{"not_picked":["Tactician","Footwork"],"picked":"Calculated Gamble","floor":7},{"not_picked":["Dodge and Roll","Leg Sweep"],"picked":"Poisoned Stab","floor":10},{"not_picked":["Tactician","Slice"],"picked":"Dagger Spray","floor":11},{"not_picked":["Terror","Sucker Punch"],"picked":"All Out Attack","floor":12},{"not_picked":["PiercingWail","Catalyst"],"picked":"Flying Knee","floor":13},{"not_picked":["Glass Knife","A Thousand Cuts"],"picked":"Envenom","floor":16},{"not_picked":["Backflip+1","Flying Knee"],"picked":"Backstab","floor":18},{"not_picked":["Masterful Stab","Sucker Punch"],"picked":"Blade Dance","floor":18},{"not_picked":["Poisoned Stab","Outmaneuver"],"picked":"Finisher+1","floor":19},{"not_picked":["Dash","Venomology"],"picked":"Dodge and Roll+1","floor":19},{"not_picked":["Sucker Punch","Underhanded Strike+1"],"picked":"Quick Slash","floor":20},{"not_picked":["Dagger Spray+1","Slice"],"picked":"Sucker Punch","floor":20},{"not_picked":["Footwork","Dagger Spray"],"picked":"Quick Slash","floor":24},{"not_picked":["Flying Knee","Skewer"],"picked":"Noxious Fumes","floor":24},{"not_picked":["Reflex","Noxious Fumes"],"picked":"Blade Dance","floor":28},{"not_picked":["Acrobatics","Finisher"],"picked":"Skewer","floor":28},{"not_picked":["All Out Attack","Dodge and Roll+1"],"picked":"Doppelganger","floor":30},{"not_picked":["Reflex","Finisher+1","Acrobatics"],"picked":"SKIP","floor":30},{"not_picked":["Dash","Predator"],"picked":"Deflect+1","floor":31},{"not_picked":["Corpse Explosion","Phantasmal Killer"],"picked":"A Thousand Cuts","floor":33},{"not_picked":[],"picked":"Sucker Punch+1","floor":35},{"not_picked":[],"picked":"Deadly Poison+1","floor":35},{"not_picked":[],"picked":"Mind Blast","floor":39},{"not_picked":[],"picked":"Panacea","floor":39},{"not_picked":[],"picked":"Finesse","floor":39},{"not_picked":[],"picked":"Underhanded Strike+1","floor":40},{"not_picked":["Deadly Poison"],"picked":"SKIP","floor":40},{"not_picked":["Bouncing Flask"],"picked":"SKIP","floor":44},{"not_picked":[],"picked":"Malaise","floor":48},{"not_picked":[],"picked":"Quick Slash+1","floor":48}],"player_experience":73059,"relics_obtained":[{"floor":7,"key":"Oddly Smooth Stone"},{"floor":9,"key":"Bronze Scales"},{"floor":10,"key":"Anchor"},{"floor":13,"key":"Prayer Wheel"},{"floor":26,"key":"HornCleat"},{"floor":31,"key":"Kunai"},{"floor":37,"key":"Dead Branch"},{"floor":43,"key":"Bag of Marbles"},{"floor":44,"key":"Nunchaku"},{"floor":47,"key":"Omamori"}],"event_choices":[{"cards_removed":["Defend_G"],"damage_healed":0,"gold_gain":0,"player_choice":"Card Removal","damage_taken":7,"max_hp_gain":0,"max_hp_loss":0,"event_name":"Golden Wing","floor":3,"gold_loss":0},{"damage_healed":0,"gold_gain":75,"player_choice":"Gather Gold","damage_taken":11,"max_hp_gain":0,"max_hp_loss":0,"event_name":"World of Goop","floor":5,"gold_loss":0},{"damage_healed":0,"gold_gain":0,"cards_transformed":["Strike_G"],"player_choice":"Transformed","damage_taken":0,"max_hp_gain":0,"max_hp_loss":0,"event_name":"Transmorgrifier","floor":14,"gold_loss":0,"cards_obtained":["Glass Knife"]},{"damage_healed":0,"gold_gain":0,"player_choice":"Shed Blood","damage_taken":18,"max_hp_gain":5,"max_hp_loss":0,"event_name":"Forgotten Altar","floor":21,"gold_loss":0},{"damage_healed":0,"gold_gain":0,"player_choice":"Ignored","damage_taken":0,"max_hp_gain":0,"max_hp_loss":0,"event_name":"Ghosts","floor":25,"gold_loss":0},{"damage_healed":0,"gold_gain":0,"player_choice":"Stole Relic","damage_taken":0,"relics_obtained":["Ice Cream"],"max_hp_gain":0,"max_hp_loss":0,"event_name":"Addict","floor":27,"gold_loss":0,"cards_obtained":["Shame"]},{"damage_healed":0,"gold_gain":0,"player_choice":"Embrace Madness","damage_taken":9,"max_hp_gain":0,"max_hp_loss":0,"event_name":"Winding Halls","floor":36,"gold_loss":0,"cards_obtained":["Madness","Madness"]},{"damage_healed":0,"gold_gain":0,"player_choice":"Fight","damage_taken":0,"max_hp_gain":0,"max_hp_loss":0,"event_name":"Mysterious Sphere","floor":37,"gold_loss":0},{"damage_healed":0,"gold_gain":0,"player_choice":"Memory 3","damage_taken":10,"max_hp_gain":0,"max_hp_loss":0,"event_name":"SensoryStone","floor":39,"gold_loss":0},{"damage_healed":0,"gold_gain":0,"player_choice":"Paid","damage_taken":0,"relics_obtained":["Red Mask"],"max_hp_gain":0,"max_hp_loss":0,"event_name":"Tomb of Lord Red Mask","floor":42,"gold_loss":124}],"is_beta":false,"boss_relics":[{"not_picked":["Empty Cage","Runic Pyramid"],"picked":"Cursed Key"},{"not_picked":["Sozu","Runic Dome"],"picked":"Busted Crown"}],"items_purged_floors":[38],"is_endless":false,"potions_floor_spawned":[2,4,10,11,28,30,35],"ascension_level":0}}