{"host":"ty7uytdfitsmf36k","time":1612034153,"event":{"mods":["AchievementEnabler","BaseMod","Colored Map","Colored Powertips","DeckTracker","Downfall","Infinite Spire","Minty Spire (QoL Compilation)","Relic Stats","Replay The Spire","Spire Arcade","StSLib","SuperFastMode","The Jungle","Wandering Minibosses"],"gold_per_floor":[110,110,60,86,86,158,158,229,303,378,378,89,152,177,177,281,281,240,240,360,379,379,379,379,404,430,430,456,49,64,64,64,159,159,179,8,33,33,830,900,900,917,997,1008,1040,1059,1059,1059,1111,1111],"floor_reached":51,"language":"ENG","playtime":1791,"items_purged":["Strike_R","Juggernaut","Strike_R","Defend_R","Defend_R"],"score":1437,"play_id":"22fb0b73-919b-407d-893f-08b97269e9a5","local_time":"20210130141553","is_ascension_mode":true,"campfire_choices":[{"data":"Pummel","floor":7,"key":"SMITH"},{"data":"Thunderclap","floor":11,"key":"SMITH"},{"data":"Pot Of Greed","floor":15,"key":"SMITH"},{"data":"Pot Of Greed","floor":23,"key":"SMITH"},{"data":"Second Wind","floor":27,"key":"SMITH"},{"floor":32,"key":"REST"},{"data":"Pot Of Greed","floor":41,"key":"SMITH"},{"data":"Evolve","floor":47,"key":"SMITH"}],"circlet_count":0,"master_deck":["AscendersBane","Defend_R","Thunderclap+1","Pummel+1","Inflame+1","ReplayTheSpireMod:Stacked","Second Wind+1","Violence","Pot Of Greed+1","Pot Of Greed+1","Disarm","Burning Pact","Rampage+1","Inflame","Body Slam+1","Power Through","Metallicize","Headbutt+1","Pot Of Greed+1","Offering","ReplayReversal+1","Shrug It Off","Panacea","Entrench","infinitespire:Gouge","Evolve+1","Fire Breathing","Shrug It Off"],"relics":["Burning Blood","NeowsBlessing","ReplayTheSpireMod:Ring of Challenge","ReplayTheSpireMod:Ring of Sloth","ReplayTheSpireMod:TigerMarble","Mercury Hourglass","Ice Cream","Blue Candle","BargainBundle","Grinning Jar","Replay:Fungal Core","hexamod:Sixitude","Red Skull","Happy Flower","Vajra","OrangePellets","Potion Belt","Replay:Grab Bag","ChewingGum","Painkiller Herb","Replay:Drink Me","Orichalcum","wanderingMiniBosses:MasterThiefsPresence","Whetstone","sneckomod:BlankCard","bronze:DecasWashers","Toy Ornithopter","Shovel"],"acts_visited":["Exordium","theJungle:Jungle","TheBeyond"],"potions_floor_usage":[14,16,21,25,30,39,40,50],"damage_taken":[{"damage":0.0,"enemies":"2 Louse","floor":1.0,"turns":1.0},{"damage":0,"enemies":"Gremlin Nob","floor":6,"turns":1},{"damage":1,"enemies":"Lagavulin","floor":8,"turns":1},{"damage":7,"enemies":"Jaw Worm","floor":13,"turns":6},{"damage":10,"enemies":"Gremlin Nob","floor":14,"turns":3},{"damage":6,"enemies":"The Guardian","floor":16,"turns":11},{"damage":16,"enemies":"theJungle:MUSHROOMGANG","floor":18,"turns":7},{"damage":15,"enemies":"theJungle:GiantWrat","floor":21,"turns":8},{"damage":39,"enemies":"theJungle:MamaSnecko","floor":25,"turns":6},{"damage":12,"enemies":"theJungle:Cassacara","floor":28,"turns":5},{"damage":12,"enemies":"theJungle:2_Snecko_Cultists","floor":30,"turns":4},{"damage":3,"enemies":"theJungle:QueenSpyder","floor":33,"turns":9},{"damage":25,"enemies":"3 Shapes","floor":35,"turns":4},{"damage":20,"enemies":"3 Darklings","floor":39,"turns":6},{"damage":6,"enemies":"Nightmare","floor":40,"turns":5},{"damage":0,"enemies":"Maw","floor":42,"turns":5},{"damage":0,"enemies":"Writhing Mass","floor":44,"turns":4},{"damage":15,"enemies":"R_Hoarder","floor":45,"turns":4},{"damage":0,"enemies":"4 Shapes","floor":46,"turns":2},{"damage":6,"enemies":"infinitespire:MassOfShapes","floor":50,"turns":5}],"seed_played":"-255043347697016346","potions_obtained":[{"floor":1.0,"key":"Strength Potion"},{"floor":8,"key":"Adrenaline Potion"},{"floor":16,"key":"Block Potion"},{"floor":21,"key":"LifebloodPotion"},{"floor":25,"key":"Flashbang"},{"floor":33,"key":"BloodPotion"},{"floor":35,"key":"champ:CounterPotion"},{"floor":42,"key":"BlessingOfTheForge"},{"floor":44,"key":"hexamod:SoulburnPotion"}],"is_trial":false,"path_per_floor":["M","?","?","T","?","E","R","E","T","?","R","$","M","E","R","B",null,"M","?","?","M","AVR","R","?","E","T","R","E","$","M","?","R","B",null,"?","T","T","?","?","NM","T","?","T","?","E","?","T","AVR","T","B",null],"character_chosen":"IRONCLAD","items_purchased":["BargainBundle","Inflame+1","ReplayTheSpireMod:Stacked","Second Wind","hexamod:SoulburnPotion","Violence","OrangePellets","Power Through","Metallicize","Shrug It Off"],"campfire_rested":1,"item_purchase_floors":[12,12,12,12,12,12,29,29,29,36],"current_hp_per_floor":[78,78,78,78,78,83,83,83,83,72,72,72,71,67,67,71,80,70,70,58,49,49,49,60,27,27,27,21,21,15,15,39,42,58,39,39,39,39,37,37,37,43,43,49,40,46,46,46,46,51],"gold":1111,"neow_bonus":"THREE_ENEMY_KILL","is_daily":false,"chose_seed":false,"campfire_upgraded":7,"win_rate":0.0,"timestamp":1612034153,"path_taken":["M","?","?","?","?","E","R","E","T","?","R","$","M","E","R","BOSS","M","?","?","M","AVR","R","?","E","T","R","E","?","M","?","R","BOSS","?","T","?","?","?","NM","T","?","T","?","E","?","T","AVR","T","BOSS"],"items_purchased_type":["Relic","Card","Card","Card","Potion","Card","Relic","Card","Card","Card"],"build_version":"2020-12-22","purchased_purges":5,"victory":true,"max_hp_per_floor":[80,80,80,80,80,83,83,83,83,83,83,83,83,83,83,83,83,83,83,83,83,83,83,83,83,83,83,83,83,83,83,83,83,63,63,63,63,63,63,63,63,63,63,63,63,63,63,63,63,63],"relic_stats":{"OrangePellets":[5],"Shovel":0,"Happy Flower":[17],"counters":[20,97],"Blue Candle":[0],"Whetstone":["Body Slam","Rampage"],"Orichalcum":[12],"obtain_stats":[{"Ice Cream":8,"sneckomod:BlankCard":40,"Vajra":28,"Painkiller Herb":34,"Whetstone":40,"Burning Blood":0,"Shovel":48,"Replay:Drink Me":34,"Red Skull":25,"Potion Belt":31,"BargainBundle":12,"NeowsBlessing":0,"Replay:Fungal Core":17,"Happy Flower":26,"ReplayTheSpireMod:Ring of Sloth":2,"Blue Candle":9,"Replay:Grab Bag":34,"bronze:DecasWashers":43,"hexamod:Sixitude":22,"wanderingMiniBosses:MasterThiefsPresence":39,"Orichalcum":37,"Mercury Hourglass":6,"OrangePellets":29,"ChewingGum":34,"ReplayTheSpireMod:TigerMarble":4,"ReplayTheSpireMod:Ring of Challenge":2,"Grinning Jar":14,"Toy Ornithopter":45},{"Ice Cream":3,"sneckomod:BlankCard":15,"Vajra":10,"Painkiller Herb":12,"Whetstone":15,"Burning Blood":0,"Shovel":19,"Replay:Drink Me":12,"Red Skull":9,"Potion Belt":11,"BargainBundle":3,"NeowsBlessing":0,"Replay:Fungal Core":6,"Happy Flower":9,"ReplayTheSpireMod:Ring of Sloth":1,"Blue Candle":3,"Replay:Grab Bag":12,"bronze:DecasWashers":16,"hexamod:Sixitude":8,"wanderingMiniBosses:MasterThiefsPresence":14,"Orichalcum":13,"Mercury Hourglass":2,"OrangePellets":10,"ChewingGum":12,"ReplayTheSpireMod:TigerMarble":1,"ReplayTheSpireMod:Ring of Challenge":1,"Grinning Jar":5,"Toy Ornithopter":18},{"Ice Cream":3,"sneckomod:BlankCard":77,"Vajra":49,"Painkiller Herb":62,"Whetstone":77,"Burning Blood":0,"Shovel":92,"Replay:Drink Me":62,"Red Skull":44,"Potion Belt":53,"BargainBundle":3,"NeowsBlessing":0,"Replay:Fungal Core":23,"Happy Flower":44,"ReplayTheSpireMod:Ring of Sloth":1,"Blue Candle":3,"Replay:Grab Bag":62,"bronze:DecasWashers":82,"hexamod:Sixitude":38,"wanderingMiniBosses:MasterThiefsPresence":72,"Orichalcum":66,"Mercury Hourglass":2,"OrangePellets":49,"ChewingGum":62,"ReplayTheSpireMod:TigerMarble":1,"ReplayTheSpireMod:Ring of Challenge":1,"Grinning Jar":12,"Toy Ornithopter":90}],"Burning Blood":111,"Toy Ornithopter":5,"Mercury Hourglass":[330]},"card_choices":[{"not_picked":["Warcry","Twin Strike"],"picked":"Thunderclap","floor":1.0},{"not_picked":["Life Link","Cleave","Anger"],"picked":"SKIP","floor":6},{"not_picked":["Armaments","Clash","Dropkick"],"picked":"SKIP","floor":8},{"not_picked":["Sentinel","Rupture"],"picked":"Pommel Strike","floor":13},{"not_picked":["Infernal Blade","Carnage"],"picked":"Disarm","floor":14},{"not_picked":["Impervious","Exhume"],"picked":"Juggernaut","floor":16},{"not_picked":["Rupture","True Grit"],"picked":"Burning Pact","floor":18},{"not_picked":["Replay:Undeath\u0027s Touch","Pommel Strike"],"picked":"Rampage","floor":21},{"not_picked":["Pummel+1","Headbutt+1"],"picked":"Inflame","floor":25},{"not_picked":["Sword Boomerang","Hemogenesis"],"picked":"Body Slam","floor":28},{"not_picked":["Iron Wave+1","Replay:Undeath\u0027s Touch"],"picked":"Headbutt+1","floor":30},{"not_picked":["Double Tap","Corruption"],"picked":"Offering","floor":33},{"not_picked":["Pommel Strike+1","Sword Boomerang"],"picked":"ReplayReversal+1","floor":35},{"not_picked":["Mind Blast","Forethought"],"picked":"Panacea","floor":38},{"not_picked":["Rage+1","Intimidate"],"picked":"Entrench","floor":39},{"not_picked":["infinitespire:Oblivion","Replay:Fractal Strike"],"picked":"infinitespire:Gouge","floor":40},{"not_picked":["Entrench+1","Pommel Strike+1","Whirlwind"],"picked":"SKIP","floor":40},{"not_picked":["Thunderclap","Dark Embrace+1"],"picked":"Evolve","floor":42},{"not_picked":["Run Through","Heavy Blade","Clothesline"],"picked":"SKIP","floor":44},{"not_picked":["Defy Death","ReplayTheSpireMod:Strike From Hell"],"picked":"Fire Breathing","floor":45},{"not_picked":["Berserk","Shockwave"],"picked":"Shrug It Off","floor":46}],"player_experience":204713,"relics_obtained":[{"floor":2.0,"key":"ReplayTheSpireMod:Ring of Challenge"},{"floor":2.0,"key":"ReplayTheSpireMod:Ring of Sloth"},{"floor":4.0,"key":"ReplayTheSpireMod:TigerMarble"},{"floor":6,"key":"Mercury Hourglass"},{"floor":8,"key":"Ice Cream"},{"floor":9,"key":"Blue Candle"},{"floor":14,"key":"Grinning Jar"},{"floor":25,"key":"Red Skull"},{"floor":26,"key":"Happy Flower"},{"floor":28,"key":"Vajra"},{"floor":37,"key":"Orichalcum"},{"floor":39,"key":"wanderingMiniBosses:MasterThiefsPresence"},{"floor":40,"key":"Whetstone"},{"floor":40,"key":"sneckomod:BlankCard"},{"floor":43,"key":"bronze:DecasWashers"},{"floor":45,"key":"Toy Ornithopter"}],"event_choices":[{"cards_removed":["Strike_R"],"damage_healed":0.0,"max_hp_gain":0.0,"max_hp_loss":0.0,"gold_gain":0.0,"event_name":"The Cleric","player_choice":"Card Removal","floor":3.0,"gold_loss":50.0,"damage_taken":0.0},{"damage_healed":0.0,"max_hp_gain":0.0,"max_hp_loss":0.0,"gold_gain":0.0,"cards_transformed":["Strike_R"],"event_name":"Living Wall","player_choice":"Change","floor":5.0,"gold_loss":0.0,"damage_taken":0.0,"cards_obtained":["Pummel"]},{"damage_healed":0,"gold_gain":75,"player_choice":"Gather Gold","damage_taken":11,"max_hp_gain":0,"max_hp_loss":0,"event_name":"World of Goop","floor":10,"gold_loss":0},{"cards_removed":["Pommel Strike"],"damage_healed":0,"gold_gain":0,"player_choice":"Gave Card","damage_taken":0,"relics_obtained":["Potion Belt"],"max_hp_gain":0,"max_hp_loss":0,"event_name":"WeMeetAgain","floor":31,"gold_loss":0},{"damage_healed":0,"gold_gain":0,"player_choice":"Memory 1","damage_taken":0,"max_hp_gain":0,"max_hp_loss":0,"event_name":"SensoryStone","floor":38,"gold_loss":0}],"is_beta":false,"boss_relics":[{"not_picked":["Honey Jar","expansioncontent:StudyCardRelic"],"picked":"Replay:Fungal Core"},{"not_picked":["sneckomod:SneckoTalon","Astrolabe"],"picked":"Replay:Grab Bag"},{"not_picked":["Runic Dome","Electric Blood"],"picked":"ChewingGum"},{"not_picked":["Velvet Choker","Coffee Dripper"],"picked":"Painkiller Herb"},{"not_picked":["Kintsugi","Black Star"],"picked":"Replay:Drink Me"}],"items_purged_floors":[12,22,29,36,48],"is_endless":false,"potions_floor_spawned":[1,8,16,21,25,33,35,42,44],"ascension_level":11}}