{"host":"vqd8yewason9t24a","time":1612028544,"event":{"mods":["AchievementEnabler","Act Like it!","Aspiration","BaseMod","Better Match","Better Note","BetterRewards","Block Reminder","Card Forge","Colored Map","Colored Powertips","Conspire","DeckTracker","Downfall","Energized Spire","Friendly Minions","Highlight Path","Hubris","Infinite Spire","Minty Spire (QoL Compilation)","Quick Restart","READ ME - Guardian Mod","Rare Cards Sparkle","Relic Stats","Replay The Spire","Spikes Relics","StSLib","SuperFastMode","Waifu the Spire"],"gold_per_floor":[99,30,30,49,67,167,212,230,256,270,302,316,16,16,26,127,127,127,144,158,181,181,212,237,253,266,279,294,20,20,32,52,151,151,233,246,262,275,291,291,291,291,291,291,291,305,305,332,350,454,504,504,521,430,462,479,506,506,506,537,557,571,571,571,589,605,705,705,705,705],"floor_reached":68,"language":"ENG","playtime":9066,"items_purged":[],"score":1280,"play_id":"e8e9ed89-c25a-4e5e-be8f-7e73d740bc05","local_time":"20210130094224","is_ascension_mode":false,"campfire_choices":[{"floor":1,"key":"RECALL"},{"floor":13,"key":"REST"},{"floor":18,"key":"REST"},{"floor":30,"key":"REST"},{"floor":40,"key":"REST"},{"data":"infinitespire:FutureSight","floor":45,"key":"SMITH"},{"floor":52,"key":"REST"},{"floor":59,"key":"REST"}],"circlet_count":0,"master_deck":["champ:HeartStrike+1","champ:LastStand+1","champ:ShieldWall+1","champ:SkillfulDodge+1","champ:Backstep+1","champ:EnragedBash+1","champ:RisingSlash+1","champ:FlashCut+1","champ:Backstep+1","champ:FocusedBerserking+1","champ:BringItOn+1","champ:IronFortress+1","champ:AdrenalArmor+1","champ:BladeFlurry+1","champ:UltimateStance+1","champ:DeathBlow+1","champ:GutPunch+1","champ:HoldFirm+1","champ:TornadoPunch+1","champ:PreciseThrust+1","champ:ShieldWall+1","champ:IronFortress+1","champ:FocusedBerserking+1","infinitespire:FutureSight+1","champ:RisingSlash+1","champ:FancyFootwork+1","champ:FocusedDefense+1","champ:HeavySlash+1","champ:IronFortress+1","champ:AdrenalArmor+1","champ:SkillfulDodge+1","champ:BladeFlurry+1","champ:IronFortress+1","infinitespire:Starlight+1","champ:Backstep+1","champ:BerserkersShout+1","champ:VampiricStrike+1","champ:PreemptiveStrike+1","champ:BringItOn+1","champ:HeavySlash+1","infinitespire:FinalStrike+1"],"relics":["champ:ChampionCrown","Hammer of Thor","Seething Fire","Anvil of the Gods","Tiny Chest","downfall:GremlinSack","infinitespire:PuzzleCube","downfall:HeartBlessingRed","downfall:HeartBlessingGreen","downfall:HeartBlessingBlue","hubris:ScarierMask","Simple Rune","Letter Opener","Pet Ghost","HandDrill","conspire:RoyalGoblet","Membership Card","Onion Ring","BrokenLever","hubris:64BitClover","hubris:Towel","ZombieTooth","Tiny House","Blue Doll","Replay:Wax Seal","Replay:Bottled Eggs","Toxic Egg 2","hubris:Icosahedron","aspiration:IroncladSkillbook"],"acts_visited":["Exordium","TheCity","TheBeyond","Exordium","TheCity"],"potions_floor_usage":[],"damage_taken":[{"damage":22,"enemies":"downfall:FleeingMerchant","floor":2,"turns":4},{"damage":0,"enemies":"Jaw Worm","floor":4,"turns":3},{"damage":9,"enemies":"conspire:RoseBush","floor":5,"turns":2},{"damage":56,"enemies":"conspire:RoseBush","floor":6,"turns":6},{"damage":14,"enemies":"infinitespire:Voidling","floor":8,"turns":3},{"damage":43,"enemies":"Lagavulin","floor":9,"turns":5},{"damage":14,"enemies":"Large Slime","floor":10,"turns":3},{"damage":10,"enemies":"3 Sentries","floor":11,"turns":5},{"damage":19,"enemies":"Gremlin Gang","floor":12,"turns":4},{"damage":9,"enemies":"3 Louse","floor":15,"turns":3},{"damage":51,"enemies":"DF_ARCHETYPE_STREAMLINE","floor":16,"turns":8},{"damage":11,"enemies":"3 Byrds","floor":19,"turns":4},{"damage":6,"enemies":"Shelled Parasite and Fungi","floor":20,"turns":4},{"damage":73,"enemies":"Nightmare","floor":23,"turns":8},{"damage":10,"enemies":"Centurion and Healer","floor":25,"turns":2},{"damage":12,"enemies":"Snake Plant","floor":26,"turns":3},{"damage":10,"enemies":"Sentry and Sphere","floor":27,"turns":2},{"damage":0,"enemies":"Snecko","floor":28,"turns":2},{"damage":5,"enemies":"downfall:FleeingMerchant","floor":29,"turns":4},{"damage":31,"enemies":"Shelled Parasite and Fungi","floor":31,"turns":4},{"damage":20,"enemies":"Chosen and Byrds","floor":32,"turns":3},{"damage":18,"enemies":"SI_MIRROR_ARCHETYPE","floor":33,"turns":7},{"damage":0,"enemies":"Orb Walker","floor":36,"turns":2},{"damage":14,"enemies":"3 Shapes","floor":37,"turns":2},{"damage":0,"enemies":"downfall:FleeingMerchant","floor":38,"turns":2},{"damage":20,"enemies":"Transient","floor":39,"turns":5},{"damage":0,"enemies":"Jaw Worm Horde","floor":46,"turns":2},{"damage":37,"enemies":"Nightmare","floor":48,"turns":5},{"damage":6,"enemies":"Sphere and 2 Shapes","floor":49,"turns":2},{"damage":18,"enemies":"WA_ARCHETYPE_DIVINITY","floor":50,"turns":4},{"damage":0,"enemies":"Jaw Worm","floor":53,"turns":1},{"damage":0,"enemies":"conspire:MimicChest","floor":55,"turns":1},{"damage":0,"enemies":"2 Louse","floor":56,"turns":2},{"damage":10,"enemies":"Gremlin Nob","floor":57,"turns":4},{"damage":119,"enemies":"Nightmare","floor":60,"turns":6},{"damage":0,"enemies":"Small Slimes","floor":61,"turns":2},{"damage":18,"enemies":"Blue Slaver","floor":62,"turns":2},{"damage":5,"enemies":"3 Louse","floor":65,"turns":1},{"damage":5,"enemies":"2 Fungi Beasts","floor":66,"turns":2},{"damage":10,"enemies":"Hexaghost","floor":67,"turns":1}],"seed_played":"-1707000489686230806","potions_obtained":[{"floor":6,"key":"Milkshake"},{"floor":9,"key":"Flashbang"},{"floor":11,"key":"sneckomod:MuddlingPotion"},{"floor":12,"key":"LifebloodPotion"},{"floor":16,"key":"Fire Potion"},{"floor":25,"key":"Explosive Potion"},{"floor":39,"key":"Explosive Potion"}],"is_trial":false,"path_per_floor":["R","$","?","M","M","?","T","M","E","M","E","M","R","?","M","B",null,"R","M","M","T","?","NM","T","M","M","M","M","$","R","M","M","B",null,"R_BF","M","M","$","M","R","T","AVR","T","?","R","M","?","NM","M","B",null,"R","M","$","?","M","E","T","R","NM","M","M","?","?","M","M","B",null],"character_chosen":"THE_CHAMP","items_purchased":["champ:GutPunch","champ:UltimateStance+1","HandDrill","Membership Card","Onion Ring","champ:IronFortress","Blue Doll","champ:SkillfulDodge"],"campfire_rested":6,"item_purchase_floors":[2,29,29,38,38,38,54,54],"current_hp_per_floor":[99,97,97,97,88,52,52,38,15,15,15,5,47,58,54,23,109,109,108,107,107,107,59,59,59,52,52,52,47,79,73,63,60,109,109,109,100,100,100,109,109,109,109,109,109,109,109,97,96,93,114,114,114,114,114,114,114,114,114,15,15,17,17,17,17,17,17,114,114,114],"gold":705,"neow_bonus":"TEN_PERCENT_HP_BONUS","is_daily":false,"chose_seed":false,"campfire_upgraded":1,"win_rate":0.0,"timestamp":1612028544,"path_taken":["R","$","?","M","M","?","T","?","E","M","E","M","R","?","M","BOSS","R","M","M","?","?","NM","T","M","M","?","?","$","R","M","M","BOSS","R_BF","M","M","$","M","R","T","AVR","?","?","R","M","?","NM","M","BOSS","R","M","$","?","M","?","T","R","NM","M","?","?","?","M","M","BOSS"],"items_purchased_type":["Card","Card","Relic","Relic","Relic","Card","Relic","Card"],"build_version":"2020-12-22","purchased_purges":0,"victory":false,"max_hp_per_floor":[99,99,99,99,99,99,99,99,99,99,99,99,109,109,109,109,109,109,109,109,109,109,109,109,109,109,109,109,109,109,109,109,109,109,109,109,109,109,109,109,109,109,109,109,109,109,109,109,109,109,114,114,114,114,114,114,114,114,114,114,114,114,114,114,114,114,114,114,114,114],"relic_stats":{"counters":[40,135],"Tiny Chest":3,"HandDrill":[52],"Letter Opener":[83],"obtain_stats":[{"Tiny House":51,"conspire:RoyalGoblet":34,"champ:ChampionCrown":0,"downfall:HeartBlessingGreen":13,"BrokenLever":41,"Blue Doll":54,"Hammer of Thor":0,"Bag of Preparation":11,"Pet Ghost":24,"ZombieTooth":48,"hubris:Icosahedron":63,"downfall:HeartBlessingBlue":13,"hubris:ScarierMask":17,"Tiny Chest":3,"HandDrill":29,"Replay:Wax Seal":55,"Replay:Bottled Eggs":58,"Toxic Egg 2":62,"downfall:HeartBlessingRed":13,"hubris:64BitClover":43,"Seething Fire":0,"Letter Opener":23,"hubris:Towel":47,"aspiration:IroncladSkillbook":68,"downfall:GremlinSack":6,"Anvil of the Gods":0,"Simple Rune":21,"Onion Ring":38,"Membership Card":38,"infinitespire:PuzzleCube":9},{"Tiny House":30,"conspire:RoyalGoblet":22,"champ:ChampionCrown":0,"downfall:HeartBlessingGreen":9,"BrokenLever":26,"Blue Doll":31,"Hammer of Thor":0,"Bag of Preparation":8,"Pet Ghost":14,"ZombieTooth":28,"hubris:Icosahedron":37,"downfall:HeartBlessingBlue":9,"hubris:ScarierMask":11,"Tiny Chest":1,"HandDrill":19,"Replay:Wax Seal":32,"Replay:Bottled Eggs":34,"Toxic Egg 2":37,"downfall:HeartBlessingRed":9,"hubris:64BitClover":26,"Seething Fire":0,"Letter Opener":14,"hubris:Towel":27,"aspiration:IroncladSkillbook":40,"downfall:GremlinSack":4,"Anvil of the Gods":0,"Simple Rune":13,"Onion Ring":25,"Membership Card":25,"infinitespire:PuzzleCube":6},{"Tiny House":113,"conspire:RoyalGoblet":89,"champ:ChampionCrown":0,"downfall:HeartBlessingGreen":35,"BrokenLever":100,"Blue Doll":114,"Hammer of Thor":0,"Bag of Preparation":31,"Pet Ghost":62,"ZombieTooth":107,"hubris:Icosahedron":131,"downfall:HeartBlessingBlue":35,"hubris:ScarierMask":46,"Tiny Chest":4,"HandDrill":75,"Replay:Wax Seal":115,"Replay:Bottled Eggs":121,"Toxic Egg 2":131,"downfall:HeartBlessingRed":35,"hubris:64BitClover":100,"Seething Fire":0,"Letter Opener":62,"hubris:Towel":102,"aspiration:IroncladSkillbook":135,"downfall:GremlinSack":15,"Anvil of the Gods":0,"Simple Rune":54,"Onion Ring":95,"Membership Card":95,"infinitespire:PuzzleCube":23}]},"card_choices":[{"not_picked":["champ:ShieldSlam","champ:AdrenalArmor"],"picked":"champ:PreciseThrust","floor":2},{"not_picked":["champ:EnGarde","champ:StanceDance"],"picked":"champ:EndlessRage","floor":4},{"not_picked":["champ:BladeFlurry","champ:GutPunch"],"picked":"champ:StanceDance","floor":5},{"not_picked":["champ:CalledShot","champ:SetATrap"],"picked":"champ:Shatter","floor":6},{"not_picked":["champ:BladeFlurry","champ:FocusedDefense"],"picked":"champ:HeartStrike","floor":8},{"not_picked":["champ:GladiatorForm","champ:GutPunch"],"picked":"champ:LastStand","floor":9},{"not_picked":["champ:PerfectedStrike","champ:EnGarde"],"picked":"champ:ShieldWall","floor":10},{"not_picked":["champ:GladiatorStyle","champ:FalseCounter"],"picked":"champ:SkillfulDodge","floor":11},{"not_picked":["champ:PerfectedStrike","champ:TornadoPunch"],"picked":"champ:Backstep","floor":12},{"not_picked":["champ:HoldFirm","champ:ShieldWall"],"picked":"champ:EnragedBash","floor":15},{"not_picked":["champ:PreciseThrust","champ:ShieldWall+1"],"picked":"champ:RisingSlash","floor":19},{"not_picked":["champ:AdrenalArmor+1","champ:TornadoPunch"],"picked":"champ:FlashCut","floor":20},{"not_picked":["champ:ShieldWall","champ:StrikeOfGenius"],"picked":"champ:Backstep+1","floor":23},{"not_picked":["champ:StanceDance","champ:SkillfulDodge"],"picked":"champ:FocusedBerserking+1","floor":25},{"not_picked":["champ:PreemptiveStrike","champ:DefensiveShout"],"picked":"champ:BringItOn","floor":26},{"not_picked":["champ:PreemptiveStrike+1","champ:FlashCut"],"picked":"champ:IronFortress","floor":27},{"not_picked":["champ:IronFortress+1","champ:Encircle"],"picked":"champ:AdrenalArmor","floor":28},{"not_picked":["champ:Circumvent","champ:Backstep"],"picked":"champ:BladeFlurry","floor":29},{"not_picked":["champ:HeartStrike","champ:EnGarde+1"],"picked":"champ:DeathBlow","floor":31},{"not_picked":["champ:PerfectedStrike+1","champ:DancingMaster"],"picked":"champ:GutPunch","floor":32},{"not_picked":["champ:CheapShot","champ:IgnorePain"],"picked":"champ:HoldFirm","floor":33},{"not_picked":["champ:Backstep+1","champ:AdrenalArmor"],"picked":"champ:TornadoPunch+1","floor":36},{"not_picked":["champ:EndlessRage+1","champ:DeathBlow+1"],"picked":"champ:PreciseThrust+1","floor":37},{"not_picked":["champ:FalseCounter+1","champ:Endure+1"],"picked":"champ:ShieldWall","floor":38},{"not_picked":["champ:Circumvent","champ:FanOfKnives+1"],"picked":"champ:FocusedBerserking","floor":39},{"not_picked":["champ:PreciseThrust+1","champ:TornadoPunch"],"picked":"champ:RisingSlash","floor":46},{"not_picked":["champ:BringItOn","champ:Backstep+1"],"picked":"champ:FancyFootwork","floor":48},{"not_picked":["champ:SkillfulDodge+1","champ:FlashCut+1"],"picked":"champ:FocusedDefense","floor":49},{"not_picked":["champ:SwordThrow","champ:IgnorePain"],"picked":"champ:HeavySlash","floor":50},{"not_picked":["champ:DefensiveShout","champ:TornadoPunch"],"picked":"champ:IronFortress+1","floor":51},{"not_picked":["champ:CalledShot","champ:FlashCut"],"picked":"champ:AdrenalArmor","floor":53},{"not_picked":["champ:AdrenalArmor","champ:DefensiveShout"],"picked":"champ:BladeFlurry","floor":56},{"not_picked":["champ:Backstep","champ:FalseCounter"],"picked":"champ:IronFortress","floor":57},{"not_picked":["infinitespire:Punishment","infinitespire:SealOfDarkness+"],"picked":"infinitespire:Starlight","floor":60},{"not_picked":["champ:BladeFlurry","champ:PreciseThrust","champ:UltimateStance"],"picked":"SKIP","floor":60},{"not_picked":["champ:FancyFootwork","champ:RisingSlash"],"picked":"champ:Backstep","floor":61},{"not_picked":["champ:Parry+1","champ:StanceDance+1"],"picked":"champ:BerserkersShout+1","floor":62},{"not_picked":["champ:BerserkersShout+1","champ:Parry+1"],"picked":"champ:PreemptiveStrike","floor":65},{"not_picked":["champ:FocusedBerserking+1","champ:FalseCounter+1"],"picked":"champ:BringItOn+1","floor":66},{"not_picked":["champ:CheapShot","champ:SwordThrow"],"picked":"champ:HeavySlash","floor":67},{"not_picked":["ReplayTheSpireMod:Black Plague","infinitespire:Starlight"],"picked":"infinitespire:FinalStrike","floor":67}],"player_experience":566371,"relics_obtained":[{"floor":6,"key":"downfall:GremlinSack"},{"floor":9,"key":"infinitespire:PuzzleCube"},{"floor":11,"key":"Bag of Preparation"},{"floor":21,"key":"Simple Rune"},{"floor":23,"key":"Letter Opener"},{"floor":24,"key":"Pet Ghost"},{"floor":41,"key":"BrokenLever"},{"floor":43,"key":"hubris:64BitClover"},{"floor":48,"key":"ZombieTooth"},{"floor":55,"key":"Replay:Wax Seal"},{"floor":58,"key":"Replay:Bottled Eggs"},{"floor":62,"key":"Toxic Egg 2"}],"event_choices":[{"damage_healed":0,"gold_gain":0,"player_choice":"Box","damage_taken":0,"relics_obtained":["Tiny Chest"],"max_hp_gain":0,"max_hp_loss":0,"event_name":"Big Fish","floor":3,"gold_loss":0,"cards_obtained":["Regret"]},{"damage_healed":0,"gold_gain":0,"player_choice":"Ignored","damage_taken":0,"max_hp_gain":0,"max_hp_loss":0,"event_name":"betterNote:BetterNote","floor":22,"gold_loss":0,"cards_obtained":["Slimebound:SlimeSpikes"]}],"is_beta":false,"boss_relics":[{"not_picked":["energizedSpire:RedRose","energizedSpire:NeverEndingSparkler"],"picked":"hubris:ScarierMask"},{"not_picked":["Replay:Drink Me","Kintsugi"],"picked":"conspire:RoyalGoblet"},{"not_picked":["conspire:RunicOctahedron","Replay:Wanted Poster"],"picked":"Tiny House"},{"not_picked":["aspiration:SilentSkillbook","Astrolabe"],"picked":"aspiration:IroncladSkillbook"}],"items_purged_floors":[],"is_endless":true,"potions_floor_spawned":[6,9,11,12,15,16,23,25,26,28,33,39,46,48,53,56,57,65,66],"ascension_level":0}}