{"host":"vm3f1ccwgbs4oygt","time":1612035633,"event":{"mods":["BaseMod","Bestiary","BetterRewards","Block Reminder","Colored Powertips","Highlight Path","Minty Spire (QoL Compilation)","Permanent Neow","Relic Stats","Shop Mod","StSLib"],"gold_per_floor":[111,129,54,67,82,112,112,151,151,151,151,151,220,44,44,170,170,190,215,215,238,238,238,273,296,349,385,399,399,31,54,54,183,183,197,44,107,122,122,161,192,192,192],"floor_reached":42,"language":"ENG","playtime":73748,"items_purged":["Strike_G","Injury","Defend_G"],"score":582,"play_id":"7b73e120-9237-49ea-b39a-26aab1178d90","local_time":"20210130204033","is_ascension_mode":true,"campfire_choices":[{"floor":10,"key":"REST"},{"data":"Neutralize","floor":12,"key":"SMITH"},{"data":"Unload","floor":15,"key":"SMITH"},{"data":"Night Terror","floor":23,"key":"SMITH"},{"data":"Concentrate","floor":29,"key":"SMITH"},{"data":"Noxious Fumes","floor":32,"key":"SMITH"}],"circlet_count":0,"master_deck":["Strike_G","Strike_G","Strike_G","Strike_G","Defend_G","Defend_G","Defend_G","Survivor","Neutralize+1","Flying Knee","Prepared","Choke","Blur","Terror","Unload+1","PiercingWail","Corpse Explosion","PiercingWail+1","Dash","Night Terror+1","Blade Dance","Noxious Fumes+1","Clumsy","Well Laid Plans","Concentrate+1","Noxious Fumes+1","Eviscerate+1","After Image","Skewer","Setup+1","Dodge and Roll","Footwork+1"],"relics":["Ring of the Snake","Toy Ornithopter","Golden Idol","HornCleat","Calipers","Cursed Key","Bird Faced Urn","PreservedInsect","Question Card","Black Star","Happy Flower","WingedGreaves","Dream Catcher","Snake Skull","Du-Vu Doll","Boot"],"acts_visited":["Exordium","TheCity","TheBeyond"],"potions_floor_usage":[6,16,16,24,28,28,33,33,40,40],"damage_taken":[{"damage":7,"enemies":"Jaw Worm","floor":1,"turns":5},{"damage":0,"enemies":"2 Louse","floor":2,"turns":3},{"damage":2,"enemies":"Small Slimes","floor":4,"turns":4},{"damage":3,"enemies":"Looter","floor":5,"turns":3},{"damage":35,"enemies":"Lagavulin","floor":6,"turns":10},{"damage":31,"enemies":"3 Sentries","floor":8,"turns":14},{"damage":9,"enemies":"Slime Boss","floor":16,"turns":8},{"damage":10,"enemies":"Spheric Guardian","floor":18,"turns":5},{"damage":13,"enemies":"3 Byrds","floor":19,"turns":5},{"damage":0,"enemies":"3 Cultists","floor":21,"turns":3},{"damage":19,"enemies":"Slavers","floor":24,"turns":3},{"damage":4,"enemies":"Snake Plant","floor":25,"turns":4},{"damage":0,"enemies":"Gremlin Leader","floor":27,"turns":4},{"damage":9,"enemies":"Centurion and Healer","floor":28,"turns":3},{"damage":0,"enemies":"3 Cultists","floor":31,"turns":3},{"damage":37,"enemies":"Collector","floor":33,"turns":7},{"damage":6,"enemies":"3 Darklings","floor":35,"turns":4},{"damage":0,"enemies":"Mind Bloom Boss Battle","floor":37,"turns":7},{"damage":16,"enemies":"3 Shapes","floor":38,"turns":4},{"damage":3,"enemies":"Reptomancer","floor":40,"turns":6},{"damage":55,"enemies":"Nemesis","floor":41,"turns":7},{"damage":27,"enemies":"Reptomancer","floor":42,"turns":3}],"seed_played":"-6964872454057710015","potions_obtained":[{"floor":0,"key":"GhostInAJar"},{"floor":0,"key":"FairyPotion"},{"floor":0,"key":"DistilledChaos"},{"floor":19,"key":"CunningPotion"},{"floor":25,"key":"FearPotion"},{"floor":27,"key":"SkillPotion"},{"floor":35,"key":"DuplicationPotion"},{"floor":38,"key":"BlessingOfTheForge"}],"is_trial":false,"path_per_floor":["M","M","$","M","M","E","?","E","T","R","?","R","?","$","R","B",null,"M","M","?","M","?","R","E","M","T","E","M","R","$","M","R","B",null,"M","$","?","M","?","E","E","E"],"character_chosen":"THE_SILENT","items_purchased":["PiercingWail","Energy Potion","Noxious Fumes","CunningPotion","SneckoOil","Happy Flower"],"campfire_rested":1,"item_purchase_floors":[14,14,30,30,30,36],"current_hp_per_floor":[63,63,63,61,58,23,23,21,21,42,42,42,42,42,42,43,70,60,47,47,47,70,70,51,47,47,47,50,50,50,56,56,33,70,64,64,70,54,54,68,21,0,0],"gold":192,"neow_bonus":"THREE_SMALL_POTIONS","is_daily":false,"chose_seed":false,"campfire_upgraded":5,"win_rate":0.0,"timestamp":1612035633,"path_taken":["M","M","$","M","M","E","?","E","T","R","?","R","?","$","R","BOSS","M","M","?","M","?","R","E","M","T","E","M","R","$","M","R","BOSS","M","$","?","M","?","E","E","E"],"items_purchased_type":["Card","Potion","Card","Potion","Potion","Relic"],"build_version":"2020-12-22","purchased_purges":3,"victory":false,"max_hp_per_floor":[70,70,70,70,70,70,70,70,70,70,70,70,70,70,70,70,70,70,70,70,70,70,70,70,70,70,70,70,70,70,70,70,70,70,70,70,70,70,70,70,70,70,70],"relic_stats":{"Happy Flower":[9],"counters":[22,115],"Golden Idol":133,"PreservedInsect":209,"Snake Skull":[8],"Cursed Key":1,"Question Card":8,"Boot":[0],"Dream Catcher":0,"Bird Faced Urn":[33],"Black Star":2,"obtain_stats":[{"Calipers":9,"Happy Flower":36,"Golden Idol":7,"PreservedInsect":26,"Snake Skull":40,"Cursed Key":17,"Question Card":27,"Boot":41,"Du-Vu Doll":41,"Dream Catcher":40,"HornCleat":8,"Bird Faced Urn":24,"WingedGreaves":37,"Black Star":34,"Toy Ornithopter":6,"Ring of the Snake":0},{"Calipers":6,"Happy Flower":17,"Golden Idol":5,"PreservedInsect":12,"Snake Skull":20,"Cursed Key":7,"Question Card":13,"Boot":21,"Du-Vu Doll":21,"Dream Catcher":20,"HornCleat":6,"Bird Faced Urn":11,"WingedGreaves":18,"Black Star":16,"Toy Ornithopter":5,"Ring of the Snake":0},{"Calipers":39,"Happy Flower":88,"Golden Idol":25,"PreservedInsect":67,"Snake Skull":105,"Cursed Key":47,"Question Card":71,"Boot":112,"Du-Vu Doll":112,"Dream Catcher":105,"HornCleat":39,"Bird Faced Urn":63,"WingedGreaves":95,"Black Star":84,"Toy Ornithopter":25,"Ring of the Snake":0}],"Toy Ornithopter":40,"Ring of the Snake":[44]},"card_choices":[{"not_picked":["Distraction","Deflect"],"picked":"Flying Knee","floor":1},{"not_picked":["Slice","Caltrops"],"picked":"Prepared","floor":2},{"not_picked":["Quick Slash","Underhanded Strike"],"picked":"Choke","floor":4},{"not_picked":["Masterful Stab","Backflip"],"picked":"Blur","floor":5},{"not_picked":["Setup","Sucker Punch"],"picked":"Terror","floor":6},{"not_picked":["Setup","Escape Plan"],"picked":"Unload","floor":8},{"not_picked":["Phantasmal Killer","Doppelganger"],"picked":"Corpse Explosion","floor":16},{"not_picked":["Sucker Punch","Quick Slash"],"picked":"PiercingWail+1","floor":18},{"not_picked":["Backflip+1","Bane+1"],"picked":"Dash","floor":19},{"not_picked":["Distraction","Concentrate"],"picked":"Night Terror","floor":21},{"not_picked":["Poisoned Stab","Doppelganger"],"picked":"Blade Dance","floor":24},{"not_picked":["Sucker Punch","PiercingWail"],"picked":"Noxious Fumes+1","floor":25},{"not_picked":["Deadly Poison","Burst"],"picked":"Well Laid Plans","floor":27},{"not_picked":["Prepared","Dash","Blur"],"picked":"Concentrate","floor":28},{"not_picked":["Blur+1","Deadly Poison","Poisoned Stab"],"picked":"Eviscerate+1","floor":31},{"not_picked":["Burst","Doppelganger","Envenom"],"picked":"After Image","floor":33},{"not_picked":["Prepared","Quick Slash+1","Escape Plan"],"picked":"Skewer","floor":35},{"not_picked":["Poisoned Stab+1","Dagger Spray","Flying Knee"],"picked":"Setup+1","floor":37},{"not_picked":["Backstab+1","Endless Agony+1","Prepared+1"],"picked":"Dodge and Roll","floor":38},{"not_picked":["Calculated Gamble","Sucker Punch","Endless Agony+1","Quick Slash"],"picked":"SKIP","floor":40},{"not_picked":["Flying Knee","Cloak And Dagger","A Thousand Cuts"],"picked":"Footwork+1","floor":41}],"player_experience":993744,"relics_obtained":[{"floor":6,"key":"Toy Ornithopter"},{"floor":8,"key":"HornCleat"},{"floor":9,"key":"Calipers"},{"floor":24,"key":"Bird Faced Urn"},{"floor":26,"key":"PreservedInsect"},{"floor":27,"key":"Question Card"},{"floor":37,"key":"WingedGreaves"},{"floor":40,"key":"Dream Catcher"},{"floor":40,"key":"Snake Skull"},{"floor":41,"key":"Du-Vu Doll"},{"floor":41,"key":"Boot"}],"event_choices":[{"damage_healed":0,"gold_gain":0,"player_choice":"Take Wound","damage_taken":0,"relics_obtained":["Golden Idol"],"max_hp_gain":0,"max_hp_loss":0,"event_name":"Golden Idol","floor":7,"gold_loss":0,"cards_obtained":["Injury"]},{"damage_healed":0,"gold_gain":0,"player_choice":"Ignored","damage_taken":0,"max_hp_gain":0,"max_hp_loss":0,"event_name":"Liars Game","floor":11,"gold_loss":0},{"damage_healed":0,"gold_gain":69,"player_choice":"Gained Gold","damage_taken":0,"max_hp_gain":0,"max_hp_loss":0,"event_name":"Golden Wing","floor":13,"gold_loss":0},{"damage_healed":0,"gold_gain":0,"player_choice":"Ignored","damage_taken":0,"max_hp_gain":0,"max_hp_loss":0,"event_name":"Vampires","floor":20,"gold_loss":0},{"damage_healed":23,"gold_gain":0,"player_choice":"Heal","damage_taken":0,"max_hp_gain":0,"max_hp_loss":0,"event_name":"The Library","floor":22,"gold_loss":0},{"damage_healed":0,"gold_gain":0,"player_choice":"Fight","damage_taken":0,"max_hp_gain":0,"max_hp_loss":0,"event_name":"MindBloom","floor":37,"gold_loss":0},{"cards_removed":["Defend_G"],"damage_healed":0,"gold_gain":0,"player_choice":"Removed Skill","damage_taken":0,"max_hp_gain":0,"max_hp_loss":0,"event_name":"Falling","floor":39,"gold_loss":0}],"is_beta":false,"boss_relics":[{"not_picked":["Astrolabe","Tiny House"],"picked":"Cursed Key"},{"not_picked":["Pandora\u0027s Box","Velvet Choker"],"picked":"Black Star"}],"items_purged_floors":[3,14,30],"is_endless":false,"potions_floor_spawned":[1,5,19,25,27,35,38],"killed_by":"Reptomancer","ascension_level":2}}