{"host":"vqgrg90fv56geajp","time":1612039083,"event":{"mods":["BaseMod","Colored Map","Colored Powertips","Minty Spire (QoL Compilation)","Quick Restart","Rare Cards Sparkle","Relic Stats"],"gold_per_floor":[110,130,147,166,166,166,3,3,28,63,213,245,245,273,273,273,273],"floor_reached":16,"language":"ENG","playtime":682,"items_purged":[],"score":286,"play_id":"3d34c564-3e30-403b-adc8-91f760c64b1b","local_time":"20210130223803","is_ascension_mode":true,"campfire_choices":[{"floor":8,"key":"REST"},{"floor":13,"key":"REST"},{"floor":15,"key":"REST"}],"circlet_count":0,"master_deck":["AscendersBane","Strike_G","Strike_G","Strike_G","Strike_G","Strike_G","Defend_G","Defend_G","Defend_G","Defend_G","Defend_G","Survivor","Neutralize","CurseOfTheBell","Underhanded Strike","Calculated Gamble","Footwork","Blade Dance","Regret","Accuracy","Doubt","Eviscerate","Tactician"],"relics":["Calling Bell","Akabeko","StrikeDummy","Gambling Chip","Bag of Preparation","Shovel","Membership Card","Blood Vial","Ornamental Fan","Vajra","Girya"],"acts_visited":["Exordium"],"potions_floor_usage":[12,16,16,16,16],"damage_taken":[{"damage":0,"enemies":"2 Louse","floor":1,"turns":3},{"damage":0,"enemies":"Small Slimes","floor":2,"turns":3},{"damage":2,"enemies":"Jaw Worm","floor":3,"turns":5},{"damage":7,"enemies":"Looter","floor":4,"turns":3},{"damage":2,"enemies":"Gremlin Nob","floor":10,"turns":3},{"damage":26,"enemies":"Lagavulin","floor":12,"turns":7},{"damage":2,"enemies":"3 Sentries","floor":14,"turns":4},{"damage":61,"enemies":"The Guardian","floor":16,"turns":13}],"seed_played":"36903926699125893","potions_obtained":[{"floor":2,"key":"PowerPotion"},{"floor":10,"key":"Explosive Potion"},{"floor":12,"key":"SteroidPotion"},{"floor":14,"key":"EntropicBrew"}],"is_trial":false,"path_per_floor":["M","M","M","M","?","?","$","R","T","E","?","E","R","E","R","B"],"character_chosen":"THE_SILENT","items_purchased":["Membership Card"],"campfire_rested":3,"item_purchase_floors":[7],"current_hp_per_floor":[59,59,57,50,50,24,24,43,43,43,43,19,38,38,57,0,0],"gold":273,"neow_bonus":"BOSS_RELIC","is_daily":false,"chose_seed":false,"campfire_upgraded":0,"win_rate":0.0,"timestamp":1612039083,"path_taken":["M","M","M","M","?","?","$","R","T","E","?","E","R","E","R","BOSS"],"items_purchased_type":["Relic"],"build_version":"2020-12-22","purchased_purges":0,"victory":false,"max_hp_per_floor":[66,66,66,66,66,66,66,66,66,66,66,66,66,66,66,66,66],"relic_stats":{"Blood Vial":8,"Shovel":0,"counters":[8,41],"Ornamental Fan":[44],"Gambling Chip":[33],"Bag of Preparation":[8],"obtain_stats":[{"Calling Bell":0,"Blood Vial":9,"Girya":14,"Shovel":6,"Ornamental Fan":10,"Gambling Chip":0,"Vajra":12,"Bag of Preparation":5,"Membership Card":7,"StrikeDummy":0,"Akabeko":0,"Ring of the Snake":0},{"Calling Bell":0,"Blood Vial":4,"Girya":7,"Shovel":4,"Ornamental Fan":5,"Gambling Chip":0,"Vajra":6,"Bag of Preparation":4,"Membership Card":4,"StrikeDummy":0,"Akabeko":0,"Ring of the Snake":0},{"Calling Bell":0,"Blood Vial":14,"Girya":28,"Shovel":14,"Ornamental Fan":17,"Gambling Chip":0,"Vajra":24,"Bag of Preparation":14,"Membership Card":14,"StrikeDummy":0,"Akabeko":0,"Ring of the Snake":0}]},"card_choices":[{"not_picked":["Quick Slash","Outmaneuver"],"picked":"Underhanded Strike","floor":1},{"not_picked":["Masterful Stab","Predator"],"picked":"Calculated Gamble","floor":2},{"not_picked":["Well Laid Plans","Outmaneuver"],"picked":"Footwork","floor":3},{"not_picked":["Sucker Punch","Flying Knee"],"picked":"Blade Dance","floor":4},{"not_picked":["Backflip","Grand Finale"],"picked":"Accuracy","floor":10},{"not_picked":["PiercingWail","Sucker Punch"],"picked":"Eviscerate","floor":12},{"not_picked":["Bane","Underhanded Strike"],"picked":"Tactician","floor":14}],"player_experience":2519517,"relics_obtained":[{"floor":0,"key":"Akabeko"},{"floor":0,"key":"StrikeDummy"},{"floor":0,"key":"Gambling Chip"},{"floor":9,"key":"Blood Vial"},{"floor":10,"key":"Ornamental Fan"},{"floor":12,"key":"Vajra"},{"floor":14,"key":"Girya"}],"event_choices":[{"damage_healed":0,"gold_gain":0,"player_choice":"Box","damage_taken":0,"relics_obtained":["Bag of Preparation"],"max_hp_gain":0,"max_hp_loss":0,"event_name":"Big Fish","floor":5,"gold_loss":0,"cards_obtained":["Regret"]},{"damage_healed":0,"gold_gain":0,"player_choice":"Success","damage_taken":26,"relics_obtained":["Shovel"],"max_hp_gain":0,"max_hp_loss":0,"event_name":"Scrap Ooze","floor":6,"gold_loss":0},{"damage_healed":0,"gold_gain":150,"player_choice":"AGREE","damage_taken":0,"max_hp_gain":0,"max_hp_loss":0,"event_name":"Liars Game","floor":11,"gold_loss":0,"cards_obtained":["Doubt"]}],"is_beta":false,"boss_relics":[],"items_purged_floors":[],"is_endless":false,"potions_floor_spawned":[2,10,12,14],"killed_by":"The Guardian","ascension_level":20}}