{"host":"l15sdf2mmi0nobpi","time":1612007999,"event":{"mods":["ATMod(阿瑾Mod)","BaseMod","Highlight Path","Minty Spire (QoL Compilation)","Quick Restart","Remilia（蕾米莉亚）","StSLib","【功能Mod】Neow奖励"],"gold_per_floor":[118,118,129,54,54,82,82,97,97,97,23,23,66,82,82,178,178,202,215,21,44,44,120,120,173,173,229,288,346,430,493,493,626,626,690,143,143,193,211,249,15,15,41,75,120,120,203,291,291,331,371,371,371,57,135,155],"floor_reached":57,"language":"ZHS","playtime":4202,"items_purged":["Pain","Strike_RM","Strike_RM","Strike_RM"],"score":2885,"play_id":"863282cc-ea5b-4212-b811-b701a37c4822","local_time":"20210130195959","is_ascension_mode":true,"campfire_choices":[{"data":"ScarletImprint","floor":7.0,"key":"SMITH"},{"data":"SuperhumanBloodyKnife","floor":12.0,"key":"SMITH"},{"floor":15.0,"key":"RECALL"},{"data":"Apotheosis","floor":24.0,"key":"SMITH"},{"data":"ScarletImprint","floor":32.0,"key":"SMITH"}],"circlet_count":0,"master_deck":["AscendersBane","Strike_RM","Defend_RM","Defend_RM","Defend_RM","Defend_RM","RedMoon","ScarletShoot","AT_Desolate+1","SuperhumanBloodyKnife+1","ScarletImprint+1","FitfulNightmare+1","ScarletMeister+1","FavorOfDestiny","Apotheosis+1","FavorOfDestiny","UltimateOffering+1","ScarletImprint+1","EternalNight+1","ScarletMeister+1","ScarletSymphony+1"],"relics":["ScarletHat","DevilEmblem","AT_ATBox","WarpedTongs","Eternal Feather","Frozen Egg 2","Golden Idol","Pantograph","Coffee Dripper","Art of War","AT_SilvercatRing","Mercury Hourglass","Boot","Fusion Hammer","Lantern","HornCleat","Pear","White Beast Statue","AT_LudenTempest","AT_SunfireAegis","AT_ChloranthyRing"],"acts_visited":["Exordium","TheCity","TheBeyond","TheEnding"],"potions_floor_usage":[56],"damage_taken":[{"damage":2.0,"enemies":"Small Slimes","floor":1.0,"turns":3.0},{"damage":5.0,"enemies":"Cultist","floor":3.0,"turns":4.0},{"damage":17.0,"enemies":"Lagavulin","floor":6.0,"turns":6.0},{"damage":2.0,"enemies":"Jaw Worm","floor":8.0,"turns":2.0},{"damage":10.0,"enemies":"3 Sentries","floor":13.0,"turns":9.0},{"damage":0.0,"enemies":"Exordium Wildlife","floor":14.0,"turns":2.0},{"damage":42.0,"enemies":"Hexaghost","floor":16.0,"turns":8.0},{"damage":2.0,"enemies":"3 Byrds","floor":18.0,"turns":5.0},{"damage":9.0,"enemies":"2 Thieves","floor":19.0,"turns":3.0},{"damage":19.0,"enemies":"Snake Plant","floor":21.0,"turns":4.0},{"damage":12.0,"enemies":"Gremlin Leader","floor":23.0,"turns":5.0},{"damage":37.0,"enemies":"3 Cultists","floor":25.0,"turns":5.0},{"damage":22.0,"enemies":"Book of Stabbing","floor":27.0,"turns":5.0},{"damage":25.0,"enemies":"Shelled Parasite and Fungi","floor":28.0,"turns":5.0},{"damage":1.0,"enemies":"Snecko","floor":29.0,"turns":4.0},{"damage":25.0,"enemies":"Slavers","floor":30.0,"turns":6.0},{"damage":9.0,"enemies":"3 Cultists","floor":31.0,"turns":4.0},{"damage":61.0,"enemies":"Collector","floor":33.0,"turns":5.0},{"damage":65.0,"enemies":"3 Shapes","floor":35.0,"turns":5.0},{"damage":9.0,"enemies":"Orb Walker","floor":39.0,"turns":2.0},{"damage":0.0,"enemies":"Nemesis","floor":40.0,"turns":3.0},{"damage":37.0,"enemies":"3 Darklings","floor":44.0,"turns":3.0},{"damage":24.0,"enemies":"Sphere and 2 Shapes","floor":45.0,"turns":4.0},{"damage":49.0,"enemies":"Giant Head","floor":47.0,"turns":5.0},{"damage":27.0,"enemies":"2 Orb Walkers","floor":48.0,"turns":4.0},{"damage":66.0,"enemies":"Donu and Deca","floor":50.0,"turns":4.0},{"damage":94.0,"enemies":"Time Eater","floor":51.0,"turns":7.0},{"damage":61,"enemies":"Shield and Spear","floor":55,"turns":5},{"damage":126,"enemies":"The Heart","floor":56,"turns":6}],"seed_played":"-3268505928911941609","potions_obtained":[{"floor":3.0,"key":"ColorlessPotion"},{"floor":8.0,"key":"Fruit Juice"},{"floor":18.0,"key":"PowerPotion"},{"floor":44.0,"key":"Energy Potion"},{"floor":48.0,"key":"Fruit Juice"},{"floor":55,"key":"BlessingOfTheForge"}],"is_trial":false,"path_per_floor":["M","?","M","$","?","E","R","M","T","?","$","R","E","M","R","B",null,"M","M","$","M","?","E","R","M","T","E","M","M","E","M","R","B",null,"M","$","?","?","M","E","$","R","T","M","M","$","E","?","R","B","B",null,"R","$","E","B",null],"character_chosen":"REMILIA","items_purchased":["FitfulNightmare+1","Apotheosis","Lantern","HornCleat","Fruit Juice","AT_SunfireAegis"],"campfire_rested":0,"item_purchase_floors":[11,20,36,36,41,54],"current_hp_per_floor":[63,63,58,58,58,45,51,52,52,52,52,61,53,53,62,41,58,64,61,61,42,42,50,59,33,33,42,35,47,35,44,56,46,63,14,14,14,14,5,59,64,76,76,41,29,29,56,59,71,72,66,83,88,88,29,58],"gold":155,"neow_bonus":"THREE_CARDS","is_daily":false,"chose_seed":false,"campfire_upgraded":4,"win_rate":0.0,"timestamp":1612007999,"path_taken":["M","?","?","$","?","E","R","M","T","?","?","R","E","M","R","BOSS","M","M","$","M","?","E","R","M","T","E","?","M","E","M","R","BOSS","M","$","?","?","M","E","$","R","T","?","M","?","E","?","R","BOSS","BOSS","R","$","E","BOSS"],"items_purchased_type":["Card","Card","Relic","Relic","Potion","Relic"],"build_version":"2020-12-22","purchased_purges":4,"victory":true,"max_hp_per_floor":[70,70,70,70,70,70,70,70,70,63,63,63,63,63,63,63,63,68,68,68,68,68,68,68,68,68,68,68,68,68,68,68,68,68,68,68,68,68,68,78,83,83,83,83,83,83,83,88,88,88,88,88,88,88,88,88],"card_choices":[{"not_picked":["CharismaGuard","Stigmanizer"],"picked":"SuperhumanBloodyKnife","floor":0.0},{"not_picked":["BloodHunter","EmergencyRegeneration","NightDance"],"picked":"SKIP","floor":1.0},{"not_picked":["SuperhumanBloodyKnife","RedRainbow","EndlessAdversity"],"picked":"SKIP","floor":3.0},{"not_picked":["BlasphemousPunishment","MiserableFate"],"picked":"ScarletImprint","floor":6.0},{"not_picked":["CharismaGuard","VampireSweep","DiffusionOfMisfortune"],"picked":"SKIP","floor":8.0},{"not_picked":["Maim","BloodHunter","ScarletDevilSign"],"picked":"SKIP","floor":13.0},{"not_picked":["MastersStateliness+1","Maim","BloodHunter"],"picked":"SKIP","floor":14.0},{"not_picked":["KillingBlow","BatForm+1"],"picked":"ScarletMeister+1","floor":16.0},{"not_picked":["AfternoonTea","DiffusionOfMisfortune","BloodyTrap"],"picked":"SKIP","floor":18.0},{"not_picked":["CharismaGuard+1","MillenniumVampire"],"picked":"FavorOfDestiny","floor":19.0},{"not_picked":["MastersStateliness+1","EndlessAdversity"],"picked":"FavorOfDestiny","floor":21.0},{"not_picked":["DevilSight","ScarletGensokyo","DiffusionOfMisfortune"],"picked":"SKIP","floor":23.0},{"not_picked":["ScarletDream","MiserableFate","EndlessAdversity"],"picked":"SKIP","floor":25.0},{"not_picked":["TwelveNightmare+1","NightDance","MillenniumVampire"],"picked":"SKIP","floor":27.0},{"not_picked":["VampirishNight","GlobalNightmare"],"picked":"UltimateOffering","floor":28.0},{"not_picked":["FavorOfDestiny","ScarletDream","NightDance+1"],"picked":"SKIP","floor":29.0},{"not_picked":["ReincarnationDial","UnderTheZenith","ScarletGensokyo"],"picked":"SKIP","floor":30.0},{"not_picked":["UnstableMagic","CharismaGuard+1"],"picked":"ScarletImprint","floor":31.0},{"not_picked":["ScarletDevil","UnstableMagic"],"picked":"EternalNight","floor":35.0},{"not_picked":["VampireClaw","BloodyTrap","Stigmanizer"],"picked":"SKIP","floor":39.0},{"not_picked":["ChainGang","BloodHunter+1","ScarletImprint"],"picked":"SKIP","floor":40.0},{"not_picked":["ChainGang","BloodHunter+1","ScarletImprint"],"picked":"SKIP","floor":40.0},{"not_picked":["SuperhumanBloodyKnife","BombardNight","StarOfDavid"],"picked":"SKIP","floor":44.0},{"not_picked":["BombardNight","UnderTheZenith","ScarletGensokyo"],"picked":"SKIP","floor":45.0},{"not_picked":["CharismaGuard+1","ScarletGensokyo"],"picked":"ScarletMeister+1","floor":47.0},{"not_picked":["DevilSight","EndlessAdversity"],"picked":"ScarletSymphony","floor":48.0},{"not_picked":["NightDance","HunterOfTheNight","FavorOfDestiny"],"picked":"SKIP","floor":55},{"not_picked":["NightDance","HunterOfTheNight","FavorOfDestiny"],"picked":"SKIP","floor":55}],"player_experience":734710,"relics_obtained":[{"floor":6.0,"key":"Eternal Feather"},{"floor":9.0,"key":"Frozen Egg 2"},{"floor":13.0,"key":"Pantograph"},{"floor":23.0,"key":"Art of War"},{"floor":26.0,"key":"AT_SilvercatRing"},{"floor":27.0,"key":"Mercury Hourglass"},{"floor":30.0,"key":"Boot"},{"floor":40.0,"key":"Pear"},{"floor":47.0,"key":"White Beast Statue"},{"floor":48.0,"key":"AT_LudenTempest"},{"floor":55,"key":"AT_ChloranthyRing"}],"event_choices":[{"damage_healed":0.0,"max_hp_gain":0.0,"max_hp_loss":0.0,"gold_gain":0.0,"event_name":"Accursed Blacksmith","player_choice":"Rummage","floor":2.0,"gold_loss":0.0,"damage_taken":0.0,"relics_obtained":["WarpedTongs"],"cards_obtained":["Pain"]},{"damage_healed":0.0,"max_hp_gain":0.0,"max_hp_loss":0.0,"gold_gain":0.0,"event_name":"Living Wall","player_choice":"Grow","floor":5.0,"gold_loss":0.0,"damage_taken":0.0,"cards_upgraded":["AT_Desolate"]},{"damage_healed":0.0,"max_hp_gain":0.0,"max_hp_loss":7.0,"gold_gain":0.0,"event_name":"Golden Idol","player_choice":"Lose Max HP","floor":10.0,"gold_loss":0.0,"damage_taken":0.0,"relics_obtained":["Golden Idol"]},{"damage_healed":0.0,"max_hp_gain":0.0,"max_hp_loss":0.0,"gold_gain":0.0,"event_name":"N\u0027loth","player_choice":"Ignored","floor":22.0,"gold_loss":0.0,"damage_taken":0.0},{"damage_healed":0.0,"max_hp_gain":0.0,"max_hp_loss":0.0,"gold_gain":0.0,"event_name":"SensoryStone","player_choice":"Memory 1","floor":37.0,"gold_loss":0.0,"damage_taken":0.0},{"damage_healed":0.0,"max_hp_gain":0.0,"max_hp_loss":0.0,"gold_gain":50.0,"event_name":"Golden Shrine","player_choice":"Pray","floor":38.0,"gold_loss":0.0,"damage_taken":0.0},{"damage_healed":0.0,"max_hp_gain":0.0,"max_hp_loss":0.0,"gold_gain":0.0,"event_name":"Mysterious Sphere","player_choice":"Fight","floor":48.0,"gold_loss":0.0,"damage_taken":0.0}],"is_beta":false,"boss_relics":[{"not_picked":["Sozu","Velvet Choker"],"picked":"Coffee Dripper"},{"not_picked":["APieceOfRedMist","Black Star"],"picked":"Fusion Hammer"}],"items_purged_floors":[4,36,41,54],"is_endless":false,"potions_floor_spawned":[3,8,18,21,23,29,31,39,44,45,48,55],"ascension_level":20}}