{"host":"n1v11un6j7y72mz7","time":1612028172,"event":{"mods":["ATMod(°¢èªMod)","BaseMod","Downfall","KomeijiMod","Minty Spire (QoL Compilation)","READ ME - Guardian Mod","StSLib","Waifu the Spire"],"gold_per_floor":[99,119,219,237,251,267,267,167,187,187,187,187,187,205,225,327,327,327,86,98,116,136,149,172,172,176,176,211,228,128,156,168,272,272,272,282,302,302,34,44,44,61,72,121,221,121,132,42,57,57,57,82,6,6,6,6],"floor_reached":57,"language":"ZHS","playtime":3250,"items_purged":["bronze:Strike","bronze:Strike","bronze:Strike"],"score":1315,"play_id":"af441253-9454-4d6a-8190-7723ef36b32a","local_time":"20210131013612","is_ascension_mode":false,"campfire_choices":[{"floor":1,"key":"RECALL"},{"data":"bronze:Goto","floor":8,"key":"SMITH"},{"data":"bronze:Verify","floor":11,"key":"SMITH"},{"data":"AT_EmpoweredMortalDraw","floor":18,"key":"SMITH"},{"data":"bronze:Optimize","floor":25,"key":"SMITH"},{"data":"AT_ChampionStep","floor":30,"key":"SMITH"},{"data":"bronze:Hardcode","floor":35,"key":"SMITH"},{"data":"bronze:FindAndReplace","floor":46,"key":"SMITH"},{"data":"bronze:MaxOutput","floor":54,"key":"SMITH"}],"circlet_count":0,"master_deck":["bronze:Strike","bronze:Defend","bronze:Defend","bronze:Defend","bronze:Defend","bronze:Replicate","bronze:Goto+1","AT_ChampionStep+1","bronze:Verify+1","bronze:CutThrough","bronze:Separator","bronze:Branch","bronze:Repair","bronze:BronzeOrb","bronze:Frontload","bronze:AlphaBuild","AT_EmpoweredMortalDraw+1","bronze:FindAndReplace+1","bronze:Optimize+1","bronze:GetLatest+1","bronze:Allocate+1","bronze:Boost","bronze:Refactor+1","Apotheosis","Finesse","bronze:BronzeOrb","bronze:Repulsor","bronze:ItsAFeature","bronze:BuggyMess+1","bronze:ChildClass+1","bronze:MaxOutput+1","bronze:BitShift+1","bronze:Overheat","bronze:Invalidate+1","expansioncontent:YouAreMine","bronze:Turbo+1","bronze:InfiniteLoop","bronze:MaxOutput+1"],"relics":["bronze:BronzeCore","AT_ATBox","Mummified Hand","downfall:HeartBlessingRed","StoneCalendar","downfall:ShatteredFragment","AT_MortalBlade","Medical Kit","AT_ChloranthyRing","Bottled Lightning","Bird Faced Urn","downfall:HeartBlessingGreen","Toy Ornithopter","AT_TrinityForce","Guardian:PocketSentry","TungstenRod","downfall:HeartBlessingBlue","KyoryuNoHagoromo"],"acts_visited":["Exordium","TheCity","TheBeyond","TheEnding"],"potions_floor_usage":[9,28,31,50,56,56],"damage_taken":[{"damage":1,"enemies":"Cultist","floor":2,"turns":4},{"damage":8,"enemies":"Jaw Worm","floor":4,"turns":3},{"damage":7,"enemies":"Small Slimes","floor":5,"turns":4},{"damage":7,"enemies":"Blue Slaver","floor":6,"turns":2},{"damage":8,"enemies":"Large Slime","floor":9,"turns":5},{"damage":0,"enemies":"3 Louse","floor":14,"turns":2},{"damage":0,"enemies":"Red Slaver","floor":15,"turns":2},{"damage":19,"enemies":"SI_SHIV_ARCHETYPE","floor":16,"turns":9},{"damage":10,"enemies":"downfall:FleeingMerchant","floor":19,"turns":4},{"damage":0,"enemies":"Chosen","floor":20,"turns":2},{"damage":3,"enemies":"Shelled Parasite and Fungi","floor":21,"turns":3},{"damage":0,"enemies":"Chosen and Byrds","floor":22,"turns":1},{"damage":0,"enemies":"Cultist and Chosen","floor":23,"turns":3},{"damage":5,"enemies":"downfall:FleeingMerchant","floor":26,"turns":4},{"damage":18,"enemies":"Gremlin Leader","floor":28,"turns":5},{"damage":0,"enemies":"3 Cultists","floor":29,"turns":2},{"damage":0,"enemies":"Slavers","floor":31,"turns":3},{"damage":0,"enemies":"Centurion and Healer","floor":32,"turns":2},{"damage":0,"enemies":"IC_MUSHROOM_ARCHETYPE","floor":33,"turns":3},{"damage":0,"enemies":"3 Shapes","floor":36,"turns":1},{"damage":0,"enemies":"Orb Walker","floor":37,"turns":1},{"damage":0,"enemies":"Maw","floor":40,"turns":3},{"damage":0,"enemies":"Sphere and 2 Shapes","floor":42,"turns":1},{"damage":0,"enemies":"4 Shapes","floor":43,"turns":1},{"damage":0,"enemies":"2 Orb Walkers","floor":44,"turns":2},{"damage":0,"enemies":"Maw","floor":47,"turns":2},{"damage":0,"enemies":"Sphere and 2 Shapes","floor":49,"turns":2},{"damage":13,"enemies":"DF_ARCHETYPE_ORBS","floor":50,"turns":3},{"damage":0,"enemies":"downfall:CharBossMerchant","floor":52,"turns":3},{"damage":18,"enemies":"downfall:NeowBoss","floor":55,"turns":8},{"damage":71,"enemies":"downfall:NeowBossFinal","floor":56,"turns":5}],"seed_played":"-5700955192477215443","potions_obtained":[{"floor":5,"key":"Slimebound:ThreeZeroPotion"},{"floor":6,"key":"Regen Potion"},{"floor":9,"key":"SpeedPotion"},{"floor":20,"key":"bronze:CleanCodePotion"},{"floor":28,"key":"Fire Potion"},{"floor":31,"key":"Fire Potion"},{"floor":37,"key":"Fire Potion"}],"is_trial":false,"path_per_floor":["R","M","?","M","M","M","T","R","M","?","R","?","?","M","M","B",null,"R","$","M","M","M","M","T","R","$","?","E","M","R","E","M","B",null,"R","M","M","?","?","M","T","M","M","?","?","R","M","$","M","B",null,"E","$","R","B","B",null],"character_chosen":"THE_AUTOMATON","items_purchased":["Medical Kit","Bottled Lightning","Apotheosis","Finesse","Guardian:PocketSentry","expansioncontent:YouAreMine","bronze:MaxOutput"],"campfire_rested":0,"item_purchase_floors":[19,26,26,26,39,48,53],"current_hp_per_floor":[70,69,69,61,54,47,47,47,58,58,58,70,49,56,63,51,70,70,67,67,67,67,67,67,67,69,69,52,61,61,67,69,70,70,70,70,70,70,70,70,70,70,70,70,70,80,80,80,80,76,80,80,80,80,71,30],"gold":6,"neow_bonus":"ONE_RANDOM_RARE_CARD","is_daily":false,"chose_seed":false,"campfire_upgraded":8,"win_rate":0.0,"timestamp":1612028172,"path_taken":["R","M","?","M","M","M","T","R","M","?","R","?","?","?","M","BOSS","R","$","M","M","M","M","T","R","$","?","E","M","R","E","M","BOSS","R","M","M","?","?","M","T","M","M","?","?","R","?","$","M","BOSS","E","$","R","BOSS","BOSS"],"items_purchased_type":["Relic","Relic","Card","Card","Relic","Card","Card"],"build_version":"2020-12-22","purchased_purges":3,"victory":true,"max_hp_per_floor":[70,70,70,70,70,70,70,70,70,70,70,70,70,70,70,70,70,70,70,70,70,70,70,70,70,70,70,70,70,70,70,70,70,70,70,70,70,70,70,70,70,70,70,70,70,80,80,80,80,80,80,80,80,80,80,80],"card_choices":[{"not_picked":["bronze:Iterate","bronze:Frontload"],"picked":"bronze:CutThrough","floor":2},{"not_picked":["bronze:OilSpill","bronze:Backtrace"],"picked":"bronze:Separator","floor":4},{"not_picked":["bronze:Frontload","bronze:DarkDash"],"picked":"bronze:Branch","floor":5},{"not_picked":["bronze:OilSpill","bronze:Constructor"],"picked":"bronze:Repair","floor":6},{"not_picked":["bronze:ItsAFeature","bronze:ClassDefault"],"picked":"bronze:BronzeOrb","floor":9},{"not_picked":["bronze:OilSpill","bronze:CloningBeam","bronze:Separator"],"picked":"SKIP","floor":14},{"not_picked":["bronze:Shield","bronze:CutThrough"],"picked":"bronze:Frontload","floor":15},{"not_picked":["bronze:Format","bronze:CleanCode"],"picked":"bronze:AlphaBuild","floor":16},{"not_picked":["bronze:Repair+1","bronze:DelayedSlice"],"picked":"bronze:FindAndReplace","floor":19},{"not_picked":["bronze:Branch","bronze:CloningBeam"],"picked":"bronze:Optimize","floor":20},{"not_picked":["bronze:Turbo+1","bronze:DelayedSlice+1"],"picked":"bronze:GetLatest+1","floor":21},{"not_picked":["bronze:Invalidate","bronze:BronzeOrb"],"picked":"bronze:Allocate+1","floor":22},{"not_picked":["bronze:WildBeam","bronze:BugBarrage"],"picked":"bronze:Boost","floor":23},{"not_picked":["bronze:WildBeam","bronze:CleanCode"],"picked":"bronze:Refactor+1","floor":26},{"not_picked":["bronze:Terminator","bronze:DelayedGuard"],"picked":"bronze:BronzeOrb","floor":28},{"not_picked":["bronze:CutThrough","bronze:BronzeOrb"],"picked":"bronze:Repulsor","floor":29},{"not_picked":["bronze:BitShift","bronze:Shield"],"picked":"bronze:ItsAFeature","floor":31},{"not_picked":["bronze:WildBeam","bronze:Constructor","bronze:Iterate"],"picked":"SKIP","floor":32},{"not_picked":["bronze:FindAndReplace","bronze:HyperBeam"],"picked":"bronze:Hardcode","floor":33},{"not_picked":["bronze:DelayedGuard","bronze:Fortify+1"],"picked":"bronze:BuggyMess+1","floor":36},{"not_picked":["bronze:Invalidate","bronze:Branch"],"picked":"bronze:ChildClass+1","floor":37},{"not_picked":["bronze:CutThrough+1","bronze:Allocate"],"picked":"bronze:MaxOutput+1","floor":40},{"not_picked":["bronze:ClassDefault","bronze:Philosophize"],"picked":"bronze:BitShift+1","floor":42},{"not_picked":["bronze:WhirlingStrike+1","bronze:DelayedGuard+1"],"picked":"bronze:Overheat","floor":43},{"not_picked":["bronze:Optimize+1","bronze:RecursiveStrike"],"picked":"bronze:Invalidate+1","floor":44},{"not_picked":["bronze:Deprecate","bronze:Philosophize+1","bronze:Refactor"],"picked":"SKIP","floor":47},{"not_picked":["bronze:Shield","bronze:Frontload"],"picked":"bronze:Turbo+1","floor":49},{"not_picked":["bronze:Turbo","bronze:OilSpill"],"picked":"bronze:InfiniteLoop","floor":52}],"player_experience":170358,"relics_obtained":[{"floor":7,"key":"Mummified Hand"},{"floor":24,"key":"AT_ChloranthyRing"},{"floor":28,"key":"Bird Faced Urn"},{"floor":31,"key":"Toy Ornithopter"},{"floor":44,"key":"TungstenRod"},{"floor":52,"key":"KyoryuNoHagoromo"}],"event_choices":[{"damage_healed":0,"gold_gain":0,"player_choice":"Ignored","damage_taken":0,"max_hp_gain":0,"max_hp_loss":0,"event_name":"Ghosts","floor":27,"gold_loss":0},{"damage_healed":0,"gold_gain":0,"player_choice":"Fight","damage_taken":0,"max_hp_gain":0,"max_hp_loss":0,"event_name":"Mysterious Sphere","floor":44,"gold_loss":0}],"is_beta":false,"boss_relics":[{"not_picked":["SacredBark","Astrolabe"],"picked":"AT_MortalBlade"},{"not_picked":["SlaversCollar","bronze:MakeshiftBattery"],"picked":"AT_TrinityForce"}],"items_purged_floors":[19,26,39],"is_endless":false,"potions_floor_spawned":[5,6,9,20,23,28,31,37,40,42],"ascension_level":0}}