{"host":"ty2cix8xj6r3ad26","time":1612030883,"event":{"mods":["AchievementEnabler","BaseMod","BetterRewards","Infinite Spire","Minty Spire (QoL Compilation)","Quick Restart","StSLib","SuperFastMode"],"gold_per_floor":[113,63,77,92,92,92,92,92,92,108,124,16,44,44,44,118,118,138,156,156,156,31,31,45,45,71,87,101,101,126,126,126,199,199,219,219,219],"floor_reached":36,"language":"ENG","playtime":2452,"items_purged":["Defend_G","Strike_G","Outmaneuver"],"score":734,"play_id":"be22a337-0ece-4429-86e3-d63200f6570a","local_time":"20210130202123","is_ascension_mode":true,"campfire_choices":[{"floor":6,"key":"REST"},{"data":"Dash","floor":8,"key":"SMITH"},{"floor":15,"key":"REST"},{"data":"Caltrops","floor":23,"key":"SMITH"},{"data":"Backflip","floor":29,"key":"SMITH"},{"data":"Noxious Fumes","floor":32,"key":"SMITH"}],"circlet_count":0,"master_deck":["AscendersBane","Strike_G","Strike_G","Strike_G","Defend_G","Survivor","Neutralize","Caltrops+1","Blur","Dash+1","Backflip+1","Caltrops","Deadly Poison","Leg Sweep","Die Die Die","Adrenaline","Crippling Poison","Bane+1","Noxious Fumes+1"],"relics":["Ring of the Snake","infinitespire:Beetle Shell","WingedGreaves","Calipers","infinitespire:EmpoweringShard","Dead Branch","Velvet Choker","Nilry\u0027s Codex","Toy Ornithopter","infinitespire:Lucky Rock","Busted Crown"],"acts_visited":["Exordium","TheCity","TheBeyond"],"potions_floor_usage":[10,10,13,13,16,24,30,33,33],"damage_taken":[{"damage":0,"enemies":"Jaw Worm","floor":1,"turns":6},{"damage":0,"enemies":"Small Slimes","floor":3,"turns":4},{"damage":0,"enemies":"Cultist","floor":4,"turns":4},{"damage":1,"enemies":"Lots of Slimes","floor":10,"turns":5},{"damage":0,"enemies":"Looter","floor":11,"turns":3},{"damage":9,"enemies":"Lagavulin","floor":13,"turns":8},{"damage":0,"enemies":"The Guardian","floor":16,"turns":13},{"damage":3,"enemies":"3 Byrds","floor":18,"turns":3},{"damage":1,"enemies":"Spheric Guardian","floor":19,"turns":3},{"damage":7,"enemies":"Centurion and Healer","floor":24,"turns":4},{"damage":27,"enemies":"Sentry and Sphere","floor":27,"turns":6},{"damage":0,"enemies":"Chosen and Byrds","floor":28,"turns":4},{"damage":2,"enemies":"Gremlin Leader","floor":30,"turns":5},{"damage":22,"enemies":"Champ","floor":33,"turns":10},{"damage":6,"enemies":"Orb Walker","floor":35,"turns":3},{"damage":27,"enemies":"infinitespire:Three Voidlings","floor":36,"turns":4},{"damage":31,"enemies":"Nightmare_Alpha","floor":36,"turns":8}],"seed_played":"-1760699084608428331","potions_obtained":[{"floor":1,"key":"EssenceOfSteel"},{"floor":3,"key":"Poison Potion"},{"floor":11,"key":"SkillPotion"},{"floor":13,"key":"Strength Potion"},{"floor":24,"key":"Fruit Juice"},{"floor":27,"key":"Swift Potion"},{"floor":28,"key":"CultistPotion"},{"floor":30,"key":"Fire Potion"}],"is_trial":false,"path_per_floor":["M","?","M","M","?","R","?","R","T","M","M","$","E","?","R","B",null,"M","M","?","?","$","R","M","?","T","M","M","R","E","T","R","B",null,"M","?"],"character_chosen":"THE_SILENT","items_purchased":["Caltrops","Blur","Dash","infinitespire:Beetle Shell","Backflip","Leg Sweep","DistilledChaos"],"campfire_rested":2,"item_purchase_floors":[0,0,0,0,0,12,12],"current_hp_per_floor":[28,28,28,28,3,22,22,22,22,21,21,21,12,12,31,31,57,54,53,37,59,59,59,57,57,57,30,30,30,33,33,33,21,59,53,0,0],"gold":219,"neow_bonus":"","is_daily":false,"chose_seed":false,"campfire_upgraded":4,"win_rate":0.0,"timestamp":1612030883,"path_taken":["M","?","M","M","?","R","?","R","T","?","?","$","E","?","R","BOSS","M","?","?","?","?","R","M","?","T","?","M","R","E","?","R","BOSS","M","?"],"items_purchased_type":["Card","Card","Card","Relic","Card","Card","Potion"],"build_version":"2020-12-22","purchased_purges":3,"victory":false,"max_hp_per_floor":[66,66,66,66,66,66,66,66,66,66,66,66,66,66,66,66,66,66,66,66,66,66,66,71,71,71,71,71,71,71,71,71,71,71,71,71,71],"card_choices":[{"not_picked":["Eviscerate","Tactician"],"picked":"Caltrops","floor":1},{"not_picked":["Heel Hook","Blur","Poisoned Stab"],"picked":"SKIP","floor":3},{"not_picked":["Deflect","Acrobatics","Dagger Throw"],"picked":"SKIP","floor":4},{"not_picked":["Expertise","Quick Slash","Deadly Poison"],"picked":"SKIP","floor":10},{"not_picked":["Expertise","Quick Slash"],"picked":"Deadly Poison","floor":10},{"not_picked":["Dodge and Roll","PiercingWail","Sucker Punch"],"picked":"SKIP","floor":11},{"not_picked":["Eviscerate","Prepared"],"picked":"Die Die Die","floor":13},{"not_picked":["A Thousand Cuts","Malaise"],"picked":"Adrenaline","floor":16},{"not_picked":["Acrobatics+1","Backflip","Escape Plan"],"picked":"SKIP","floor":18},{"not_picked":["Masterful Stab","All Out Attack","Escape Plan"],"picked":"SKIP","floor":19},{"not_picked":["PiercingWail","Deflect","Prepared"],"picked":"SKIP","floor":24},{"not_picked":["Prepared","Caltrops"],"picked":"Bane+1","floor":27},{"not_picked":["Skewer","Distraction","Poisoned Stab+1"],"picked":"SKIP","floor":28},{"not_picked":["Phantasmal Killer","PiercingWail"],"picked":"Noxious Fumes","floor":30},{"not_picked":["Poisoned Stab+1"],"picked":"SKIP","floor":35}],"player_experience":522422,"relics_obtained":[{"floor":9,"key":"infinitespire:EmpoweringShard"},{"floor":13,"key":"Dead Branch"},{"floor":20,"key":"Nilry\u0027s Codex"},{"floor":26,"key":"Toy Ornithopter"},{"floor":30,"key":"infinitespire:Lucky Rock"}],"event_choices":[{"cards_removed":["Defend_G"],"damage_healed":0,"gold_gain":0,"player_choice":"Card Removal","damage_taken":0,"max_hp_gain":0,"max_hp_loss":0,"event_name":"The Cleric","floor":2,"gold_loss":50},{"damage_healed":0,"gold_gain":0,"player_choice":"Success","damage_taken":25,"relics_obtained":["Calipers"],"max_hp_gain":0,"max_hp_loss":0,"event_name":"Scrap Ooze","floor":5,"gold_loss":0},{"damage_healed":0,"gold_gain":0,"cards_transformed":["Strike_G"],"player_choice":"Transformed","damage_taken":0,"max_hp_gain":0,"max_hp_loss":0,"event_name":"Transmorgrifier","floor":7,"gold_loss":0,"cards_obtained":["Outmaneuver"]},{"cards_removed":["Defend_G"],"damage_healed":0,"gold_gain":0,"player_choice":"Purged","damage_taken":0,"max_hp_gain":0,"max_hp_loss":0,"event_name":"Purifier","floor":14,"gold_loss":0},{"damage_healed":0,"gold_gain":0,"player_choice":"Obtained Book","damage_taken":16,"max_hp_gain":0,"max_hp_loss":0,"event_name":"Cursed Tome","floor":20,"gold_loss":0},{"damage_healed":22,"gold_gain":0,"player_choice":"Heal","damage_taken":0,"max_hp_gain":0,"max_hp_loss":0,"event_name":"The Library","floor":21,"gold_loss":0},{"damage_healed":0,"gold_gain":0,"cards_transformed":["Defend_G"],"player_choice":"Transformed","damage_taken":0,"max_hp_gain":0,"max_hp_loss":0,"event_name":"Transmorgrifier","floor":25,"gold_loss":0,"cards_obtained":["Crippling Poison"]}],"is_beta":false,"boss_relics":[{"not_picked":["infinitespire:Cupcake","WristBlade"],"picked":"Velvet Choker"},{"not_picked":["Astrolabe","Coffee Dripper"],"picked":"Busted Crown"}],"items_purged_floors":[0,0,22],"is_endless":false,"potions_floor_spawned":[1,3,11,13,24,27,28,30,36],"killed_by":"Nightmare_Alpha","ascension_level":14}}