{"host":"2se5dq1do2gp0x9k","time":1612027732,"event":{"mods":["AchievementEnabler","BaseMod","Block Reminder","Colored Map","Colored Powertips","Minty Spire (QoL Compilation)","Relic Stats","StSLib","SuperFastMode"],"gold_per_floor":[109,124,174,187,262,262,296,296,296,68,81,81,94,127,127,127,127],"floor_reached":16,"language":"ENG","playtime":478,"items_purged":["Strike_B"],"score":220,"play_id":"8b1c9687-114a-45cf-a304-94beaa5033c7","local_time":"20210130092852","is_ascension_mode":true,"campfire_choices":[{"data":"Beam Cell","floor":6,"key":"SMITH"},{"data":"Chaos","floor":8,"key":"SMITH"},{"data":"Chaos","floor":12,"key":"SMITH"},{"floor":15,"key":"REST"}],"circlet_count":0,"master_deck":["AscendersBane","Strike_B","Strike_B","Strike_B","Defend_B","Defend_B","Defend_B","Defend_B","Zap","Dualcast","Rip and Tear","Beam Cell+1","Ball Lightning","Chaos+1","Chaos+1","Skim","Conserve Battery","Fusion","Undo"],"relics":["Cracked Core","NeowsBlessing","Shuriken","The Courier","Oddly Smooth Stone"],"acts_visited":["Exordium"],"potions_floor_usage":[14,14,16],"damage_taken":[{"damage":0,"enemies":"2 Louse","floor":1,"turns":1},{"damage":0,"enemies":"Cultist","floor":2,"turns":1},{"damage":0,"enemies":"Jaw Worm","floor":4,"turns":1},{"damage":14,"enemies":"Gremlin Nob","floor":7,"turns":3},{"damage":10,"enemies":"Looter","floor":11,"turns":3},{"damage":12,"enemies":"3 Louse","floor":13,"turns":4},{"damage":18,"enemies":"3 Sentries","floor":14,"turns":7},{"damage":33,"enemies":"Hexaghost","floor":16,"turns":9}],"seed_played":"-6257131994236610941","potions_obtained":[{"floor":2,"key":"BlessingOfTheForge"},{"floor":4,"key":"Regen Potion"},{"floor":14,"key":"EntropicBrew"}],"is_trial":false,"path_per_floor":["M","M","?","M","?","R","E","R","T","$","M","R","M","E","R","B"],"character_chosen":"DEFECT","items_purchased":["Chaos","Skim","Conserve Battery"],"campfire_rested":1,"item_purchase_floors":[10,10,10],"current_hp_per_floor":[64,64,57,57,46,46,32,32,32,32,22,22,10,7,28,0,0],"gold":127,"neow_bonus":"THREE_ENEMY_KILL","is_daily":false,"chose_seed":false,"campfire_upgraded":3,"win_rate":0.0,"timestamp":1612027732,"path_taken":["M","M","?","?","?","R","E","R","T","$","M","R","M","E","R","BOSS"],"items_purchased_type":["Card","Card","Card"],"build_version":"2020-12-22","purchased_purges":1,"victory":false,"max_hp_per_floor":[71,71,71,71,71,71,71,71,71,71,71,71,71,71,71,71,71],"relic_stats":{"counters":[8,29],"Shuriken":[3],"obtain_stats":[{"NeowsBlessing":0,"Shuriken":7,"Oddly Smooth Stone":14,"The Courier":9,"Cracked Core":0},{"NeowsBlessing":0,"Shuriken":4,"Oddly Smooth Stone":7,"The Courier":4,"Cracked Core":0},{"NeowsBlessing":0,"Shuriken":6,"Oddly Smooth Stone":20,"The Courier":6,"Cracked Core":0}]},"card_choices":[{"not_picked":["Turbo","Stack"],"picked":"Rip and Tear","floor":1},{"not_picked":["Tempest","Consume"],"picked":"Beam Cell","floor":2},{"not_picked":["Turbo","Reinforced Body"],"picked":"Ball Lightning","floor":4},{"not_picked":["Meteor Strike","Storm"],"picked":"Chaos","floor":7},{"not_picked":["Steam","Force Field","Rebound"],"picked":"SKIP","floor":11},{"not_picked":["Recycle","Turbo"],"picked":"Fusion","floor":13},{"not_picked":["Hello World","Compile Driver"],"picked":"Undo","floor":14}],"player_experience":3992325,"relics_obtained":[{"floor":7,"key":"Shuriken"},{"floor":9,"key":"The Courier"},{"floor":14,"key":"Oddly Smooth Stone"}],"event_choices":[{"damage_healed":0,"gold_gain":50,"player_choice":"Touch","damage_taken":7,"max_hp_gain":0,"max_hp_loss":0,"event_name":"FaceTrader","floor":3,"gold_loss":0},{"damage_healed":0,"gold_gain":75,"player_choice":"Gather Gold","damage_taken":11,"max_hp_gain":0,"max_hp_loss":0,"event_name":"World of Goop","floor":5,"gold_loss":0}],"is_beta":false,"boss_relics":[],"items_purged_floors":[10],"is_endless":false,"potions_floor_spawned":[2,4,14],"killed_by":"Hexaghost","ascension_level":20}}