{"host":"lzlnscgb2n0l5w2m","time":1612022165,"event":{"mods":["AchievementEnabler","BaseMod","Block Reminder","Colored Powertips","Highlight Path","Minty Spire (QoL Compilation)","Permanent Neow","Relic Stats","StSLib","The Bug Knight","Yuri Mod"],"gold_per_floor":[39,39,75,126,225,225,225,225,225,287,389,389,506,61,61,187,187,225,266,84,109,109],"floor_reached":21,"language":"ZHS","playtime":1885,"items_purged":["HollowMod:NailStrikeStart"],"score":171,"play_id":"941c1b94-36e3-4ce0-9e42-bc2a35a6828d","local_time":"20210130235605","is_ascension_mode":false,"campfire_choices":[{"data":"HandOfGreed","floor":6.0,"key":"SMITH"},{"data":"HollowMod:FocusHealStart","floor":8.0,"key":"SMITH"},{"data":"HollowMod:ChannelNail","floor":15,"key":"SMITH"}],"circlet_count":0,"master_deck":["HollowMod:NailStrikeStart","HollowMod:NailStrikeStart","HollowMod:QuickDashStart","HollowMod:QuickDashStart","HollowMod:QuickDashStart","HollowMod:QuickDashStart","HollowMod:FocusHealStart+1","HollowMod:PogoStrike","HandOfGreed+1","HollowMod:HeavyBlow","HollowMod:QuirrelsAssistance","HollowMod:CycloneSlash","HollowMod:MonarchWings","HollowMod:BaldurShell","HollowMod:SharpenedNail","HollowMod:HowlingWraiths","HollowMod:AwokenDreamNail","HollowMod:ChannelNail+1","HollowMod:theNailsmith","HollowMod:HowlingWraiths+1","HollowMod:VengefulSpirit","HollowMod:DoubleDash"],"relics":["HollowMod:VesselMask","Art of War","Odd Mushroom","Ancient Tea Set","Cursed Key","HandDrill"],"acts_visited":["Exordium","TheCity"],"potions_floor_usage":[13,14,16],"damage_taken":[{"damage":0.0,"enemies":"Small Slimes","floor":1.0,"turns":2.0},{"damage":3.0,"enemies":"Jaw Worm","floor":3.0,"turns":4.0},{"damage":2.0,"enemies":"2 Louse","floor":4.0,"turns":5.0},{"damage":17.0,"enemies":"Lots of Slimes","floor":5.0,"turns":8.0},{"damage":12.0,"enemies":"Exordium Wildlife","floor":10.0,"turns":4.0},{"damage":19.0,"enemies":"The Mushroom Lair","floor":11.0,"turns":6.0},{"damage":21,"enemies":"Gremlin Gang","floor":13,"turns":9},{"damage":32,"enemies":"Hexaghost","floor":16,"turns":9},{"damage":39,"enemies":"2 Thieves","floor":18,"turns":5},{"damage":27,"enemies":"Shell Parasite","floor":19,"turns":5},{"damage":30,"enemies":"Shelled Parasite and Fungi","floor":21,"turns":6}],"seed_played":"6444786795990407446","potions_obtained":[{"floor":4.0,"key":"DuplicationPotion"},{"floor":5.0,"key":"SteroidPotion"},{"floor":10.0,"key":"ColorlessPotion"},{"floor":11.0,"key":"BlessingOfTheForge"},{"floor":19,"key":"SkillPotion"}],"is_trial":false,"path_per_floor":["M","?","M","M","M","R","T","R","T","M","?","?","M","$","R","B",null,"M","M","$","M"],"character_chosen":"THE_BUGKNIGHT","items_purchased":["HollowMod:AwokenDreamNail","HollowMod:ChannelNail","Ancient Tea Set","Fruit Juice","HandDrill","HollowMod:DoubleDash"],"campfire_rested":0,"item_purchase_floors":[14,14,14,14,20,20],"current_hp_per_floor":[75,75,72,70,59,59,59,59,59,53,40,33,24,29,29,7,80,51,24,24,0,0],"gold":109,"neow_bonus":"RANDOM_COLORLESS_2","is_daily":false,"chose_seed":false,"campfire_upgraded":3,"win_rate":0.0,"timestamp":1612022165,"path_taken":["M","?","M","M","M","R","?","R","T","M","?","?","M","$","R","BOSS","M","M","$","M"],"items_purchased_type":["Card","Card","Relic","Potion","Relic","Card"],"build_version":"2020-12-22","purchased_purges":1,"victory":false,"max_hp_per_floor":[75,75,75,75,75,75,75,75,75,75,75,75,75,80,80,80,80,80,80,80,80,80],"relic_stats":{"counters":[11,63],"Art of War":[5],"HandDrill":[4],"Cursed Key":0,"obtain_stats":[{"HollowMod:VesselMask":0,"Art of War":9,"HandDrill":20,"Odd Mushroom":11,"Ancient Tea Set":14,"Cursed Key":17},{"HollowMod:VesselMask":0,"Art of War":4,"HandDrill":10,"Odd Mushroom":6,"Ancient Tea Set":7,"Cursed Key":8},{"HollowMod:VesselMask":0,"Art of War":19,"HandDrill":57,"Odd Mushroom":29,"Ancient Tea Set":38,"Cursed Key":47}]},"card_choices":[{"not_picked":["Thinking Ahead","Panache"],"picked":"HandOfGreed","floor":0.0},{"not_picked":["HollowMod:GoodIntentions","HollowMod:LifebloodCocoon"],"picked":"HollowMod:HeavyBlow","floor":1.0},{"not_picked":["HollowMod:LifebloodCocoon","HollowMod:CoiledNail"],"picked":"HollowMod:QuirrelsAssistance","floor":3.0},{"not_picked":["HollowMod:LifebloodCocoon","HollowMod:ChannelNail"],"picked":"HollowMod:CycloneSlash","floor":4.0},{"not_picked":["HollowMod:DashSlash","HollowMod:SiblingsSouls"],"picked":"HollowMod:MonarchWings","floor":5.0},{"not_picked":["HollowMod:MothsMistake","HollowMod:VengefulVoid"],"picked":"HollowMod:BaldurShell","floor":10.0},{"not_picked":["HollowMod:MidwifesHunger","HollowMod:CycloneSlash"],"picked":"HollowMod:SharpenedNail","floor":11.0},{"not_picked":["HollowMod:RecoilStrike","HollowMod:FastStrike"],"picked":"HollowMod:HowlingWraiths","floor":13},{"not_picked":["HollowMod:AwokenDreamNail","HollowMod:LifebloodCore"],"picked":"HollowMod:theNailsmith","floor":16},{"not_picked":["HollowMod:DashSlash+1","HollowMod:AbyssShriek"],"picked":"HollowMod:HowlingWraiths+1","floor":18},{"not_picked":["HollowMod:SharpenedShadows","HollowMod:NewLittleFool"],"picked":"HollowMod:VengefulSpirit","floor":19}],"player_experience":323245,"relics_obtained":[{"floor":9.0,"key":"Art of War"},{"floor":11.0,"key":"Odd Mushroom"}],"event_choices":[{"damage_healed":0.0,"max_hp_gain":0.0,"max_hp_loss":0.0,"gold_gain":0.0,"event_name":"The Cleric","player_choice":"Leave","floor":2.0,"gold_loss":0.0,"damage_taken":0.0},{"damage_healed":0.0,"max_hp_gain":0.0,"max_hp_loss":0.0,"gold_gain":0.0,"event_name":"Mushrooms","player_choice":"Fought Mushrooms","floor":11.0,"gold_loss":0.0,"damage_taken":0.0},{"cards_removed":["HollowMod:NailStrikeStart"],"damage_healed":0.0,"max_hp_gain":0.0,"max_hp_loss":0.0,"gold_gain":0.0,"event_name":"Golden Wing","player_choice":"Card Removal","floor":12.0,"gold_loss":0.0,"damage_taken":7.0}],"is_beta":false,"boss_relics":[{"not_picked":["SacredBark","Empty Cage"],"picked":"Cursed Key"}],"items_purged_floors":[14],"is_endless":false,"potions_floor_spawned":[4,5,10,11,19],"killed_by":"Shelled Parasite and Fungi","ascension_level":0}}