{"host":"b9id4afcchnn1rfb","time":1612040984,"event":{"mods":["Act Like it!","BaseMod","Better Note","Colored Map","Colored Powertips","Hallownest","Hermit","Infinite Spire","Minty Spire (QoL Compilation)","StSLib","SuperFastMode","The Death Knight","The Necromancer"],"gold_per_floor":[114,134,134,153,0,25,25,51,51,76,92,124,124,142,142,247,247,258,408,976,990,1002,1002,1002,1002,1002,1021,1054,363,363,363,363,480,480,506,522,546,578,614,614],"floor_reached":39,"language":"ENG","playtime":1686,"items_purged":["Doubt"],"score":560,"play_id":"4e9eb911-81b2-45d7-965f-86658e7ac3aa","local_time":"20210130220944","is_ascension_mode":true,"campfire_choices":[{"data":"Summon_Undead","floor":7,"key":"SMITH"},{"data":"Finger_Of_Death","floor":13,"key":"SMITH"},{"data":"Stop_Heart","floor":15,"key":"SMITH"},{"data":"Summon_Undead","floor":23,"key":"SMITH"},{"data":"Summon_Undead","floor":25,"key":"SMITH"},{"floor":30,"key":"RECALL"},{"data":"Summon_Undead_Army","floor":32,"key":"SMITH"}],"circlet_count":0,"master_deck":["Strike_W","Strike_W","Strike_W","Defend_W","Defend_W","Defend_W","Negative_Energy_Arrows","Bone_Wall","Summon_Undead+1","Summon_Undead+1","Spectral_Armor","Negative_Energy_Sphere","Bone_Prison","Finger_Of_Death+1","Bones_to_Steel","Stop_Heart+1","Skeleton_Dragon","Negative_Energy_Javelin","Summon_Undead+1","Hallownest:curseDreamersLament","Blood_for_Blood","Cloudkill","Summon_Undead_Army+1","Summon_Vampire_Lady","CurseOfTheBell","Negative_Energy_Sphere+1","Summon_Undead_Army+1","Bone_Prison+1"],"relics":["Vampire_Amulet","Lizard Tail","Hallownest:BankAccountRelic","infinitespire:Golems Mask","Pocketwatch","Tiny Chest","Oddly Smooth Stone","Hallownest:WatcherSealRelic","InkBottle","infinitespire:Midas Blood","Mercury Hourglass","Question Card","Art of War","Calling Bell","Dream Catcher","CaptainsWheel","infinitespire:BottledMercury"],"acts_visited":["Exordium","Hallownest:Greenpath","Hallownest:CityofTears"],"potions_floor_usage":[4,21,33,33,37,39],"damage_taken":[{"damage":10,"enemies":"Hallownest:monsterHuskGuard","floor":1,"turns":6},{"damage":5,"enemies":"2_ Uuma","floor":2,"turns":6},{"damage":8,"enemies":"Hallownest:2_Tiktiks_and_1_Crawlid","floor":4,"turns":6},{"damage":12,"enemies":"Hallownest:eliteVengeflyKing","floor":6,"turns":7},{"damage":20,"enemies":"Hallownest:eliteMossKnight","floor":8,"turns":10},{"damage":4,"enemies":"Hallownest:eliteVengeflyKing","floor":10,"turns":6},{"damage":26,"enemies":"Hallownest:1_Ooma_and_2_Uuma","floor":11,"turns":6},{"damage":0,"enemies":"Hallownest:eliteCrystalGuardian","floor":12,"turns":7},{"damage":0,"enemies":"Hallownest:monsterAspidMother","floor":14,"turns":4},{"damage":21,"enemies":"Hallownest:BossHornet","floor":16,"turns":10},{"damage":4,"enemies":"Hallownest:Guard_and_Sentry","floor":18,"turns":6},{"damage":0,"enemies":"Hallownest:Flukemon_and_Top","floor":21,"turns":7},{"damage":15,"enemies":"Hallownest:monsterShrumalOgre","floor":22,"turns":5},{"damage":14,"enemies":"Hallownest:2_Flukemon","floor":27,"turns":8},{"damage":51,"enemies":"Hallownest:eliteWatcherKnight","floor":28,"turns":14},{"damage":46,"enemies":"Hallownest:BossMantisLord","floor":33,"turns":6},{"damage":25,"enemies":"Hallownest:3_Siblings","floor":35,"turns":5},{"damage":10,"enemies":"Hallownest:Shield_Heavy","floor":36,"turns":5},{"damage":27,"enemies":"Hallownest:2_Wandering_and_1_Horned","floor":37,"turns":5},{"damage":31,"enemies":"Hallownest:2_Soldiers_and_1_Guardian","floor":38,"turns":4},{"damage":104,"enemies":"Hallownest:2_Primals","floor":39,"turns":4}],"seed_played":"-2413727462946570869","potions_obtained":[{"floor":2,"key":"Dexterity Potion"},{"floor":8,"key":"FearPotion"},{"floor":11,"key":"Fire Potion"},{"floor":14,"key":"SkillPotion"},{"floor":21,"key":"DuplicationPotion"},{"floor":28,"key":"DeathKnight:BottledBloodEchoes"},{"floor":38,"key":"Energy Potion"}],"is_trial":false,"path_per_floor":["M","M","?","M","?","E","R","E","T","E","M","E","R","M","R","B",null,"M","?","?","M","M","R","?","R","T","M","E","$","R","T","R","B",null,"M","M","M","M","?"],"character_chosen":"NECROMANCER","items_purchased":["Mercury Hourglass","Fruit Juice","Summon_Undead_Army","Question Card"],"campfire_rested":0,"item_purchase_floors":[29,29,29,29],"current_hp_per_floor":[67,75,66,75,75,75,75,59,59,75,67,75,75,75,75,71,75,75,75,75,75,68,68,68,68,68,58,41,41,41,41,41,24,80,80,80,59,34,0,0],"gold":614,"neow_bonus":"ONE_RARE_RELIC","is_daily":false,"chose_seed":false,"campfire_upgraded":6,"win_rate":0.0,"timestamp":1612040984,"path_taken":["M","M","?","M","?","E","R","E","T","E","M","E","R","M","R","BOSS","M","?","?","M","M","R","?","R","T","M","E","$","R","?","R","BOSS","M","M","M","M","?"],"items_purchased_type":["Relic","Potion","Card","Relic"],"build_version":"2020-12-22","purchased_purges":1,"victory":false,"max_hp_per_floor":[75,75,75,75,75,75,75,75,75,75,75,75,75,75,75,75,75,75,75,75,75,75,75,75,75,75,75,75,75,75,75,75,80,80,80,80,80,80,80,80],"card_choices":[{"not_picked":["Bone_Armor","Pandemic"],"picked":"Summon_Undead","floor":1},{"not_picked":["Bone_Prison","Finger_Of_Death"],"picked":"Summon_Undead","floor":2},{"not_picked":["Uncharnel","Bone_Armory"],"picked":"Spectral_Armor","floor":4},{"not_picked":["Bone_Bullets","Violent_Necrosis","Death_Knell"],"picked":"SKIP","floor":6},{"not_picked":["Life_Drain","Plague_Bolt"],"picked":"Negative_Energy_Sphere","floor":8},{"not_picked":["Death_March_Dance","Chill_Blood"],"picked":"Bone_Prison","floor":10},{"not_picked":["Blood_Whip","Deaths_Shadow"],"picked":"Finger_Of_Death","floor":11},{"not_picked":["Plague_Bolt","Negative_Energy_Mist"],"picked":"Bones_to_Steel","floor":12},{"not_picked":["Toxic_Smoke_Screen","Plague_Bolt"],"picked":"Stop_Heart","floor":14},{"not_picked":["Negative_Energy_Bomb","Summon_Vampire_Lady"],"picked":"Skeleton_Dragon","floor":16},{"not_picked":["Blood_Curse","Flesh_Made_Foul","Vampiric_Strike"],"picked":"SKIP","floor":18},{"not_picked":["Deaths_Shadow","Blood_Curse"],"picked":"Negative_Energy_Javelin","floor":21},{"not_picked":["Vampiric_Strike+1","Bone_Spikes"],"picked":"Summon_Undead","floor":22},{"not_picked":["Life_Drain","Violent_Necrosis"],"picked":"Blood_for_Blood","floor":27},{"not_picked":["Acid_Javelin","Corrupt"],"picked":"Cloudkill","floor":28},{"not_picked":["Skeleton_Dragon","Cloudkill","Negative_Energy_Bomb"],"picked":"Summon_Vampire_Lady","floor":33},{"not_picked":["Chill_Blood+1","Whirlwind_of_Bones","Consume_Illness+1"],"picked":"Negative_Energy_Sphere+1","floor":35},{"not_picked":["Bone_Spikes+1","Negative_Energy_Javelin+1","Plague_Bolt+1"],"picked":"Summon_Undead_Army+1","floor":36},{"not_picked":["Bone_Bullets","Thousand_Bone_Knives+1","Bones_to_Steel"],"picked":"Bone_Prison+1","floor":37},{"not_picked":["Vampiric_Strike+1","Detonate_Bones","Consume_Illness","Bones_to_Steel+1"],"picked":"SKIP","floor":38}],"player_experience":478300,"relics_obtained":[{"floor":6,"key":"infinitespire:Golems Mask"},{"floor":8,"key":"Pocketwatch"},{"floor":10,"key":"Tiny Chest"},{"floor":12,"key":"Oddly Smooth Stone"},{"floor":26,"key":"InkBottle"},{"floor":28,"key":"infinitespire:Midas Blood"},{"floor":31,"key":"Art of War"},{"floor":34,"key":"Dream Catcher"},{"floor":34,"key":"CaptainsWheel"},{"floor":34,"key":"infinitespire:BottledMercury"}],"event_choices":[],"is_beta":false,"boss_relics":[{"not_picked":["Philosopher\u0027s Stone","infinitespire:Cupcake"],"picked":"Empty Cage"},{"not_picked":["Sozu","SlaversCollar"],"picked":"Calling Bell"}],"items_purged_floors":[29],"is_endless":false,"potions_floor_spawned":[2,8,11,14,18,21,28,38],"killed_by":"Hallownest:2_Primals","ascension_level":4}}