{"host":"0b7urydaxuefbgpn","time":1612018986,"event":{"mods":["Bard","BaseMod","Colored Powertips","Dio Mod","Downfall","Hermit","Jorbs\u0027s Wanderer Trilogy","Marisa????????","Minty Spire (QoL Compilation)","StSLib","The Bladedancer","The Cursed","The Disciple","The Poker Player","The Servant 0.9.4"],"gold_per_floor":[99,110,129,148,166,195,195,195,195,213,223,12,12,23,39,39,39,39],"floor_reached":16,"language":"RUS","playtime":1151,"items_purged":[],"score":131,"play_id":"9bcf861e-c94d-463f-8f0a-5d5919468fc9","local_time":"20210130180306","is_ascension_mode":false,"campfire_choices":[{"data":"Guardian:CurlUp","floor":1,"key":"SMITH"},{"data":"expansioncontent:DashGenerateEvil","floor":13,"key":"SMITH"}],"circlet_count":0,"master_deck":["Guardian:Strike_Guardian","Guardian:Strike_Guardian","Guardian:Strike_Guardian","Guardian:Defend_Guardian","Guardian:Defend_Guardian","Guardian:Defend_Guardian","Guardian:Defend_Guardian","Guardian:CurlUp+1","Guardian:TwinSlam","Guardian:WalkerClaw","Guardian:PiercingHide","Guardian:DecasProtection","Guardian:HyperBeam_Guardian","Guardian:ShieldSpikes","Guardian:Planning","Guardian:ChargeCore","expansioncontent:DashGenerateEvil+1","Guardian:Reroute","Guardian:Gem_Cyan"],"relics":["Guardian:ModeShifter","Blood Vial","Guardian:PickAxe"],"acts_visited":["Exordium"],"potions_floor_usage":[15,15],"damage_taken":[{"damage":0,"enemies":"Cultist","floor":2,"turns":5},{"damage":1,"enemies":"2 Louse","floor":3,"turns":3},{"damage":0,"enemies":"Small Slimes","floor":4,"turns":4},{"damage":0,"enemies":"Blue Slaver","floor":5,"turns":5},{"damage":27,"enemies":"3 Sentries","floor":6,"turns":12},{"damage":0,"enemies":"Lots of Slimes","floor":10,"turns":3},{"damage":4,"enemies":"Large Slime","floor":11,"turns":6},{"damage":2,"enemies":"downfall:FleeingMerchant","floor":12,"turns":4},{"damage":15,"enemies":"Exordium Wildlife","floor":14,"turns":7},{"damage":2,"enemies":"Blue Slaver","floor":15,"turns":3},{"damage":60,"enemies":"DF_ARCHETYPE_STREAMLINE","floor":16,"turns":14}],"seed_played":"-4960211418302018614","potions_obtained":[{"floor":4,"key":"Fruit Juice"},{"floor":5,"key":"SpeedPotion"},{"floor":14,"key":"sneckomod:MuddlingPotion"},{"floor":15,"key":"Fruit Juice"}],"is_trial":false,"path_per_floor":["R","M","M","M","M","E","T","R","?","M","M","$","R","M","M","B"],"character_chosen":"GUARDIAN","items_purchased":["expansioncontent:DashGenerateEvil"],"campfire_rested":0,"item_purchase_floors":[12],"current_hp_per_floor":[88,88,87,87,87,60,60,60,60,62,60,60,60,47,57,0,0,0],"gold":39,"neow_bonus":"TEN_PERCENT_HP_BONUS","is_daily":false,"chose_seed":false,"campfire_upgraded":2,"win_rate":0.0,"timestamp":1612018986,"path_taken":["R","M","?","M","M","E","T","R","?","?","M","?","R","?","M","BOSS"],"items_purchased_type":["Card"],"build_version":"2020-12-13","purchased_purges":0,"victory":false,"max_hp_per_floor":[88,88,88,88,88,88,88,88,88,88,88,88,88,88,98,98,98,98],"card_choices":[{"not_picked":["Guardian:Incinerate","Guardian:WalkerClaw"],"picked":"Guardian:Gem_Fragmented","floor":2},{"not_picked":["Guardian:Gem_Red","Guardian:Gem_Cyan"],"picked":"Guardian:WalkerClaw","floor":3},{"not_picked":["Guardian:PrimingBeam","Guardian:SpikerProtocol"],"picked":"Guardian:PiercingHide","floor":4},{"not_picked":["Guardian:VentSteam","Guardian:PiercingHide"],"picked":"Guardian:DecasProtection","floor":5},{"not_picked":["Guardian:ArmoredProtocol","Guardian:BronzeOrb"],"picked":"Guardian:Gem_Purple","floor":6},{"not_picked":["Guardian:BronzeArmor","Guardian:FastForward"],"picked":"Guardian:ShieldSpikes","floor":10},{"not_picked":["Guardian:Emergency","Guardian:PrismaticBeam"],"picked":"Guardian:Planning","floor":11},{"not_picked":["Guardian:SphericShield","Guardian:Reroute"],"picked":"Guardian:ChargeCore","floor":12},{"not_picked":["Guardian:TemporalShield","Guardian:EvasiveProtocol"],"picked":"Guardian:Reroute","floor":14},{"not_picked":["Guardian:RollAttack","Guardian:BronzeArmor"],"picked":"Guardian:Gem_Cyan","floor":15}],"player_experience":9408,"relics_obtained":[{"floor":6,"key":"Blood Vial"},{"floor":7,"key":"Guardian:PickAxe"}],"event_choices":[],"is_beta":false,"boss_relics":[],"items_purged_floors":[],"is_endless":false,"potions_floor_spawned":[4,5,14,15],"killed_by":"DF_ARCHETYPE_STREAMLINE","ascension_level":0}}