{"host":"jm9833yuloeli2yd","time":1612020635,"event":{"mods":["BaseMod","Better Altar","Better Match","Better Note","Better Sensory Stone","Better Skull","Better Third Choice","Better Vampires","BetterRewards","Colored Map","Colored Powertips","DeckTracker","Minty Spire (QoL Compilation)","Permanent Neow","Quick Restart","Slay-I","StSLib","SuperFastMode"],"gold_per_floor":[111,121,138,138,153,185,204,231,231,231,157,157,184,23,23,102,102,112,37,37,37,53,53,86,11,11,29,29,55,78,100,112,201,213,240,264,294,196,228,269,298,336,348,372,384,384],"floor_reached":45,"language":"ENG","playtime":1976,"items_purged":["Strike_B+1"],"score":1124,"play_id":"8ff751be-06ef-4e77-95a1-c430faa36a52","local_time":"20210130103035","is_ascension_mode":true,"campfire_choices":[{"floor":10.0,"key":"REST"},{"data":"Dualcast","floor":12.0,"key":"SMITH"},{"data":"Electrodynamics","floor":15.0,"key":"SMITH"},{"data":"Chill","floor":23.0,"key":"SMITH"},{"data":"Beam Cell","floor":28,"key":"SMITH"},{"data":"FTL","floor":32,"key":"SMITH"}],"circlet_count":0,"master_deck":["AscendersBane","Defend_B+1","Defend_B+1","Defend_B+1","Dualcast+1","Steam+1","Cold Snap","Ball Lightning+1","Chill+1","Self Repair","Electrodynamics+1","Reboot+1","Beam Cell+1","Echo Form","Cold Snap+1","Barrage","FTL+1","Biased Cognition","FTL+1","Cold Snap","Biased Cognition","Lockon+1","Consume+1","BootSequence","Self Repair","Undo"],"relics":["SlaversCollar","Nunchaku","Toy Ornithopter","Pantograph","White Beast Statue","Black Star","InkBottle","Symbiotic Virus","War Paint","Whetstone","MawBank","Astrolabe","Vajra","DataDisk","Question Card","Eternal Feather"],"acts_visited":["Exordium","TheCity","TheBeyond"],"potions_floor_usage":[24,27,31,33,33,37,39,41,44,44,45],"damage_taken":[{"damage":7.0,"enemies":"Cultist","floor":1.0,"turns":4.0},{"damage":8.0,"enemies":"Jaw Worm","floor":2.0,"turns":5.0},{"damage":1.0,"enemies":"2 Louse","floor":3.0,"turns":4.0},{"damage":4.0,"enemies":"Looter","floor":5.0,"turns":4.0},{"damage":11.0,"enemies":"3 Sentries","floor":6.0,"turns":8.0},{"damage":4.0,"enemies":"Lots of Slimes","floor":7.0,"turns":5.0},{"damage":33.0,"enemies":"Gremlin Nob","floor":8.0,"turns":5.0},{"damage":6.0,"enemies":"3 Sentries","floor":13.0,"turns":4.0},{"damage":33.0,"enemies":"Slime Boss","floor":16.0,"turns":10.0},{"damage":16.0,"enemies":"Spheric Guardian","floor":18.0,"turns":5.0},{"damage":8.0,"enemies":"3 Byrds","floor":22.0,"turns":3.0},{"damage":0,"enemies":"Gremlin Leader","floor":24,"turns":7},{"damage":11,"enemies":"Shelled Parasite and Fungi","floor":27,"turns":4},{"damage":31,"enemies":"Book of Stabbing","floor":29,"turns":5},{"damage":0,"enemies":"3 Cultists","floor":30,"turns":4},{"damage":0,"enemies":"Centurion and Healer","floor":31,"turns":7},{"damage":24,"enemies":"Automaton","floor":33,"turns":10},{"damage":0,"enemies":"Orb Walker","floor":35,"turns":3},{"damage":0,"enemies":"3 Shapes","floor":36,"turns":5},{"damage":37,"enemies":"Writhing Mass","floor":37,"turns":6},{"damage":41,"enemies":"Jaw Worm Horde","floor":39,"turns":5},{"damage":32,"enemies":"Nemesis","floor":40,"turns":5},{"damage":2,"enemies":"Transient","floor":41,"turns":6},{"damage":30,"enemies":"Giant Head","floor":42,"turns":8},{"damage":14,"enemies":"Writhing Mass","floor":44,"turns":6},{"damage":61,"enemies":"Nemesis","floor":45,"turns":5}],"seed_played":"5573510549527246735","potions_obtained":[{"floor":1.0,"key":"ColorlessPotion"},{"floor":5.0,"key":"Dexterity Potion"},{"floor":6.0,"key":"PowerPotion"},{"floor":16.0,"key":"FocusPotion"},{"floor":24,"key":"PotionOfCapacity"},{"floor":27,"key":"SteroidPotion"},{"floor":29,"key":"FocusPotion"},{"floor":30,"key":"EssenceOfDarkness"},{"floor":31,"key":"PotionOfCapacity"},{"floor":33,"key":"SmokeBomb"},{"floor":35,"key":"SteroidPotion"},{"floor":36,"key":"AttackPotion"},{"floor":37,"key":"FairyPotion"},{"floor":39,"key":"BlessingOfTheForge"},{"floor":40,"key":"AttackPotion"},{"floor":41,"key":"EssenceOfSteel"},{"floor":42,"key":"LiquidBronze"},{"floor":44,"key":"SteroidPotion"}],"is_trial":false,"path_per_floor":["M","M","M","?","M","E","M","E","T","R","?","R","E","$","R","B",null,"M","?","?","?","M","R","E","$","T","M","R","E","M","M","R","B",null,"M","M","M","?","M","E","M","E","T","M","E"],"character_chosen":"DEFECT","items_purchased":["PowerPotion","SpeedPotion","Beam Cell"],"campfire_rested":1,"item_purchase_floors":[14,14,14],"current_hp_per_floor":[57,49,48,48,44,33,36,10,10,31,31,31,32,32,32,36,62,53,53,53,53,52,52,64,64,64,58,58,27,41,60,60,54,67,71,71,49,49,27,28,38,15,15,18,0,0],"gold":384,"neow_bonus":"BOSS_RELIC","is_daily":false,"chose_seed":false,"campfire_upgraded":5,"win_rate":0.0,"timestamp":1612020635,"path_taken":["M","?","M","?","M","E","?","E","T","R","?","R","E","$","R","BOSS","M","?","?","?","?","R","E","$","T","M","R","E","M","M","R","BOSS","M","M","M","?","?","E","M","E","T","M","E"],"items_purchased_type":["Potion","Potion","Card"],"build_version":"2020-12-22","purchased_purges":1,"victory":false,"max_hp_per_floor":[71,71,71,71,71,71,71,71,71,71,71,71,71,71,71,71,71,71,71,71,71,71,71,71,71,71,71,71,71,71,71,71,71,71,71,71,71,71,71,71,71,71,71,71,71,71],"card_choices":[{"not_picked":["Loop","Lockon"],"picked":"Steam","floor":1.0},{"not_picked":["White Noise","Double Energy"],"picked":"Cold Snap","floor":2.0},{"not_picked":["Coolheaded","Cold Snap"],"picked":"Ball Lightning","floor":3.0},{"not_picked":["Gash","Leap"],"picked":"Chill","floor":5.0},{"not_picked":["Rip and Tear","Cold Snap"],"picked":"Self Repair","floor":6.0},{"not_picked":["Hologram","Undo"],"picked":"Cold Snap","floor":7.0},{"not_picked":["Compile Driver","Static Discharge"],"picked":"Electrodynamics","floor":8.0},{"not_picked":["Conserve Battery","Loop"],"picked":"Reboot","floor":13.0},{"not_picked":["All For One","Amplify"],"picked":"Echo Form","floor":16.0},{"not_picked":["Sunder","Turbo"],"picked":"Cold Snap","floor":18.0},{"not_picked":["Conserve Battery","Static Discharge"],"picked":"FTL","floor":22.0},{"not_picked":["Go for the Eyes","Compile Driver"],"picked":"Biased Cognition","floor":24},{"not_picked":["Tempest+1","Doom and Gloom","Steam+1"],"picked":"SKIP","floor":27},{"not_picked":["Rainbow","Auto Shields"],"picked":"FTL","floor":29},{"not_picked":["Melter","Turbo"],"picked":"Cold Snap","floor":30},{"not_picked":["Conserve Battery","Compile Driver","Rip and Tear"],"picked":"SKIP","floor":31},{"not_picked":["Thunder Strike","Hyperbeam"],"picked":"Biased Cognition","floor":33},{"not_picked":["Beam Cell","Barrage+1"],"picked":"BootSequence","floor":35},{"not_picked":["Heatsinks+1","Blizzard","Go for the Eyes"],"picked":"SKIP","floor":36},{"not_picked":["Stack","Storm","Ball Lightning"],"picked":"SKIP","floor":37},{"not_picked":["Sweeping Beam","All For One","Turbo"],"picked":"SKIP","floor":39},{"not_picked":["Compile Driver","Sweeping Beam","Aggregate+1"],"picked":"SKIP","floor":40},{"not_picked":["Stack+1","Steam Power","Leap"],"picked":"SKIP","floor":41},{"not_picked":["Hello World+1","Steam"],"picked":"Self Repair","floor":42},{"not_picked":["Barrage","Darkness","Leap"],"picked":"Undo","floor":44}],"player_experience":1348511,"relics_obtained":[{"floor":6.0,"key":"Nunchaku"},{"floor":8.0,"key":"Toy Ornithopter"},{"floor":9.0,"key":"Pantograph"},{"floor":13.0,"key":"White Beast Statue"},{"floor":24,"key":"InkBottle"},{"floor":24,"key":"Symbiotic Virus"},{"floor":26,"key":"War Paint"},{"floor":29,"key":"Whetstone"},{"floor":29,"key":"MawBank"},{"floor":40,"key":"Vajra"},{"floor":40,"key":"DataDisk"},{"floor":42,"key":"Question Card"},{"floor":42,"key":"Eternal Feather"}],"event_choices":[{"cards_removed":["Zap"],"damage_healed":0.0,"max_hp_gain":0.0,"max_hp_loss":0.0,"gold_gain":0.0,"event_name":"Purifier","player_choice":"Purged","floor":4.0,"gold_loss":0.0,"damage_taken":0.0},{"damage_healed":0.0,"max_hp_gain":0.0,"max_hp_loss":0.0,"gold_gain":0.0,"event_name":"betterThird:BetterGoop","player_choice":"Left","floor":11.0,"gold_loss":74.0,"damage_taken":0.0},{"cards_removed":["Strike_B"],"damage_healed":0.0,"max_hp_gain":0.0,"max_hp_loss":0.0,"gold_gain":0.0,"event_name":"Beggar","player_choice":"Gave Gold","floor":19.0,"gold_loss":75.0,"damage_taken":0.0},{"damage_healed":0.0,"max_hp_gain":0.0,"max_hp_loss":7.0,"gold_gain":0.0,"event_name":"betterThird:BetterWriting","player_choice":"Simplicity","floor":20.0,"gold_loss":0.0,"damage_taken":0.0},{"damage_healed":0.0,"max_hp_gain":0.0,"max_hp_loss":0.0,"gold_gain":0.0,"cards_transformed":["Strike_B"],"event_name":"Transmorgrifier","player_choice":"Transformed","floor":21.0,"gold_loss":0.0,"damage_taken":0.0,"cards_obtained":["Barrage"]},{"cards_removed":["Machine Learning"],"damage_healed":0,"gold_gain":0,"player_choice":"Upgrade and Remove","damage_taken":0,"max_hp_gain":0,"max_hp_loss":0,"event_name":"Designer","floor":38,"gold_loss":110,"cards_upgraded":["Ball Lightning"]}],"is_beta":false,"boss_relics":[{"not_picked":["Runic Dome","Nuclear Battery"],"picked":"Black Star"},{"not_picked":["Tiny House","Velvet Choker"],"picked":"Astrolabe"}],"items_purged_floors":[25],"is_endless":false,"potions_floor_spawned":[1,5,6,16,18,22,24,27,29,30,31,33,35,36,37,39,40,41,42,44],"killed_by":"Nemesis","ascension_level":20}}