{"host":"8b2tzytxrazqquwe","time":1612048606,"event":{"mods":["BaseMod","Bestiary","Card Forge","Colored Map","Downfall","Highlight Path","Minty Spire (QoL Compilation)","StSLib","The Marked"],"gold_per_floor":[99,114,129,42,42,42,124,124,124,137,169,69,80,100,117,217,217,217,217],"floor_reached":17,"language":"ENG","playtime":684,"items_purged":[],"score":157,"play_id":"8a67315c-b01a-467e-9418-13f539509822","local_time":"20210130231646","is_ascension_mode":false,"campfire_choices":[{"data":"Slimebound:Split","floor":1,"key":"SMITH"},{"data":"Slimebound:LeadByExample","floor":6,"key":"SMITH"},{"floor":12,"key":"RECALL"}],"circlet_count":0,"master_deck":["Slimebound:Strike_Slimebound","Slimebound:Strike_Slimebound","Slimebound:Strike_Slimebound","Slimebound:Tackle","Slimebound:Defend_Slimebound","Slimebound:Defend_Slimebound","Slimebound:Defend_Slimebound","Slimebound:Defend_Slimebound","Slimebound:Split+1","Slimebound:CorrosiveSpit","Slimebound:SlimeSpikes","Slimebound:LevelUp","Slimebound:LeadByExample+1","Slimebound:Repurpose","Slimebound:LevelUp","Slimebound:GoopTackle","Slimebound:FirmFortitude"],"relics":["Slimebound:AbsorbEndCombatUpgraded","Hammer of Thor","Seething Fire","Anvil of the Gods","Shuriken","downfall:HeartBlessingBlue"],"acts_visited":["Exordium","TheCity"],"potions_floor_usage":[],"damage_taken":[{"damage":7,"enemies":"Jaw Worm","floor":2,"turns":4},{"damage":8,"enemies":"Small Slimes","floor":3,"turns":4},{"damage":0,"enemies":"downfall:FleeingMerchant","floor":4,"turns":4},{"damage":0,"enemies":"Cultist","floor":9,"turns":1},{"damage":4,"enemies":"Red Slaver","floor":10,"turns":4},{"damage":19,"enemies":"Gremlin Nob","floor":11,"turns":4},{"damage":15,"enemies":"2 Fungi Beasts","floor":13,"turns":3},{"damage":13,"enemies":"Large Slime","floor":14,"turns":6},{"damage":15,"enemies":"Exordium Thugs","floor":15,"turns":5},{"damage":20,"enemies":"SI_SHIV_ARCHETYPE","floor":16,"turns":9}],"seed_played":"-5542372499283379529","potions_obtained":[{"floor":8,"key":"sneckomod:MuddlingPotion"},{"floor":8,"key":"BlessingOfTheForge"},{"floor":8,"key":"Explosive Potion"},{"floor":10,"key":"DistilledChaos"},{"floor":13,"key":"hexamod:SoulburnPotion"}],"is_trial":false,"path_per_floor":["R","M","M","$","?","R","T","?","M","M","E","R","M","M","M","B",null],"character_chosen":"SLIMEBOUND","items_purchased":["Slimebound:LeadByExample"],"campfire_rested":0,"item_purchase_floors":[4],"current_hp_per_floor":[65,64,60,62,62,62,62,62,62,62,45,55,46,37,22,8,75,75,75],"gold":217,"neow_bonus":"RANDOM_COLORLESS","is_daily":false,"chose_seed":false,"campfire_upgraded":2,"win_rate":0.0,"timestamp":1612048606,"path_taken":["R","M","M","$","?","R","T","?","M","M","E","R","M","?","M","BOSS"],"items_purchased_type":["Card"],"build_version":"2020-12-22","purchased_purges":0,"victory":false,"max_hp_per_floor":[65,65,65,65,65,65,65,65,65,65,65,75,75,75,75,75,75,75,75],"card_choices":[{"not_picked":["Slimebound:ViciousTackle","Slimebound:GoopSpray","Slimebound:Nibble"],"picked":"SKIP","floor":2},{"not_picked":["Slimebound:ForwardTackle","Slimebound:GoopTackle"],"picked":"Slimebound:SlimeSpikes","floor":3},{"not_picked":["Slimebound:RollThrough","Slimebound:ComboTackle"],"picked":"Slimebound:LevelUp","floor":4},{"not_picked":["Slimebound:AcidTongue","Slimebound:SpikyOuterGoop","Slimebound:Nibble"],"picked":"SKIP","floor":9},{"not_picked":["Slimebound:RollThrough","Slimebound:LivingWall"],"picked":"Slimebound:Repurpose","floor":10},{"not_picked":["Slimebound:GoopSpray","Slimebound:FlameTackle","Slimebound:Prepare"],"picked":"SKIP","floor":11},{"not_picked":["Slimebound:Dissolve","Slimebound:DisruptingSlam"],"picked":"Slimebound:LevelUp","floor":13},{"not_picked":["Slimebound:SpikyOuterGoop","Slimebound:Nibble"],"picked":"Slimebound:GoopTackle","floor":14},{"not_picked":["Slimebound:SlimeSpikes","Slimebound:RainOfGoop","Slimebound:RallyTheTroops"],"picked":"SKIP","floor":15},{"not_picked":["Slimebound:MassFeed","Slimebound:SlimeSlap"],"picked":"Slimebound:FirmFortitude","floor":16}],"player_experience":44354,"relics_obtained":[{"floor":11,"key":"Shuriken"}],"event_choices":[{"damage_healed":0,"gold_gain":0,"player_choice":"Got Potions","damage_taken":0,"max_hp_gain":0,"max_hp_loss":0,"event_name":"Lab","floor":8,"gold_loss":0}],"is_beta":false,"boss_relics":[{"not_picked":["Philosopher\u0027s Stone","Velvet Choker"],"picked":"Slimebound:AbsorbEndCombatUpgraded"}],"items_purged_floors":[],"is_endless":false,"potions_floor_spawned":[10,13,16],"ascension_level":0}}