{"host":"ertcy5wga10zev2p","time":1612028545,"event":{"mods":["BaseMod","BetterRewards","Colored Map","Colored Powertips","Downfall","Infinite Spire","Minty Spire (QoL Compilation)","Replay The Spire","Shop Mod","StSLib","The Jungle"],"gold_per_floor":[116,116,116,191,191,216,216,216,216,216,244,262,288,299,299,403,403,403,403],"floor_reached":18,"language":"ENG","playtime":700,"items_purged":["Defend_R"],"score":237,"play_id":"dc436760-3e40-4b22-b716-b735c73f2f4e","local_time":"20210130174225","is_ascension_mode":true,"campfire_choices":[{"data":"Reaper","floor":7,"key":"SMITH"},{"data":"Discovery","floor":10,"key":"SMITH"},{"data":"Armaments","floor":15,"key":"PURGE"}],"circlet_count":0,"master_deck":["Strike_R","Strike_R","Strike_R","Strike_R","Strike_R","Defend_R","Defend_R","Defend_R","Bash+1","Shrug It Off","ReplayUltimateDefense","Discovery+1","ReplayTheSpireMod:Limb From Limb","Reaper+1","Seeing Red","Juggernaut"],"relics":["Burning Blood","NeowsBlessing","Ring of Panic","BargainBundle","Juzu Bracelet","Omamori","Replay:Accelerometer","PreservedInsect","Replay:Bottled Snecko","ReplayTheSpireMod:Shallot","ChewingGum"],"acts_visited":["Exordium","TheCity"],"potions_floor_usage":[16,16],"damage_taken":[{"damage":0,"enemies":"2 Louse","floor":1,"turns":1},{"damage":0,"enemies":"3 Sentries","floor":6,"turns":2},{"damage":0,"enemies":"Lagavulin","floor":11,"turns":1},{"damage":0,"enemies":"Small Slimes","floor":12,"turns":1},{"damage":22,"enemies":"3 Sentries","floor":13,"turns":6},{"damage":8,"enemies":"Jaw Worm","floor":14,"turns":2},{"damage":10,"enemies":"Slime Boss","floor":16,"turns":14},{"damage":0,"enemies":"3 Byrds","floor":18,"turns":1}],"seed_played":"8724520764501387378","potions_obtained":[{"floor":1,"key":"Dexterity Potion"},{"floor":12,"key":"Flashbang"}],"is_trial":false,"path_per_floor":["M","?","?","?","$","E","R","?","T","R","E","M","E","M","R_BF","B",null,"M"],"character_chosen":"IRONCLAD","items_purchased":["BargainBundle","Juzu Bracelet","Omamori","Shrug It Off","Armaments","ReplayUltimateDefense","BloodPotion","Dexterity Potion","Swift Potion","Discovery","ReplayTheSpireMod:Limb From Limb"],"campfire_rested":0,"item_purchase_floors":[5,5,5,5,5,5,5,5,5,5,5],"current_hp_per_floor":[80,80,80,69,69,75,75,75,75,75,80,80,68,66,66,67,80,80,80],"gold":403,"neow_bonus":"THREE_ENEMY_KILL","is_daily":false,"chose_seed":false,"campfire_upgraded":2,"win_rate":0.0,"timestamp":1612028545,"path_taken":["M","?","?","?","?","E","R","?","T","R","E","M","E","M","R_BF","BOSS","M"],"items_purchased_type":["Relic","Relic","Relic","Card","Card","Card","Potion","Potion","Potion","Card","Card"],"build_version":"2020-12-22","purchased_purges":1,"victory":false,"max_hp_per_floor":[80,80,80,80,80,80,80,80,80,80,80,80,80,80,80,80,80,80,80],"card_choices":[{"not_picked":["Clothesline","Thunderclap","Life Link"],"picked":"SKIP","floor":1},{"not_picked":["Replay:Undeath\u0027s Touch","Blood for Blood"],"picked":"Reaper","floor":6},{"not_picked":["Life Link","Abandon","Wild Strike"],"picked":"SKIP","floor":11},{"not_picked":["Sword Boomerang","Headbutt","Wild Strike"],"picked":"SKIP","floor":12},{"not_picked":["Armaments","Run Through","Sever Soul"],"picked":"SKIP","floor":13},{"not_picked":["Evolve","Uppercut"],"picked":"Seeing Red","floor":14},{"not_picked":["Replay:Many Hands","Immolate"],"picked":"Juggernaut","floor":16}],"player_experience":144641,"relics_obtained":[{"floor":3,"key":"Ring of Panic"},{"floor":6,"key":"Replay:Accelerometer"},{"floor":9,"key":"PreservedInsect"},{"floor":11,"key":"Replay:Bottled Snecko"},{"floor":13,"key":"ReplayTheSpireMod:Shallot"}],"event_choices":[{"damage_healed":0,"gold_gain":0,"player_choice":"Grow","damage_taken":0,"max_hp_gain":0,"max_hp_loss":0,"event_name":"Living Wall","floor":2,"gold_loss":0,"cards_upgraded":["Bash"]},{"damage_healed":0,"gold_gain":75,"player_choice":"Gather Gold","damage_taken":11,"max_hp_gain":0,"max_hp_loss":0,"event_name":"World of Goop","floor":4,"gold_loss":0}],"is_beta":false,"boss_relics":[{"not_picked":["Astrolabe","Replay:Drink Me"],"picked":"ChewingGum"}],"items_purged_floors":[5],"is_endless":false,"potions_floor_spawned":[1,12,14],"killed_by":"3 Byrds","ascension_level":1}}