{"host":"vumwfieg2b2mnrfl","time":1612042533,"event":{"mods":["AchievementEnabler","BaseMod","Minty Spire (QoL Compilation)","Rare Cards Sparkle","Relic Stats"],"gold_per_floor":[119,119,194,194,210,237,68,78,78,90,90,109,126,161,161,235,235,249,2,17,17,17,17,17,17,44,44,44,44,78,78,78],"floor_reached":31,"language":"ENG","playtime":795,"items_purged":["Regret"],"score":622,"play_id":"47cdeebe-166c-4a52-a520-855179ebee41","local_time":"20210130153533","is_ascension_mode":true,"campfire_choices":[{"floor":11.0,"key":"REST"},{"data":"Storm of Steel","floor":15,"key":"SMITH"},{"data":"Footwork","floor":23,"key":"SMITH"},{"data":"PiercingWail","floor":25,"key":"SMITH"},{"data":"After Image","floor":27,"key":"SMITH"}],"circlet_count":0,"master_deck":["AscendersBane","Strike_G","Strike_G","Strike_G","Strike_G","Strike_G+1","Defend_G","Defend_G","Defend_G","Defend_G","Defend_G","Survivor","Neutralize+1","PiercingWail+1","Poisoned Stab","Poisoned Stab","Unload","Well Laid Plans","Footwork+1","Storm of Steel+1","After Image+1","Blade Dance+1","Corpse Explosion","Finisher","Pain"],"relics":["Ring of the Snake","NeowsBlessing","MealTicket","Whetstone","Medical Kit","Pantograph","Akabeko","Cursed Key","Omamori","WarpedTongs","Happy Flower"],"acts_visited":["Exordium","TheCity"],"potions_floor_usage":[16,20,30,31],"damage_taken":[{"damage":0.0,"enemies":"2 Louse","floor":1.0,"turns":1.0},{"damage":0.0,"enemies":"Small Slimes","floor":5.0,"turns":1.0},{"damage":0.0,"enemies":"Lagavulin","floor":6.0,"turns":1.0},{"damage":0.0,"enemies":"Jaw Worm","floor":8.0,"turns":5.0},{"damage":45.0,"enemies":"Gremlin Gang","floor":10.0,"turns":7.0},{"damage":5.0,"enemies":"Blue Slaver","floor":12.0,"turns":5.0},{"damage":11.0,"enemies":"Looter","floor":13.0,"turns":4.0},{"damage":0.0,"enemies":"Gremlin Nob","floor":14.0,"turns":2.0},{"damage":30,"enemies":"Hexaghost","floor":16,"turns":15},{"damage":22,"enemies":"Spheric Guardian","floor":18,"turns":6},{"damage":4,"enemies":"Chosen","floor":20,"turns":7},{"damage":42,"enemies":"Book of Stabbing","floor":30,"turns":6},{"damage":2,"enemies":"Snake Plant","floor":31,"turns":1}],"seed_played":"-4124236139150290528","potions_obtained":[{"floor":1.0,"key":"DuplicationPotion"},{"floor":8.0,"key":"SteroidPotion"},{"floor":12.0,"key":"DuplicationPotion"},{"floor":14.0,"key":"SkillPotion"},{"floor":16,"key":"PowerPotion"},{"floor":18,"key":"PowerPotion"},{"floor":30,"key":"Fire Potion"}],"is_trial":false,"path_per_floor":["M","?","?","?","M","E","$","M","T","M","R","M","M","E","R","B",null,"M","$","M","?","?","R","?","R","T","R","?","?","E","M"],"character_chosen":"THE_SILENT","items_purchased":["Medical Kit","Corpse Explosion"],"campfire_rested":1,"item_purchase_floors":[7,19],"current_hp_per_floor":[59,59,48,48,48,48,63,63,63,18,37,32,21,21,21,16,54,32,47,43,43,43,43,43,43,43,43,43,43,1,0,0],"gold":78,"neow_bonus":"THREE_ENEMY_KILL","is_daily":false,"chose_seed":false,"campfire_upgraded":4,"win_rate":0.0,"timestamp":1612042533,"path_taken":["M","?","?","?","?","E","$","M","T","M","R","M","M","E","R","BOSS","M","$","?","?","?","R","?","R","T","R","?","?","E","M"],"items_purchased_type":["Relic","Card"],"build_version":"2020-12-22","purchased_purges":1,"victory":false,"max_hp_per_floor":[66,66,66,66,66,66,66,66,66,66,66,66,66,66,66,66,66,66,66,66,66,66,66,66,66,66,66,66,66,66,66,66],"relic_stats":{"Happy Flower":[0],"counters":[13,61],"Pantograph":25,"MealTicket":30,"Whetstone":["Strike_G","Neutralize"],"Medical Kit":[13],"Cursed Key":1,"obtain_stats":[{"NeowsBlessing":0,"Happy Flower":30,"Pantograph":9,"MealTicket":2,"Omamori":26,"Whetstone":6,"Medical Kit":7,"Cursed Key":17,"Akabeko":14,"Ring of the Snake":0,"WarpedTongs":29},{"NeowsBlessing":0,"Happy Flower":12,"Pantograph":4,"MealTicket":1,"Omamori":11,"Whetstone":3,"Medical Kit":3,"Cursed Key":9,"Akabeko":8,"Ring of the Snake":0,"WarpedTongs":11},{"NeowsBlessing":0,"Happy Flower":60,"Pantograph":8,"MealTicket":1,"Omamori":54,"Whetstone":3,"Medical Kit":3,"Cursed Key":41,"Akabeko":26,"Ring of the Snake":0,"WarpedTongs":54}],"Ring of the Snake":[26],"WarpedTongs":[7]},"card_choices":[{"not_picked":["Accuracy","Dodge and Roll"],"picked":"PiercingWail","floor":1.0},{"not_picked":["Flying Knee","Acrobatics","Infinite Blades"],"picked":"SKIP","floor":5.0},{"not_picked":["Flying Knee","Quick Slash"],"picked":"Poisoned Stab","floor":6.0},{"not_picked":["Heel Hook","Dodge and Roll"],"picked":"Poisoned Stab","floor":8.0},{"not_picked":["Slice","Dagger Spray"],"picked":"Unload","floor":10.0},{"not_picked":["Acrobatics","Blur"],"picked":"Well Laid Plans","floor":12.0},{"not_picked":["Dagger Spray","Dagger Throw"],"picked":"Footwork","floor":13.0},{"not_picked":["Crippling Poison","Quick Slash"],"picked":"Storm of Steel","floor":14.0},{"not_picked":["Storm of Steel","Phantasmal Killer"],"picked":"After Image","floor":16},{"not_picked":["PiercingWail","Tactician"],"picked":"Blade Dance+1","floor":18},{"not_picked":["Terror","Heel Hook"],"picked":"Finisher","floor":20},{"not_picked":["Flying Knee","PiercingWail","Expertise"],"picked":"SKIP","floor":30}],"player_experience":502064,"relics_obtained":[{"floor":6.0,"key":"Whetstone"},{"floor":9.0,"key":"Pantograph"},{"floor":14.0,"key":"Akabeko"},{"floor":26,"key":"Omamori"},{"floor":30,"key":"Happy Flower"}],"event_choices":[{"damage_healed":0.0,"max_hp_gain":0.0,"max_hp_loss":0.0,"gold_gain":0.0,"event_name":"Big Fish","player_choice":"Box","floor":2.0,"gold_loss":0.0,"damage_taken":0.0,"relics_obtained":["MealTicket"],"cards_obtained":["Regret"]},{"damage_healed":0.0,"max_hp_gain":0.0,"max_hp_loss":0.0,"gold_gain":75.0,"event_name":"World of Goop","player_choice":"Gather Gold","floor":3.0,"gold_loss":0.0,"damage_taken":11.0},{"damage_healed":0.0,"max_hp_gain":0.0,"max_hp_loss":0.0,"gold_gain":0.0,"event_name":"Shining Light","player_choice":"Ignored","floor":4.0,"gold_loss":0.0,"damage_taken":0.0},{"damage_healed":0,"gold_gain":0,"player_choice":"Ignored","damage_taken":0,"max_hp_gain":0,"max_hp_loss":0,"event_name":"The Mausoleum","floor":21,"gold_loss":0},{"damage_healed":0,"gold_gain":0,"player_choice":"Ignored","damage_taken":0,"max_hp_gain":0,"max_hp_loss":0,"event_name":"Cursed Tome","floor":22,"gold_loss":0},{"damage_healed":0,"gold_gain":0,"player_choice":"Ignored","damage_taken":0,"max_hp_gain":0,"max_hp_loss":0,"event_name":"Vampires","floor":24,"gold_loss":0},{"damage_healed":0,"gold_gain":0,"player_choice":"Ignored","damage_taken":0,"max_hp_gain":0,"max_hp_loss":0,"event_name":"Ghosts","floor":28,"gold_loss":0},{"damage_healed":0,"gold_gain":0,"player_choice":"Rummage","damage_taken":0,"relics_obtained":["WarpedTongs"],"max_hp_gain":0,"max_hp_loss":0,"event_name":"Accursed Blacksmith","floor":29,"gold_loss":0,"cards_obtained":["Pain"]}],"is_beta":false,"boss_relics":[{"not_picked":["Astrolabe","Tiny House"],"picked":"Cursed Key"}],"items_purged_floors":[19],"is_endless":false,"potions_floor_spawned":[1,8,12,14,16,18,30],"killed_by":"Snake Plant","ascension_level":20}}