{"host":"stk82ot58bnorhun","time":1612024461,"event":{"mods":["BaseMod","Colored Powertips","Highlight Path","Minty Spire (QoL Compilation)","Replay The Spire","Shop Mod","StSLib","SuperFastMode"],"gold_per_floor":[113,129,139,139,159,159,176,62,62,90,90,109,127,138,138,240,240,259,39,56,56,56,56,88,88,88,88,88,101,101,113,113,113,113],"floor_reached":33,"language":"ZHS","playtime":1718,"items_purged":["Strike_B"],"score":276,"play_id":"d994bbc2-f5cf-456d-be6b-a8c79b301313","local_time":"20210131003421","is_ascension_mode":false,"campfire_choices":[{"data":"Rainbow","floor":6.0,"key":"SMITH"},{"data":"Chrysalis","floor":11.0,"key":"SMITH"},{"floor":15.0,"key":"REST"},{"data":"Redo","floor":23.0,"key":"SMITH"},{"floor":32,"key":"REST"}],"circlet_count":0,"master_deck":["Strike_B","Strike_B","Defend_B","Defend_B","Defend_B","Zap","Dualcast","Vigilance","Chrysalis+1","Redo+1","Go for the Eyes","Cold Snap","White Noise","Rainbow+1","ReplayTheSpireMod:Calculation Training","Genetic Algorithm","Beam Cell","FIFO Queue","Self Repair","Compile Driver","Undo","Rebound","Capacitor","Gash","Blizzard","Electrodynamics","Glacier+1","ReplaySort","Barrage","Capacitor","Coolheaded","Redo","Aggregate","Mirror Shield","Lockon","Echo Form","Melter+1","BasicCrystalCard","Stack+1","Fusion"],"relics":["Cracked Core","Prayer Wheel","Lantern","Dream Catcher","Prayer Wheel","Philosopher\u0027s Stone","Toolbox","Bottled Flame"],"acts_visited":["Exordium","TheCity"],"potions_floor_usage":[33,33],"damage_taken":[{"damage":1.0,"enemies":"Jaw Worm","floor":1.0,"turns":4.0},{"damage":7.0,"enemies":"Cultist","floor":2.0,"turns":5.0},{"damage":1.0,"enemies":"2 Louse","floor":3.0,"turns":2.0},{"damage":19.0,"enemies":"Looter","floor":5.0,"turns":4.0},{"damage":4.0,"enemies":"2 Fungi Beasts","floor":7.0,"turns":6.0},{"damage":2.0,"enemies":"Gremlin Nob","floor":10.0,"turns":4.0},{"damage":24.0,"enemies":"Large Slime","floor":12.0,"turns":7.0},{"damage":9.0,"enemies":"Exordium Thugs","floor":13.0,"turns":7.0},{"damage":2.0,"enemies":"Looter","floor":14.0,"turns":3.0},{"damage":20.0,"enemies":"Slime Boss","floor":16.0,"turns":14.0},{"damage":3.0,"enemies":"Spheric Guardian","floor":18.0,"turns":4.0},{"damage":10.0,"enemies":"Shell Parasite","floor":20.0,"turns":5.0},{"damage":19.0,"enemies":"Shelled Parasite and Fungi","floor":24.0,"turns":6.0},{"damage":17.0,"enemies":"Snake Plant","floor":29.0,"turns":4.0},{"damage":14,"enemies":"Snecko","floor":31,"turns":5},{"damage":45,"enemies":"Automaton","floor":33,"turns":6}],"seed_played":"-6040806529070737336","potions_obtained":[{"floor":7.0,"key":"BlessingOfTheForge"},{"floor":12.0,"key":"GamblersBrew"},{"floor":13.0,"key":"Fruit Juice"},{"floor":14.0,"key":"Energy Potion"},{"floor":16.0,"key":"PotionOfCapacity"},{"floor":18.0,"key":"ColorlessPotion"},{"floor":24.0,"key":"Fire Potion"},{"floor":29.0,"key":"CultistPotion"},{"floor":31,"key":"Milkshake"}],"is_trial":false,"path_per_floor":["M","M","M","?","M","R","M","$","T","E","R","M","M","M","R","B",null,"M","$","M","?","?","R","M","?","T","?","?","M","?","M","R","B"],"character_chosen":"DEFECT","items_purchased":["FIFO Queue","Toolbox","Capacitor"],"campfire_rested":2,"item_purchase_floors":[8,19,19],"current_hp_per_floor":[74,67,66,59,40,40,36,36,36,34,34,10,13,11,35,22,80,77,77,77,77,77,77,58,58,58,58,43,26,26,12,37,0,0],"gold":113,"neow_bonus":"RANDOM_COLORLESS_2","is_daily":false,"chose_seed":false,"campfire_upgraded":3,"win_rate":0.0,"timestamp":1612024461,"path_taken":["M","M","M","?","M","R","M","$","T","E","R","M","M","M","R","BOSS","M","$","M","?","?","R","M","?","T","?","?","?","?","?","R","BOSS"],"items_purchased_type":["Card","Relic","Card"],"build_version":"2020-12-22","purchased_purges":1,"victory":false,"max_hp_per_floor":[75,75,75,75,75,75,75,75,75,75,75,75,80,80,80,80,80,80,80,80,80,80,80,80,80,80,80,85,85,85,85,85,85,85],"card_choices":[{"not_picked":["Mayhem","Metamorphosis"],"picked":"Chrysalis","floor":0.0},{"not_picked":["Compile Driver","Rebound"],"picked":"Redo","floor":1.0},{"not_picked":["Barrage","Beam Cell"],"picked":"Go for the Eyes","floor":2.0},{"not_picked":["Go for the Eyes","Hologram"],"picked":"Cold Snap","floor":3.0},{"not_picked":["Force Field","Sweeping Beam"],"picked":"White Noise","floor":3.0},{"not_picked":["Hologram","Steam"],"picked":"Rainbow","floor":5.0},{"not_picked":["Barrage","Scrape"],"picked":"ReplayTheSpireMod:Calculation Training","floor":5.0},{"not_picked":["Go for the Eyes","Hologram"],"picked":"Genetic Algorithm","floor":7.0},{"not_picked":["Go for the Eyes","Barrage"],"picked":"Beam Cell","floor":7.0},{"not_picked":["Go for the Eyes","Barrage","BasicCrystalCard"],"picked":"SKIP","floor":10.0},{"not_picked":["ReplayTheSpireMod:GoodbyeWorld","Leap"],"picked":"Self Repair","floor":12.0},{"not_picked":["Conserve Battery","Gash"],"picked":"Compile Driver","floor":12.0},{"not_picked":["ReplayRNGCard","White Noise"],"picked":"Undo","floor":13.0},{"not_picked":["Storm","Beam Cell"],"picked":"Rebound","floor":13.0},{"not_picked":["Blizzard","ReplayTheSpireMod:GoodbyeWorld"],"picked":"Capacitor","floor":14.0},{"not_picked":["Steam","Rebound"],"picked":"Gash","floor":14.0},{"not_picked":["Leap","ReplaySolidLightProjector"],"picked":"Blizzard","floor":15.0},{"not_picked":["Mirror Shield","Rainbow"],"picked":"Electrodynamics","floor":16.0},{"not_picked":["White Noise","Compile Driver"],"picked":"Glacier+1","floor":18.0},{"not_picked":["Cold Snap","Beam Cell+1"],"picked":"ReplaySort","floor":18.0},{"not_picked":["Tempest+1","ReplayTheSpireMod:Reroute Power+1"],"picked":"Barrage","floor":18.0},{"not_picked":["Barrage","Ball Lightning"],"picked":"Coolheaded","floor":20.0},{"not_picked":["Genetic Algorithm","Consume"],"picked":"Redo","floor":20.0},{"not_picked":["Storm","Hologram","Rebound"],"picked":"SKIP","floor":20.0},{"not_picked":["Storm","Blizzard"],"picked":"Aggregate","floor":24.0},{"not_picked":["Coolheaded","Force Field"],"picked":"Mirror Shield","floor":24.0},{"not_picked":["Go for the Eyes+1","Rebound","Gash"],"picked":"SKIP","floor":24.0},{"not_picked":["Steam","Leap+1"],"picked":"Melter+1","floor":29.0},{"not_picked":["Leap","Redo","Streamline"],"picked":"SKIP","floor":29.0},{"not_picked":["Coolheaded","Cold Snap","Streamline"],"picked":"SKIP","floor":29.0},{"not_picked":["Steam","Compile Driver+1"],"picked":"BasicCrystalCard","floor":31},{"not_picked":["Static Discharge","Storm"],"picked":"Stack+1","floor":31},{"not_picked":["Sweeping Beam","Ball Lightning","Undo"],"picked":"SKIP","floor":31},{"not_picked":["Compile Driver+1","Blizzard"],"picked":"Fusion","floor":32}],"player_experience":40276,"relics_obtained":[{"floor":9.0,"key":"Lantern"},{"floor":10.0,"key":"Dream Catcher"},{"floor":26.0,"key":"Bottled Flame"}],"event_choices":[{"damage_healed":0.0,"max_hp_gain":0.0,"max_hp_loss":0.0,"gold_gain":0.0,"event_name":"Wheel of Change","player_choice":"Damaged","floor":4.0,"gold_loss":0.0,"damage_taken":7.0},{"cards_removed":["Defend_B"],"damage_healed":0.0,"max_hp_gain":0.0,"max_hp_loss":0.0,"gold_gain":0.0,"event_name":"Back to Basics","player_choice":"Elegance","floor":22.0,"gold_loss":0.0,"damage_taken":0.0},{"damage_healed":0.0,"max_hp_gain":0.0,"max_hp_loss":0.0,"gold_gain":0.0,"event_name":"Vampires","player_choice":"Ignored","floor":25.0,"gold_loss":0.0,"damage_taken":0.0},{"damage_healed":0.0,"max_hp_gain":0.0,"max_hp_loss":0.0,"gold_gain":0.0,"cards_transformed":["Strike_B","Defend_B"],"event_name":"Drug Dealer","player_choice":"Became Test Subject","floor":27.0,"gold_loss":0.0,"damage_taken":0.0,"cards_obtained":["Lockon","Echo Form"]},{"damage_healed":0.0,"max_hp_gain":5.0,"max_hp_loss":0.0,"gold_gain":0.0,"event_name":"Forgotten Altar","player_choice":"Shed Blood","floor":28.0,"gold_loss":0.0,"damage_taken":20.0},{"damage_healed":0.0,"max_hp_gain":0.0,"max_hp_loss":0.0,"gold_gain":0.0,"event_name":"The Mausoleum","player_choice":"Ignored","floor":30.0,"gold_loss":0.0,"damage_taken":0.0}],"is_beta":false,"boss_relics":[{"not_picked":["Calling Bell","Runic Dome"],"picked":"Philosopher\u0027s Stone"}],"items_purged_floors":[8],"is_endless":false,"potions_floor_spawned":[7,12,13,14,16,18,24,29,31],"killed_by":"Automaton","ascension_level":0}}