{"host":"vyjryxuuuxkt43k4","time":1612012208,"event":{"mods":["AchievementEnabler","BaseMod","Colored Map","DeckTracker","Keyboard Shortcuts","Minty Spire (QoL Compilation)","Permanent Neow","Quick Restart","Rare Cards Sparkle","StSLib","SuperFastMode","everything is the same but u backflip on backflip"],"gold_per_floor":[117,128,128,145,51,51,76,87,87,113,113,78,78,109,109,182,182,193,193,210,21,21,37,37,37,37,57,57,90,90,103,103,103,103],"floor_reached":33,"language":"KOR","playtime":1483,"items_purged":[],"score":666,"play_id":"a8ea90d7-67c9-489f-bc63-9b0d26ddfcd4","local_time":"20210130221008","is_ascension_mode":true,"campfire_choices":[{"data":"Perfected Strike","floor":6.0,"key":"SMITH"},{"data":"Flex","floor":11.0,"key":"SMITH"},{"data":"Perfected Strike","floor":13.0,"key":"SMITH"},{"data":"Pommel Strike","floor":15.0,"key":"SMITH"},{"floor":24.0,"key":"REST"},{"data":"Limit Break","floor":28.0,"key":"SMITH"},{"floor":32,"key":"REST"}],"circlet_count":0,"master_deck":["AscendersBane","Strike_R","Strike_R","Strike_R","Strike_R","Strike_R","Defend_R","Defend_R","Bash","Twin Strike","Perfected Strike+1","Flex+1","Ghostly Armor","Perfected Strike+1","Pommel Strike+1","Impervious","Limit Break+1","Headbutt","Second Wind","Rage","Perfected Strike+1","Flame Barrier","Sword Boomerang+1","Burning Pact"],"relics":["Black Blood","Nunchaku","Smiling Mask","Bottled Lightning","Gambling Chip","Tiny Chest","Membership Card","Charon\u0027s Ashes","Pear","InkBottle"],"acts_visited":["Exordium","TheCity"],"potions_floor_usage":[29,29],"damage_taken":[{"damage":5.0,"enemies":"Small Slimes","floor":1.0,"turns":3.0},{"damage":6.0,"enemies":"2 Louse","floor":2.0,"turns":3.0},{"damage":1.0,"enemies":"Cultist","floor":4.0,"turns":3.0},{"damage":35.0,"enemies":"Lagavulin","floor":7.0,"turns":5.0},{"damage":0.0,"enemies":"Looter","floor":8.0,"turns":2.0},{"damage":10.0,"enemies":"3 Sentries","floor":10.0,"turns":4.0},{"damage":32.0,"enemies":"Gremlin Nob","floor":14.0,"turns":4.0},{"damage":0.0,"enemies":"Slime Boss","floor":16.0,"turns":5.0},{"damage":39.0,"enemies":"3 Byrds","floor":18.0,"turns":7.0},{"damage":34.0,"enemies":"Shell Parasite","floor":20.0,"turns":4.0},{"damage":11.0,"enemies":"Centurion and Healer","floor":23.0,"turns":4.0},{"damage":18.0,"enemies":"Sentry and Sphere","floor":27.0,"turns":4.0},{"damage":6,"enemies":"Gremlin Leader","floor":29,"turns":2},{"damage":60,"enemies":"Shelled Parasite and Fungi","floor":31,"turns":5},{"damage":87,"enemies":"Champ","floor":33,"turns":10}],"seed_played":"1571722637237700761","potions_obtained":[{"floor":4.0,"key":"AttackPotion"},{"floor":14.0,"key":"DistilledChaos"},{"floor":23.0,"key":"Explosive Potion"},{"floor":27.0,"key":"EssenceOfSteel"}],"is_trial":false,"path_per_floor":["M","M","?","M","$","R","E","M","T","E","R","?","R","E","R","B",null,"M","?","M","$","?","M","R","T","T","M","R","E","?","M","R","B"],"character_chosen":"IRONCLAD","items_purchased":["Ghostly Armor","Explosive Potion","Membership Card","Rage"],"campfire_rested":2,"item_purchase_floors":[5,5,21,21],"current_hp_per_floor":[69,69,62,67,67,67,38,44,44,40,40,58,58,32,32,38,66,39,39,17,17,17,18,40,40,50,44,44,50,85,37,62,0,0],"gold":103,"neow_bonus":"RANDOM_COMMON_RELIC","is_daily":false,"chose_seed":false,"campfire_upgraded":5,"win_rate":0.0,"timestamp":1612012208,"path_taken":["M","M","?","M","$","R","E","M","T","E","R","?","R","E","R","BOSS","M","?","?","$","?","M","R","?","T","?","R","E","?","M","R","BOSS"],"items_purchased_type":["Card","Potion","Relic","Card"],"build_version":"2020-12-22","purchased_purges":0,"victory":false,"max_hp_per_floor":[75,75,75,75,75,75,75,75,75,75,75,75,75,75,75,75,75,75,75,75,75,75,75,75,75,85,85,85,85,85,85,85,85,85],"card_choices":[{"not_picked":["Cleave","Clash"],"picked":"Twin Strike","floor":1.0},{"not_picked":["True Grit","Twin Strike"],"picked":"Perfected Strike","floor":2.0},{"not_picked":["Anger","Body Slam"],"picked":"Flex","floor":4.0},{"not_picked":["Rampage","Bloodletting"],"picked":"Perfected Strike","floor":7.0},{"not_picked":["Shrug It Off","Cleave"],"picked":"Pommel Strike","floor":8.0},{"not_picked":["Clothesline","Armaments"],"picked":"Impervious","floor":10.0},{"not_picked":["Ghostly Armor","Cleave","Hemokinesis"],"picked":"SKIP","floor":14.0},{"not_picked":["Barricade","Juggernaut"],"picked":"Limit Break","floor":16.0},{"not_picked":["Sword Boomerang","Feel No Pain"],"picked":"Headbutt","floor":18.0},{"not_picked":["Infernal Blade","Hemokinesis+1"],"picked":"Second Wind","floor":20.0},{"not_picked":["Inflame","Iron Wave"],"picked":"Bloodletting","floor":23.0},{"not_picked":["Clash","Iron Wave"],"picked":"Flame Barrier","floor":27.0},{"not_picked":["Body Slam","True Grit"],"picked":"Sword Boomerang+1","floor":29},{"not_picked":["Rampage","Spot Weakness"],"picked":"Burning Pact","floor":31}],"player_experience":513483,"relics_obtained":[{"floor":7.0,"key":"Smiling Mask"},{"floor":9.0,"key":"Bottled Lightning"},{"floor":10.0,"key":"Gambling Chip"},{"floor":14.0,"key":"Tiny Chest"},{"floor":25.0,"key":"Charon\u0027s Ashes"},{"floor":26.0,"key":"Pear"},{"floor":29,"key":"InkBottle"}],"event_choices":[{"cards_removed":["Defend_R"],"damage_healed":0.0,"max_hp_gain":0.0,"max_hp_loss":0.0,"gold_gain":0.0,"event_name":"Golden Wing","player_choice":"Card Removal","floor":3.0,"gold_loss":0.0,"damage_taken":7.0},{"damage_healed":18.0,"max_hp_gain":0.0,"max_hp_loss":0.0,"gold_gain":0.0,"event_name":"The Cleric","player_choice":"Healed","floor":12.0,"gold_loss":35.0,"damage_taken":0.0},{"cards_removed":["Defend_R"],"damage_healed":0.0,"max_hp_gain":0.0,"max_hp_loss":0.0,"gold_gain":0.0,"event_name":"Wheel of Change","player_choice":"Card Removal","floor":19.0,"gold_loss":0.0,"damage_taken":0.0},{"damage_healed":0.0,"max_hp_gain":0.0,"max_hp_loss":0.0,"gold_gain":0.0,"event_name":"Duplicator","player_choice":"Copied","floor":22.0,"gold_loss":0.0,"damage_taken":0.0,"cards_obtained":["Perfected Strike"]},{"cards_removed":["Bloodletting"],"damage_healed":35,"gold_gain":0,"player_choice":"Offered Uncommon","damage_taken":0,"max_hp_gain":0,"max_hp_loss":0,"event_name":"Bonfire Elementals","floor":30,"gold_loss":0}],"is_beta":false,"boss_relics":[{"not_picked":["Runic Pyramid","Astrolabe"],"picked":"Black Blood"}],"items_purged_floors":[],"is_endless":false,"potions_floor_spawned":[4,14,23,27],"killed_by":"Champ","ascension_level":20}}