{"host":"dq9lwkr0jwog4b8f","time":1612024866,"event":{"mods":["AchievementEnabler","BaseMod","Colored Map","Colored Powertips","DeckTracker","Minty Spire (QoL Compilation)"],"gold_per_floor":[117,130,130,148,160,160,335,355,381,6,20,20,33,50,50,148,148,161,147,147,166,166,166,183,211,289,389,402,402,402,402,402,507,507,517,532,581,1580,1580,1580],"floor_reached":39,"language":"ENG","playtime":5362,"items_purged":[],"score":470,"play_id":"f180c48b-cb64-425b-9469-6678694da97d","local_time":"20210130174106","is_ascension_mode":false,"campfire_choices":[{"floor":6,"key":"REST"},{"floor":12,"key":"REST"},{"data":"Streamline","floor":15,"key":"SMITH"},{"floor":23,"key":"REST"},{"floor":29,"key":"REST"},{"floor":32,"key":"RECALL"}],"circlet_count":0,"master_deck":["Defend_B","Defend_B","Defend_B","Defend_B","Zap","Dualcast","Heatsinks","Genetic Algorithm","Genetic Algorithm","Darkness","Streamline+1","Doubt","Storm","Capacitor","Sweeping Beam","Machine Learning","Streamline","Hyperbeam","Self Repair+1","Chill","Hello World","Conserve Battery+1","Sunder+1","Go for the Eyes","Sunder+1","Bite","Bite","Bite","Bite","Bite","Echo Form","Beam Cell","White Noise+1","Streamline","Normality","Normality"],"relics":["Cracked Core","Medical Kit","Vajra","Fusion Hammer","Regal Pillow","HornCleat","Calipers","Matryoshka","Velvet Choker","Unceasing Top"],"acts_visited":["Exordium","TheCity","TheBeyond"],"potions_floor_usage":[16,16,25,27,33,37],"damage_taken":[{"damage":2,"enemies":"2 Louse","floor":1,"turns":2},{"damage":5,"enemies":"Small Slimes","floor":2,"turns":4},{"damage":5,"enemies":"Jaw Worm","floor":4,"turns":4},{"damage":33,"enemies":"Exordium Wildlife","floor":5,"turns":6},{"damage":14,"enemies":"Lots of Slimes","floor":8,"turns":5},{"damage":8,"enemies":"Looter","floor":11,"turns":4},{"damage":0,"enemies":"2 Fungi Beasts","floor":13,"turns":4},{"damage":0,"enemies":"Large Slime","floor":14,"turns":6},{"damage":24,"enemies":"Hexaghost","floor":16,"turns":8},{"damage":19,"enemies":"Chosen","floor":18,"turns":5},{"damage":13,"enemies":"2 Thieves","floor":19,"turns":4},{"damage":16,"enemies":"Sentry and Sphere","floor":21,"turns":6},{"damage":17,"enemies":"Cultist and Chosen","floor":24,"turns":7},{"damage":21,"enemies":"Slavers","floor":25,"turns":7},{"damage":2,"enemies":"Colosseum Slavers","floor":27,"turns":5},{"damage":9,"enemies":"Colosseum Nobs","floor":27,"turns":5},{"damage":0,"enemies":"Snecko","floor":28,"turns":4},{"damage":41,"enemies":"Automaton","floor":33,"turns":11},{"damage":0,"enemies":"3 Shapes","floor":35,"turns":4},{"damage":0,"enemies":"Orb Walker","floor":36,"turns":4},{"damage":76,"enemies":"2 Orb Walkers","floor":37,"turns":8},{"damage":38,"enemies":"Spire Growth","floor":39,"turns":4}],"seed_played":"-6648043350855482452","potions_obtained":[{"floor":1,"key":"DuplicationPotion"},{"floor":4,"key":"SteroidPotion"},{"floor":11,"key":"PowerPotion"},{"floor":19,"key":"SkillPotion"},{"floor":24,"key":"Block Potion"},{"floor":28,"key":"Ancient Potion"},{"floor":35,"key":"EssenceOfSteel"}],"is_trial":false,"path_per_floor":["M","M","?","M","M","R","?","M","T","$","M","R","M","M","R","B",null,"M","M","?","M","?","R","M","E","T","?","M","R","?","?","R","B",null,"M","M","?","?","M"],"character_chosen":"DEFECT","items_purchased":["Medical Kit","Capacitor","Vajra"],"campfire_rested":4,"item_purchase_floors":[10,10,10],"current_hp_per_floor":[73,68,68,63,30,52,52,38,38,38,32,54,56,58,58,36,75,56,55,55,51,37,61,56,47,47,60,72,80,80,80,80,62,80,80,80,18,18,0,0],"gold":1580,"neow_bonus":"REMOVE_CARD","is_daily":false,"chose_seed":false,"campfire_upgraded":1,"win_rate":0.0,"timestamp":1612024866,"path_taken":["M","M","?","M","M","R","?","M","T","?","M","R","?","?","R","BOSS","M","M","?","M","?","R","M","E","T","?","?","R","?","?","R","BOSS","M","M","?","?","M"],"items_purchased_type":["Relic","Card","Relic"],"build_version":"2020-12-22","purchased_purges":0,"victory":false,"max_hp_per_floor":[75,75,75,75,75,75,75,75,75,75,75,75,75,75,75,75,75,75,75,75,75,80,80,80,80,80,80,80,80,80,80,80,80,80,80,80,80,80,80,80],"card_choices":[{"not_picked":["Go for the Eyes","Compile Driver"],"picked":"Heatsinks","floor":1},{"not_picked":["Hologram","Darkness"],"picked":"Genetic Algorithm","floor":2},{"not_picked":["Go for the Eyes","Gash"],"picked":"Darkness","floor":4},{"not_picked":["Stack","Redo"],"picked":"Streamline","floor":5},{"not_picked":["Go for the Eyes","Redo"],"picked":"Storm","floor":8},{"not_picked":["Glacier","Compile Driver"],"picked":"Sweeping Beam","floor":11},{"not_picked":["Streamline","Turbo"],"picked":"Machine Learning","floor":13},{"not_picked":["Coolheaded","Chaos"],"picked":"Streamline","floor":14},{"not_picked":["Meteor Strike","All For One"],"picked":"Hyperbeam","floor":16},{"not_picked":["Aggregate+1","Undo"],"picked":"Self Repair+1","floor":18},{"not_picked":["Barrage","Rip and Tear","Coolheaded+1"],"picked":"SKIP","floor":19},{"not_picked":["Streamline+1","Go for the Eyes"],"picked":"Conserve Battery+1","floor":21},{"not_picked":["Lockon+1","Turbo+1"],"picked":"Sunder+1","floor":24},{"not_picked":["Steam","Cold Snap"],"picked":"Go for the Eyes","floor":25},{"not_picked":["Barrage","Force Field+1"],"picked":"Sunder","floor":27},{"not_picked":["Redo+1","Hologram","Rebound"],"picked":"SKIP","floor":28},{"not_picked":["Fission","Thunder Strike"],"picked":"Echo Form","floor":33},{"not_picked":["Turbo","Redo+1"],"picked":"Beam Cell","floor":35},{"not_picked":["Hologram+1","Stack+1"],"picked":"White Noise+1","floor":36},{"not_picked":["Turbo+1","Gash"],"picked":"Streamline","floor":37}],"player_experience":196190,"relics_obtained":[{"floor":9,"key":"Blood Vial"},{"floor":25,"key":"Regal Pillow"},{"floor":26,"key":"HornCleat"},{"floor":27,"key":"Calipers"},{"floor":27,"key":"Matryoshka"},{"floor":37,"key":"Unceasing Top"}],"event_choices":[{"damage_healed":0,"gold_gain":0,"cards_transformed":["Strike_B"],"player_choice":"Change","damage_taken":0,"max_hp_gain":0,"max_hp_loss":0,"event_name":"Living Wall","floor":3,"gold_loss":0,"cards_obtained":["Genetic Algorithm"]},{"damage_healed":0,"gold_gain":175,"player_choice":"AGREE","damage_taken":0,"max_hp_gain":0,"max_hp_loss":0,"event_name":"Liars Game","floor":7,"gold_loss":0,"cards_obtained":["Doubt"]},{"damage_healed":0,"gold_gain":0,"cards_transformed":["Strike_B","Strike_B"],"player_choice":"Became Test Subject","damage_taken":0,"max_hp_gain":0,"max_hp_loss":0,"event_name":"Drug Dealer","floor":20,"gold_loss":0,"cards_obtained":["Chill","Hello World"]},{"damage_healed":0,"gold_gain":0,"player_choice":"Shed Blood","damage_taken":19,"max_hp_gain":5,"max_hp_loss":0,"event_name":"Forgotten Altar","floor":22,"gold_loss":0},{"damage_healed":0,"gold_gain":0,"player_choice":"Fight","damage_taken":0,"max_hp_gain":0,"max_hp_loss":0,"event_name":"Colosseum","floor":27,"gold_loss":0},{"damage_healed":0,"gold_gain":0,"player_choice":"Fought Nobs","damage_taken":0,"max_hp_gain":0,"max_hp_loss":0,"event_name":"Colosseum","floor":27,"gold_loss":0},{"damage_healed":0,"gold_gain":0,"player_choice":"Became a vampire (Vial)","damage_taken":0,"max_hp_gain":0,"max_hp_loss":0,"event_name":"Vampires","floor":30,"relics_lost":["Blood Vial"],"gold_loss":0,"cards_obtained":["Bite","Bite","Bite","Bite","Bite"]},{"damage_healed":0,"gold_gain":0,"player_choice":"Upgraded","damage_taken":0,"max_hp_gain":0,"max_hp_loss":0,"event_name":"Upgrade Shrine","floor":31,"gold_loss":0,"cards_upgraded":["Sunder"]},{"damage_healed":0,"gold_gain":0,"player_choice":"Fight","damage_taken":0,"max_hp_gain":0,"max_hp_loss":0,"event_name":"Mysterious Sphere","floor":37,"gold_loss":0},{"damage_healed":0,"gold_gain":999,"player_choice":"Gold","damage_taken":0,"max_hp_gain":0,"max_hp_loss":0,"event_name":"MindBloom","floor":38,"gold_loss":0,"cards_obtained":["Normality","Normality"]}],"is_beta":false,"boss_relics":[{"not_picked":["SacredBark","Ectoplasm"],"picked":"Fusion Hammer"},{"not_picked":["Empty Cage","Pandora\u0027s Box"],"picked":"Velvet Choker"}],"items_purged_floors":[],"is_endless":false,"potions_floor_spawned":[1,4,11,19,24,28,35],"killed_by":"Spire Growth","ascension_level":0}}