{"host":"3jpwrwmmgyabjceh","time":1612010040,"event":{"mods":["AchievementEnabler","BaseMod","Colored Map","Colored Powertips","Highlight Path","Minty Spire (QoL Compilation)","Quick Restart","Relic Stats","StSLib","SuperFastMode"],"gold_per_floor":[116,116,131,131,150,185,185,206,206,206,206],"floor_reached":10,"language":"ENG","playtime":243,"items_purged":[],"score":92,"play_id":"25d9d6bf-460e-4190-845e-44f6f2580841","local_time":"20210130153400","is_ascension_mode":true,"campfire_choices":[{"floor":7,"key":"REST"}],"circlet_count":0,"master_deck":["Strike_R+1","Strike_R","Strike_R","Strike_R+1","Strike_R","Defend_R","Defend_R","Defend_R","Defend_R","Bash","Pommel Strike","Shrug It Off","Clothesline","Armaments"],"relics":["Mark of Pain","Golden Idol","Toy Ornithopter"],"acts_visited":["Exordium"],"potions_floor_usage":[],"damage_taken":[{"damage":0.0,"enemies":"Cultist","floor":1.0,"turns":4.0},{"damage":7.0,"enemies":"Small Slimes","floor":3.0,"turns":4.0},{"damage":4.0,"enemies":"Jaw Worm","floor":5.0,"turns":3.0},{"damage":24,"enemies":"Gremlin Nob","floor":6,"turns":5},{"damage":9,"enemies":"Blue Slaver","floor":8,"turns":4},{"damage":36,"enemies":"3 Sentries","floor":10,"turns":4}],"seed_played":"-8650948653188841447","potions_obtained":[{"floor":8,"key":"Swift Potion"}],"is_trial":false,"path_per_floor":["M","?","M","?","M","E","R","M","T","E"],"character_chosen":"IRONCLAD","items_purchased":[],"campfire_rested":1,"item_purchase_floors":[],"current_hp_per_floor":[72,56,49,49,45,21,43,34,34,0,0],"gold":206,"neow_bonus":"BOSS_RELIC","is_daily":false,"chose_seed":false,"campfire_upgraded":0,"win_rate":0.0,"timestamp":1612010040,"path_taken":["M","?","M","?","M","E","R","M","T","E"],"items_purchased_type":[],"build_version":"2020-12-22","purchased_purges":0,"victory":false,"max_hp_per_floor":[80,80,80,74,74,74,74,74,74,74,74],"relic_stats":{"counters":[6,24],"Golden Idol":15,"obtain_stats":[{"Golden Idol":4,"Mark of Pain":0,"Burning Blood":0,"Toy Ornithopter":6},{"Golden Idol":2,"Mark of Pain":0,"Burning Blood":0,"Toy Ornithopter":4},{"Golden Idol":8,"Mark of Pain":0,"Burning Blood":0,"Toy Ornithopter":16}],"Toy Ornithopter":0},"card_choices":[{"not_picked":["Cleave","Clothesline"],"picked":"Pommel Strike","floor":1.0},{"not_picked":["Wild Strike","Clothesline"],"picked":"Shrug It Off","floor":3.0},{"not_picked":["Body Slam","Heavy Blade"],"picked":"Clothesline","floor":5.0},{"not_picked":["Rupture","Sentinel","Anger"],"picked":"SKIP","floor":6},{"not_picked":["Fiend Fire","Iron Wave"],"picked":"Armaments","floor":8}],"player_experience":298491,"relics_obtained":[{"floor":6,"key":"Toy Ornithopter"}],"event_choices":[{"damage_healed":0.0,"max_hp_gain":0.0,"max_hp_loss":0.0,"gold_gain":0.0,"event_name":"Shining Light","player_choice":"Entered Light","floor":2.0,"gold_loss":0.0,"damage_taken":16.0,"cards_upgraded":["Strike_R","Strike_R"]},{"damage_healed":0.0,"max_hp_gain":0.0,"max_hp_loss":6.0,"gold_gain":0.0,"event_name":"Golden Idol","player_choice":"Lose Max HP","floor":4.0,"gold_loss":0.0,"damage_taken":0.0,"relics_obtained":["Golden Idol"]}],"is_beta":false,"boss_relics":[],"items_purged_floors":[],"is_endless":false,"potions_floor_spawned":[8],"killed_by":"3 Sentries","ascension_level":7}}