{"host":"l5zfpd2l2htson6l","time":1612001973,"event":{"mods":["AchievementEnabler","BaseMod","Colored Map","Colored Powertips","Minty Spire (QoL Compilation)","Permanent Neow","Quick Restart","Rare Cards Sparkle","Relic Stats","SuperFastMode"],"gold_per_floor":[13,23,42,42,61,91,91,122,122,139,169,169,185,210,210,210,210],"floor_reached":16,"language":"ENG","playtime":861,"items_purged":[],"score":207,"play_id":"bf3e6650-96ed-43b4-9bc5-d39522e1ddf6","local_time":"20210130021933","is_ascension_mode":true,"campfire_choices":[{"data":"Battle Trance","floor":7,"key":"SMITH"},{"data":"Seeing Red","floor":12,"key":"SMITH"},{"data":"Shrug It Off","floor":15,"key":"SMITH"}],"circlet_count":0,"master_deck":["AscendersBane","Strike_R","Strike_R","Strike_R","Strike_R","Strike_R","Defend_R","Defend_R","Defend_R","Defend_R","Bash","Fiend Fire+1","Shrug It Off+1","Flame Barrier","Armaments","Battle Trance+1","Seeing Red+1","Pommel Strike","Headbutt","Clothesline"],"relics":["Burning Blood","Meat on the Bone","Pantograph","Odd Mushroom","Mercury Hourglass"],"acts_visited":["Exordium"],"potions_floor_usage":[6],"damage_taken":[{"damage":7,"enemies":"2 Louse","floor":1,"turns":2},{"damage":2,"enemies":"Jaw Worm","floor":2,"turns":3},{"damage":0,"enemies":"Small Slimes","floor":3,"turns":4},{"damage":1,"enemies":"Exordium Thugs","floor":5,"turns":6},{"damage":26,"enemies":"Gremlin Nob","floor":6,"turns":4},{"damage":22,"enemies":"3 Sentries","floor":8,"turns":11},{"damage":6,"enemies":"Looter","floor":10,"turns":4},{"damage":30,"enemies":"The Mushroom Lair","floor":11,"turns":7},{"damage":0,"enemies":"2 Fungi Beasts","floor":13,"turns":3},{"damage":22,"enemies":"Lagavulin","floor":14,"turns":6},{"damage":72,"enemies":"Hexaghost","floor":16,"turns":11}],"seed_played":"-7315840982282508851","potions_obtained":[{"floor":2,"key":"Swift Potion"},{"floor":10,"key":"BloodPotion"},{"floor":11,"key":"BloodPotion"}],"is_trial":false,"path_per_floor":["M","M","M","?","M","E","R","E","T","M","?","R","M","E","R","B"],"character_chosen":"IRONCLAD","items_purchased":[],"campfire_rested":0,"item_purchase_floors":[],"current_hp_per_floor":[67,71,75,75,75,55,55,51,51,51,39,39,45,41,41,0,0],"gold":210,"neow_bonus":"THREE_RARE_CARDS","is_daily":false,"chose_seed":false,"campfire_upgraded":3,"win_rate":0.0,"timestamp":1612001973,"path_taken":["M","M","M","?","M","E","R","E","T","M","?","R","M","E","R","BOSS"],"items_purchased_type":[],"build_version":"2020-12-22","purchased_purges":0,"victory":false,"max_hp_per_floor":[75,75,75,75,75,75,75,75,75,75,75,75,75,75,75,75,75],"relic_stats":{"counters":[11,61],"Pantograph":25,"obtain_stats":[{"Pantograph":9,"Odd Mushroom":11,"Burning Blood":0,"Meat on the Bone":6,"Mercury Hourglass":14},{"Pantograph":6,"Odd Mushroom":8,"Burning Blood":0,"Meat on the Bone":5,"Mercury Hourglass":10},{"Pantograph":30,"Odd Mushroom":41,"Burning Blood":0,"Meat on the Bone":19,"Mercury Hourglass":50}],"Burning Blood":53,"Meat on the Bone":36,"Mercury Hourglass":[30]},"card_choices":[{"not_picked":["Corruption","Offering"],"picked":"Fiend Fire","floor":0},{"not_picked":["Clash","Havoc"],"picked":"Shrug It Off","floor":1},{"not_picked":["Dropkick","Flex"],"picked":"Flame Barrier","floor":2},{"not_picked":["Rupture","Bloodletting"],"picked":"Armaments","floor":3},{"not_picked":["Headbutt","Wild Strike"],"picked":"Battle Trance","floor":5},{"not_picked":["Clash","Twin Strike"],"picked":"Seeing Red","floor":6},{"not_picked":["Armaments","Barricade","Shrug It Off"],"picked":"SKIP","floor":8},{"not_picked":["Anger","Clash"],"picked":"Pommel Strike","floor":10},{"not_picked":["Sword Boomerang","Perfected Strike"],"picked":"Headbutt","floor":11},{"not_picked":["Clash","Barricade","Perfected Strike"],"picked":"SKIP","floor":13},{"not_picked":["Inflame","Warcry"],"picked":"Clothesline","floor":14}],"player_experience":784569,"relics_obtained":[{"floor":6,"key":"Meat on the Bone"},{"floor":9,"key":"Pantograph"},{"floor":11,"key":"Odd Mushroom"},{"floor":14,"key":"Mercury Hourglass"}],"event_choices":[{"damage_healed":0,"gold_gain":0,"player_choice":"Grow","damage_taken":0,"max_hp_gain":0,"max_hp_loss":0,"event_name":"Living Wall","floor":4,"gold_loss":0,"cards_upgraded":["Fiend Fire"]},{"damage_healed":0,"gold_gain":0,"player_choice":"Fought Mushrooms","damage_taken":0,"max_hp_gain":0,"max_hp_loss":0,"event_name":"Mushrooms","floor":11,"gold_loss":0}],"is_beta":false,"boss_relics":[],"items_purged_floors":[],"is_endless":false,"potions_floor_spawned":[2,10,11],"killed_by":"Hexaghost","ascension_level":14}}