{"host":"ffjrj7fisyni1ebk","time":1612039221,"event":{"mods":["2.2 Compatiblity","BaseMod","Bestiary","Colored Map","Colored Powertips","Curses Come First","Highlight Path","Keyboard Shortcuts","Minty Spire (QoL Compilation)","Relic Stats","Slay the Relics Exporter","StSLib","SuperFastMode"],"gold_per_floor":[117,192,117,117,133,168,180,208,275,287,310,337,359,2,2,104,104,120,149,165,65,79,79,109,146,146,146,146,146,66,97,97,201,201,214,228,228,245,257,257,2,2,29,29,29,49,49,67,67,67,67],"floor_reached":50,"language":"ENG","playtime":3102,"items_purged":["Strike_R","Defend_R"],"score":507,"play_id":"7cea4322-d281-45c7-a5be-ef8d09c4402c","local_time":"20210130224021","is_ascension_mode":false,"campfire_choices":[{"data":"True Grit","floor":7.0,"key":"SMITH"},{"floor":10.0,"key":"RECALL"},{"data":"Demon Form","floor":15.0,"key":"SMITH"},{"floor":23.0,"key":"REST"},{"floor":27.0,"key":"REST"},{"floor":32.0,"key":"REST"},{"floor":40.0,"key":"REST"},{"floor":42.0,"key":"REST"},{"floor":44.0,"key":"REST"},{"floor":49.0,"key":"REST"}],"circlet_count":0,"master_deck":["Strike_R","Strike_R","Defend_R","Bash","Shrug It Off","Ghostly Armor","True Grit+1","Shockwave","Impervious","Demon Form+1","Berserk","Disarm","Armaments","Body Slam","Armaments","Juggernaut","Metallicize","Dual Wield+1","Limit Break","Bloodletting+1","Metallicize+1","Heavy Blade+1","Metallicize","Magnetism","Panacea","Body Slam","Madness","Madness","Shrug It Off"],"relics":["Black Blood","NeowsBlessing","MawBank","Lantern","Ginger","Empty Cage","Red Mask","Dream Catcher","Bottled Tornado","Calipers","Red Skull"],"acts_visited":["Exordium","TheCity","TheBeyond"],"potions_floor_usage":[],"damage_taken":[{"damage":0.0,"enemies":"2 Louse","floor":1.0,"turns":1.0},{"damage":0.0,"enemies":"Cultist","floor":5.0,"turns":1.0},{"damage":0.0,"enemies":"3 Sentries","floor":6.0,"turns":2.0},{"damage":0.0,"enemies":"Jaw Worm","floor":8.0,"turns":4.0},{"damage":4.0,"enemies":"Large Slime","floor":11.0,"turns":13.0},{"damage":10.0,"enemies":"2 Fungi Beasts","floor":12.0,"turns":5.0},{"damage":5.0,"enemies":"Blue Slaver","floor":13.0,"turns":7.0},{"damage":27.0,"enemies":"Hexaghost","floor":16.0,"turns":9.0},{"damage":22.0,"enemies":"Spheric Guardian","floor":18.0,"turns":6.0},{"damage":49.0,"enemies":"Masked Bandits","floor":19.0,"turns":9.0},{"damage":7.0,"enemies":"Chosen","floor":20.0,"turns":6.0},{"damage":18.0,"enemies":"Shelled Parasite and Fungi","floor":22.0,"turns":8.0},{"damage":23.0,"enemies":"Book of Stabbing","floor":24.0,"turns":6.0},{"damage":15.0,"enemies":"Snake Plant","floor":25.0,"turns":6.0},{"damage":50.0,"enemies":"Gremlin Leader","floor":31.0,"turns":13.0},{"damage":47.0,"enemies":"Automaton","floor":33.0,"turns":10.0},{"damage":36.0,"enemies":"Orb Walker","floor":35.0,"turns":5.0},{"damage":22.0,"enemies":"3 Shapes","floor":36.0,"turns":8.0},{"damage":41.0,"enemies":"Jaw Worm Horde","floor":38.0,"turns":9.0},{"damage":13.0,"enemies":"Writhing Mass","floor":39.0,"turns":8.0},{"damage":32.0,"enemies":"3 Darklings","floor":46.0,"turns":7.0},{"damage":39.0,"enemies":"Transient","floor":48.0,"turns":5.0},{"damage":55,"enemies":"Donu and Deca","floor":50,"turns":5}],"seed_played":"-6181081527030625207","potions_obtained":[{"floor":1.0,"key":"LiquidMemories"},{"floor":8.0,"key":"Regen Potion"},{"floor":16.0,"key":"SteroidPotion"},{"floor":18.0,"key":"LiquidMemories"},{"floor":20.0,"key":"SpeedPotion"},{"floor":22.0,"key":"SkillPotion"},{"floor":24.0,"key":"ColorlessPotion"},{"floor":25.0,"key":"Ancient Potion"},{"floor":35.0,"key":"Ancient Potion"},{"floor":36.0,"key":"Fire Potion"},{"floor":38.0,"key":"Weak Potion"}],"is_trial":false,"path_per_floor":["M","?","$","?","M","E","R","M","T","R","M","M","M","$","R","B",null,"M","?","M","$","M","R","E","M","T","R","?","?","$","E","R","B",null,"M","M","?","M","M","R","$","R","T","R","?","M","T","M","R","B"],"character_chosen":"IRONCLAD","items_purchased":["Demon Form","Ginger","Juggernaut","Magnetism","Panacea"],"campfire_rested":7,"item_purchase_floors":[14,14,30,41,41],"current_hp_per_floor":[80,69,69,69,75,80,80,80,80,80,80,76,77,77,77,56,80,64,33,32,32,20,44,27,18,18,42,68,68,68,24,48,7,80,56,46,46,17,16,40,40,64,64,80,70,50,50,23,47,0,0],"gold":67,"neow_bonus":"THREE_ENEMY_KILL","is_daily":false,"chose_seed":false,"campfire_upgraded":2,"win_rate":0.0,"timestamp":1612039221,"path_taken":["M","?","$","?","M","E","R","M","T","R","?","M","M","$","R","BOSS","M","?","M","$","M","R","E","M","T","R","?","?","$","E","R","BOSS","M","M","?","M","M","R","$","R","T","R","?","M","?","?","R","BOSS"],"items_purchased_type":["Card","Relic","Card","Card","Card"],"build_version":"2020-12-22","purchased_purges":2,"victory":false,"max_hp_per_floor":[80,80,80,80,80,80,80,80,80,80,80,80,80,80,80,80,80,80,80,80,80,80,80,80,80,80,80,80,80,80,80,80,80,80,80,80,80,80,80,80,80,80,80,80,80,80,80,80,80,80,80],"relic_stats":{"Dream Catcher":6,"counters":[23,153],"Black Blood":153,"Ginger":[17],"MawBank":96,"obtain_stats":[{"Lantern":9,"Dream Catcher":24,"Calipers":31,"NeowsBlessing":0,"Black Blood":34,"Red Mask":19,"Ginger":14,"Bottled Tornado":26,"MawBank":6,"Empty Cage":17,"Burning Blood":0,"Red Skull":43},{"Lantern":4,"Dream Catcher":13,"Calipers":15,"NeowsBlessing":0,"Black Blood":16,"Red Mask":10,"Ginger":7,"Bottled Tornado":14,"MawBank":3,"Empty Cage":8,"Burning Blood":0,"Red Skull":20},{"Lantern":8,"Dream Catcher":77,"Calipers":96,"NeowsBlessing":0,"Black Blood":106,"Red Mask":57,"Ginger":33,"Bottled Tornado":83,"MawBank":4,"Empty Cage":42,"Burning Blood":0,"Red Skull":136}]},"card_choices":[{"not_picked":["Blood for Blood","Flex"],"picked":"Shrug It Off","floor":1.0},{"not_picked":["Evolve","Reckless Charge"],"picked":"Ghostly Armor","floor":5.0},{"not_picked":["Flex","Twin Strike"],"picked":"True Grit","floor":6.0},{"not_picked":["Carnage","Clothesline","Reckless Charge"],"picked":"SKIP","floor":8.0},{"not_picked":["Iron Wave","Cleave"],"picked":"Shockwave","floor":11.0},{"not_picked":["Iron Wave","Rupture"],"picked":"Impervious","floor":12.0},{"not_picked":["Thunderclap","Clothesline","Burning Pact"],"picked":"SKIP","floor":13.0},{"not_picked":["Demon Form","Fiend Fire"],"picked":"Berserk","floor":16.0},{"not_picked":["Iron Wave","Pommel Strike","Warcry"],"picked":"SKIP","floor":18.0},{"not_picked":["Cleave","Iron Wave+1"],"picked":"Disarm","floor":19.0},{"not_picked":["Burning Pact","Metallicize"],"picked":"Armaments","floor":20.0},{"not_picked":["Sword Boomerang+1","Cleave","Clothesline"],"picked":"SKIP","floor":22.0},{"not_picked":["Warcry","Shockwave+1","Ghostly Armor"],"picked":"SKIP","floor":24.0},{"not_picked":["Clash","Dual Wield+1"],"picked":"Body Slam","floor":25.0},{"not_picked":["Sword Boomerang","Flex+1"],"picked":"Armaments","floor":27.0},{"not_picked":["Reaper","Sword Boomerang"],"picked":"Metallicize","floor":31.0},{"not_picked":["Perfected Strike","Wild Strike+1"],"picked":"Dual Wield+1","floor":32.0},{"not_picked":["Exhume","Bludgeon"],"picked":"Limit Break","floor":33.0},{"not_picked":["Anger","Warcry+1","Clothesline"],"picked":"SKIP","floor":35.0},{"not_picked":["Dual Wield+1","Evolve"],"picked":"Bloodletting+1","floor":36.0},{"not_picked":["Armaments+1","True Grit+1"],"picked":"Metallicize+1","floor":38.0},{"not_picked":["Shrug It Off","Warcry"],"picked":"Heavy Blade+1","floor":39.0},{"not_picked":["Anger+1","Sword Boomerang"],"picked":"Metallicize","floor":40.0},{"not_picked":["Battle Trance+1","Inflame+1"],"picked":"Body Slam","floor":44.0},{"not_picked":["Havoc+1","Anger","Wild Strike+1"],"picked":"SKIP","floor":46.0},{"not_picked":["Second Wind+1","Wild Strike"],"picked":"Shrug It Off","floor":48.0}],"player_experience":289349,"relics_obtained":[{"floor":6.0,"key":"MawBank"},{"floor":9.0,"key":"Lantern"},{"floor":19.0,"key":"Red Mask"},{"floor":24.0,"key":"Dream Catcher"},{"floor":26.0,"key":"Bottled Tornado"},{"floor":31.0,"key":"Calipers"},{"floor":43.0,"key":"Red Skull"}],"event_choices":[{"damage_healed":0.0,"max_hp_gain":0.0,"max_hp_loss":0.0,"gold_gain":75.0,"event_name":"World of Goop","player_choice":"Gather Gold","floor":2.0,"gold_loss":0.0,"damage_taken":11.0},{"damage_healed":0.0,"max_hp_gain":0.0,"max_hp_loss":0.0,"gold_gain":0.0,"event_name":"The Woman in Blue","player_choice":"Bought 0 Potions","floor":4.0,"gold_loss":0.0,"damage_taken":0.0},{"damage_healed":0.0,"max_hp_gain":0.0,"max_hp_loss":0.0,"gold_gain":0.0,"event_name":"Masked Bandits","player_choice":"Fought Bandits","floor":19.0,"gold_loss":0.0,"damage_taken":0.0},{"damage_healed":26.0,"max_hp_gain":0.0,"max_hp_loss":0.0,"gold_gain":0.0,"event_name":"The Library","player_choice":"Heal","floor":28.0,"gold_loss":0.0,"damage_taken":0.0},{"cards_removed":["Strike_R"],"damage_healed":0.0,"max_hp_gain":0.0,"max_hp_loss":0.0,"gold_gain":0.0,"event_name":"Back to Basics","player_choice":"Elegance","floor":29.0,"gold_loss":0.0,"damage_taken":0.0},{"cards_removed":["Strike_R"],"damage_healed":0.0,"max_hp_gain":0.0,"max_hp_loss":0.0,"gold_gain":0.0,"event_name":"Falling","player_choice":"Removed Attack","floor":37.0,"gold_loss":0.0,"damage_taken":0.0},{"damage_healed":0.0,"max_hp_gain":0.0,"max_hp_loss":0.0,"gold_gain":0.0,"event_name":"Winding Halls","player_choice":"Embrace Madness","floor":45.0,"gold_loss":0.0,"damage_taken":10.0,"cards_obtained":["Madness","Madness"]}],"is_beta":false,"boss_relics":[{"not_picked":["Calling Bell","Runic Cube"],"picked":"Empty Cage"},{"not_picked":["Busted Crown","Cursed Key"],"picked":"Black Blood"}],"items_purged_floors":[3,21],"is_endless":false,"potions_floor_spawned":[1,8,16,18,20,22,24,25,35,36,38],"killed_by":"Donu and Deca","ascension_level":0}}