{"host":"q0ahhcf6jhp3yzzb","time":1612034427,"event":{"mods":["Ascension Unlocker","BaseMod","Bestiary","Downfall","Minty Spire (QoL Compilation)","Relic Stats","StSLib"],"gold_per_floor":[114,124,124,124,140,171,171,171,171],"floor_reached":8,"language":"ENG","playtime":309,"items_purged":[],"score":112,"play_id":"0695eba5-6a86-457a-9452-73788c754b81","local_time":"20210130122027","is_ascension_mode":true,"campfire_choices":[{"data":"Immolate","floor":7,"key":"SMITH"}],"circlet_count":0,"master_deck":["AscendersBane","Strike_R","Strike_R","Strike_R","Strike_R","Defend_R","Defend_R","Defend_R","Defend_R","Bash+1","Dropkick","Immolate+1","Dual Wield","Disarm"],"relics":["Burning Blood","Meat on the Bone"],"acts_visited":["Exordium"],"potions_floor_usage":[6],"damage_taken":[{"damage":7,"enemies":"Jaw Worm","floor":1,"turns":3},{"damage":6,"enemies":"2 Louse","floor":2,"turns":3},{"damage":8,"enemies":"Small Slimes","floor":5,"turns":3},{"damage":40,"enemies":"Lagavulin","floor":6,"turns":6},{"damage":35,"enemies":"3 Sentries","floor":8,"turns":5}],"seed_played":"2486874419570911983","potions_obtained":[{"floor":5,"key":"SkillPotion"}],"is_trial":false,"path_per_floor":["M","M","?","?","M","E","R","E"],"character_chosen":"IRONCLAD","items_purchased":[],"campfire_rested":0,"item_purchase_floors":[],"current_hp_per_floor":[67,67,67,67,65,31,31,0,0],"gold":171,"neow_bonus":"UPGRADE_CARD","is_daily":false,"chose_seed":false,"campfire_upgraded":1,"win_rate":0.0,"timestamp":1612034427,"path_taken":["M","M","?","?","M","E","R","E"],"items_purchased_type":[],"build_version":"2020-12-22","purchased_purges":0,"victory":false,"max_hp_per_floor":[75,75,75,75,75,75,75,75,75],"relic_stats":{"counters":[5,20],"obtain_stats":[{"Burning Blood":0,"Meat on the Bone":6},{"Burning Blood":0,"Meat on the Bone":4},{"Burning Blood":0,"Meat on the Bone":15}],"Burning Blood":24,"Meat on the Bone":0},"card_choices":[{"not_picked":["True Grit","Thunderclap"],"picked":"Dropkick","floor":1},{"not_picked":["Heavy Blade","Sentinel","Power Through"],"picked":"SKIP","floor":2},{"not_picked":["Clash","Havoc"],"picked":"Dual Wield","floor":5},{"not_picked":["Clash","Double Tap"],"picked":"Disarm","floor":6}],"player_experience":863519,"relics_obtained":[{"floor":6,"key":"Meat on the Bone"}],"event_choices":[{"damage_healed":0,"gold_gain":0,"cards_transformed":["Strike_R"],"player_choice":"Change","damage_taken":0,"max_hp_gain":0,"max_hp_loss":0,"event_name":"Living Wall","floor":3,"gold_loss":0,"cards_obtained":["Immolate"]},{"damage_healed":0,"gold_gain":0,"player_choice":"Ignored","damage_taken":0,"max_hp_gain":0,"max_hp_loss":0,"event_name":"Liars Game","floor":4,"gold_loss":0}],"is_beta":false,"boss_relics":[],"items_purged_floors":[],"is_endless":false,"potions_floor_spawned":[5],"killed_by":"3 Sentries","ascension_level":20}}