{"host":"d5i1qeb9dejicw1z","time":1612036946,"event":{"mods":["AchievementEnabler","BaseMod","Better Note","BetterRewards","Gold Saver","Minty Spire (QoL Compilation)","Permanent Neow","Relic Filter Mod","Reliquary","Replay The Spire","StSLib"],"gold_per_floor":[498,510,524,537,151,151,163,163,163,163,174,174,187,203,203,275,275,275,275],"floor_reached":18,"language":"ENG","playtime":879,"items_purged":["Strike_G"],"score":304,"play_id":"53770770-236e-48dd-a5ea-ef2433cbf335","local_time":"20210130120226","is_ascension_mode":true,"campfire_choices":[{"data":"Draining Mist","floor":6,"key":"SMITH"},{"data":"Footwork","floor":8,"key":"SMITH"},{"data":"Fluid Movement","floor":10,"key":"SMITH"},{"floor":15,"key":"REST"}],"circlet_count":0,"master_deck":["AscendersBane","Strike_G","Strike_G","Strike_G","Strike_G","Defend_G","Defend_G","Defend_G","Defend_G","Defend_G","Survivor","Neutralize","Noxious Fumes","Footwork+1","Dagger Spray","Bane","Fluid Movement+1","Draining Mist+1","Poisoned Stab","Deflect","Backflip","Noxious Fumes","Burst"],"relics":["Ring of the Snake","BargainBundle","reliquary:Stiletto","Potion Belt","SlaversCollar"],"acts_visited":["Exordium","TheCity"],"potions_floor_usage":[2,7,14,16,16,16],"damage_taken":[{"damage":16,"enemies":"Cultist","floor":1,"turns":5},{"damage":0,"enemies":"2 Louse","floor":2,"turns":3},{"damage":0,"enemies":"Small Slimes","floor":3,"turns":5},{"damage":11,"enemies":"3 Louse","floor":4,"turns":3},{"damage":4,"enemies":"Looter","floor":7,"turns":3},{"damage":4,"enemies":"2 Fungi Beasts","floor":11,"turns":3},{"damage":0,"enemies":"Large Slime","floor":13,"turns":5},{"damage":0,"enemies":"Red Slaver","floor":14,"turns":6},{"damage":30,"enemies":"Slime Boss","floor":16,"turns":11},{"damage":62,"enemies":"3 Byrds","floor":18,"turns":4}],"seed_played":"8023249091921558630","potions_obtained":[{"floor":1,"key":"EntropicBrew"},{"floor":11,"key":"Explosive Potion"},{"floor":12,"key":"BlessingOfTheForge"},{"floor":12,"key":"SneckoOil"},{"floor":13,"key":"BlessingOfTheForge"}],"is_trial":false,"path_per_floor":["M","M","M","M","$","R","M","R","T","R","M","?","M","M","R","B",null,"M"],"character_chosen":"THE_SILENT","items_purchased":["BargainBundle","Fluid Movement","Draining Mist","Poisoned Stab","reliquary:Stiletto"],"campfire_rested":1,"item_purchase_floors":[5,5,5,5,5],"current_hp_per_floor":[43,43,43,32,32,32,28,28,28,28,24,24,24,24,43,13,53,0,0],"gold":275,"neow_bonus":"HUNDRED_GOLD","is_daily":false,"chose_seed":false,"campfire_upgraded":3,"win_rate":0.0,"timestamp":1612036946,"path_taken":["M","M","?","?","$","R","M","R","T","R","M","?","?","?","R","BOSS","M"],"items_purchased_type":["Relic","Card","Card","Card","Relic"],"build_version":"2020-12-22","purchased_purges":1,"victory":false,"max_hp_per_floor":[66,66,66,66,66,66,66,66,66,66,66,66,66,66,66,66,66,66,66],"card_choices":[{"not_picked":["Draining Mist","PiercingWail"],"picked":"Noxious Fumes","floor":1},{"not_picked":["Bane","Dodge and Roll"],"picked":"Footwork","floor":2},{"not_picked":["Acrobatics","Slice"],"picked":"Dagger Spray","floor":3},{"not_picked":["Eviscerate","Masterful Stab"],"picked":"Bane","floor":4},{"not_picked":["Slice","Cloak And Dagger"],"picked":"Deflect","floor":7},{"not_picked":["Deflect","Well Laid Plans"],"picked":"Backflip","floor":11},{"not_picked":["ReplayTheSpireMod:Scrap Shanks","Sucker Punch"],"picked":"Noxious Fumes","floor":13},{"not_picked":["Backflip","Deadly Poison"],"picked":"Burst","floor":14}],"player_experience":1183862,"relics_obtained":[{"floor":9,"key":"Potion Belt"}],"event_choices":[{"damage_healed":0,"gold_gain":0,"player_choice":"Got Potions","damage_taken":0,"max_hp_gain":0,"max_hp_loss":0,"event_name":"Lab","floor":12,"gold_loss":0}],"is_beta":false,"boss_relics":[{"not_picked":["Philosopher\u0027s Stone","Abe\u0027s Treasure"],"picked":"SlaversCollar"}],"items_purged_floors":[5],"is_endless":false,"potions_floor_spawned":[1,3,11,13],"killed_by":"3 Byrds","ascension_level":19}}