{"host":"kda2p2afd6bvz6qo","time":1612023375,"event":{"mods":["BaseMod","Colored Map","Minty Spire (QoL Compilation)","Relic Stats"],"gold_per_floor":[123,135,297,384,409,421,447,486,525,563,575,106,438,438,438,534,534,553,603,619,619,619],"floor_reached":21,"language":"ENG","playtime":1307,"items_purged":["Doubt"],"score":415,"play_id":"af3c0b46-8877-4efc-aad9-9766f5234d39","local_time":"20210130161615","is_ascension_mode":true,"campfire_choices":[{"floor":6.0,"key":"REST"},{"floor":11.0,"key":"REST"},{"data":"Predator","floor":15.0,"key":"SMITH"}],"circlet_count":0,"master_deck":["AscendersBane","Strike_G","Strike_G+1","Strike_G","Strike_G","Strike_G","Defend_G","Defend_G","Defend_G","Defend_G","Defend_G","Survivor","Neutralize","CurseOfTheBell","Prepared+1","Predator+1","Dagger Throw","Dagger Throw","Unload+1","Dramatic Entrance+1","Well Laid Plans","All Out Attack+1","Injury","Storm of Steel","Backflip","Underhanded Strike+1"],"relics":["Calling Bell","MawBank","Shuriken","Tingsha","Tiny Chest","Vajra","Molten Egg 2","Pantograph","Old Coin","Golden Idol","HoveringKite"],"acts_visited":["Exordium","TheCity"],"potions_floor_usage":[20,21],"damage_taken":[{"damage":9.0,"enemies":"Jaw Worm","floor":1.0,"turns":5.0},{"damage":0.0,"enemies":"Small Slimes","floor":5.0,"turns":3.0},{"damage":1.0,"enemies":"Cultist","floor":7.0,"turns":4.0},{"damage":6.0,"enemies":"Gremlin Nob","floor":8.0,"turns":3.0},{"damage":9.0,"enemies":"3 Sentries","floor":10.0,"turns":3.0},{"damage":18.0,"enemies":"Lagavulin","floor":13.0,"turns":6.0},{"damage":46.0,"enemies":"The Guardian","floor":16.0,"turns":10.0},{"damage":6.0,"enemies":"3 Byrds","floor":18.0,"turns":3.0},{"damage":11,"enemies":"Shell Parasite","floor":20,"turns":3},{"damage":30,"enemies":"Shelled Parasite and Fungi","floor":21,"turns":4}],"seed_played":"3764478907248188832","potions_obtained":[{"floor":1.0,"key":"SkillPotion"},{"floor":7.0,"key":"CunningPotion"},{"floor":10.0,"key":"EssenceOfSteel"},{"floor":16.0,"key":"SkillPotion"},{"floor":18.0,"key":"DistilledChaos"}],"is_trial":false,"path_per_floor":["M","?","?","?","M","R","M","E","T","E","R","$","E","?","R","B",null,"M","?","M","M"],"character_chosen":"THE_SILENT","items_purchased":["Dramatic Entrance+1","Pantograph","Well Laid Plans"],"campfire_rested":2,"item_purchase_floors":[12,12,12],"current_hp_per_floor":[50,30,30,19,19,38,37,31,31,22,41,41,23,23,23,2,50,44,38,27,0,0],"gold":619,"neow_bonus":"BOSS_RELIC","is_daily":false,"chose_seed":false,"campfire_upgraded":1,"win_rate":0.0,"timestamp":1612023375,"path_taken":["M","?","?","?","M","R","M","E","T","E","R","$","E","?","R","BOSS","M","?","M","?"],"items_purchased_type":["Card","Relic","Card"],"build_version":"2020-12-22","purchased_purges":1,"victory":false,"max_hp_per_floor":[66,66,66,66,66,66,66,66,66,66,66,66,66,66,66,66,66,66,66,66,66,66],"relic_stats":{"counters":[10,44],"Shuriken":[12],"Golden Idol":26,"Pantograph":25,"HoveringKite":[7],"Tingsha":[148],"Tiny Chest":0,"MawBank":144,"obtain_stats":[{"Calling Bell":0,"Shuriken":0,"Golden Idol":14,"Pantograph":12,"Vajra":9,"HoveringKite":17,"Tingsha":0,"Tiny Chest":8,"Molten Egg 2":10,"MawBank":0,"Ring of the Snake":0,"Old Coin":13},{"Calling Bell":0,"Shuriken":0,"Golden Idol":6,"Pantograph":5,"Vajra":4,"HoveringKite":7,"Tingsha":0,"Tiny Chest":4,"Molten Egg 2":5,"MawBank":0,"Ring of the Snake":0,"Old Coin":6},{"Calling Bell":0,"Shuriken":0,"Golden Idol":24,"Pantograph":18,"Vajra":15,"HoveringKite":34,"Tingsha":0,"Tiny Chest":15,"Molten Egg 2":18,"MawBank":0,"Ring of the Snake":0,"Old Coin":24}]},"card_choices":[{"not_picked":["Tactician","Cloak And Dagger"],"picked":"Prepared","floor":1.0},{"not_picked":["Slice","Escape Plan"],"picked":"Predator","floor":5.0},{"not_picked":["Bane","Endless Agony"],"picked":"Dagger Throw","floor":7.0},{"not_picked":["Quick Slash","Deflect"],"picked":"Dagger Throw","floor":8.0},{"not_picked":["Venomology","Outmaneuver"],"picked":"Unload+1","floor":10.0},{"not_picked":["PiercingWail","Reflex"],"picked":"All Out Attack+1","floor":13.0},{"not_picked":["Burst","Corpse Explosion"],"picked":"Storm of Steel","floor":16.0},{"not_picked":["Deflect","Sucker Punch+1"],"picked":"Backflip","floor":18.0},{"not_picked":["Finisher+1","Choke+1"],"picked":"Underhanded Strike+1","floor":20}],"player_experience":173011,"relics_obtained":[{"floor":0.0,"key":"MawBank"},{"floor":0.0,"key":"Shuriken"},{"floor":0.0,"key":"Tingsha"},{"floor":8.0,"key":"Tiny Chest"},{"floor":9.0,"key":"Vajra"},{"floor":10.0,"key":"Molten Egg 2"},{"floor":13.0,"key":"Old Coin"}],"event_choices":[{"damage_healed":0.0,"max_hp_gain":0.0,"max_hp_loss":0.0,"gold_gain":0.0,"event_name":"Shining Light","player_choice":"Entered Light","floor":2.0,"gold_loss":0.0,"damage_taken":20.0,"cards_upgraded":["Prepared","Strike_G"]},{"damage_healed":0.0,"max_hp_gain":0.0,"max_hp_loss":0.0,"gold_gain":150.0,"event_name":"Liars Game","player_choice":"AGREE","floor":3.0,"gold_loss":0.0,"damage_taken":0.0,"cards_obtained":["Doubt"]},{"damage_healed":0.0,"max_hp_gain":0.0,"max_hp_loss":0.0,"gold_gain":75.0,"event_name":"World of Goop","player_choice":"Gather Gold","floor":4.0,"gold_loss":0.0,"damage_taken":11.0},{"damage_healed":0.0,"max_hp_gain":0.0,"max_hp_loss":0.0,"gold_gain":0.0,"event_name":"Golden Idol","player_choice":"Take Wound","floor":14.0,"gold_loss":0.0,"damage_taken":0.0,"relics_obtained":["Golden Idol"],"cards_obtained":["Injury"]},{"damage_healed":0,"gold_gain":50,"player_choice":"Touch","damage_taken":6,"max_hp_gain":0,"max_hp_loss":0,"event_name":"FaceTrader","floor":19,"gold_loss":0}],"is_beta":false,"boss_relics":[{"not_picked":["Runic Pyramid","Snecko Eye"],"picked":"HoveringKite"}],"items_purged_floors":[12],"is_endless":false,"potions_floor_spawned":[1,7,10,16,18],"killed_by":"Shelled Parasite and Fungi","ascension_level":20}}