{"host":"qm4rv4rkpk76sbxu","time":1612018559,"event":{"mods":["BaseMod","Bestiary","Block Reminder","DeckTracker","Filter the Spire","Keyboard Shortcuts","Minty Spire (QoL Compilation)","MonsterHotkey","Quick Restart","Random Character Button","Relic Stats","Slay-I","StSLib","Unceasing Turn Reminder","ojb\u0027s Better Paths Mod","ojb\u0027s Info Mod"],"gold_per_floor":[99,99,99,99,99,99,99,99,99,99,99,99,99,99,99,99,99,0,0,0,0,0,0,0],"floor_reached":23,"language":"ENG","playtime":958,"items_purged":[],"score":414,"play_id":"36929276-cf7e-4395-9409-942b4a8ba2f4","local_time":"20210130155559","is_ascension_mode":true,"campfire_choices":[{"data":"Bouncing Flask","floor":6.0,"key":"SMITH"},{"floor":11.0,"key":"REST"},{"data":"Noxious Fumes","floor":15.0,"key":"SMITH"}],"circlet_count":0,"master_deck":["AscendersBane","Strike_G","Strike_G","Strike_G","Strike_G","Strike_G","Defend_G","Defend_G","Defend_G","Defend_G","Defend_G","Survivor","Neutralize","Quick Slash+1","Bouncing Flask+1","Noxious Fumes+1","Backstab","Dagger Throw","Acrobatics","Underhanded Strike","Blur","Acrobatics","Wraith Form v2","PiercingWail","Dramatic Entrance","Well Laid Plans","Wraith Form v2"],"relics":["Ectoplasm","Nunchaku","Odd Mushroom","Regal Pillow","Dream Catcher","MealTicket","Black Star"],"acts_visited":["Exordium","TheCity"],"potions_floor_usage":[23],"damage_taken":[{"damage":7.0,"enemies":"Jaw Worm","floor":1.0,"turns":6.0},{"damage":4.0,"enemies":"Small Slimes","floor":4.0,"turns":4.0},{"damage":0.0,"enemies":"Cultist","floor":5.0,"turns":3.0},{"damage":27.0,"enemies":"3 Sentries","floor":7.0,"turns":8.0},{"damage":0.0,"enemies":"The Mushroom Lair","floor":8.0,"turns":3.0},{"damage":11.0,"enemies":"Lagavulin","floor":10.0,"turns":4.0},{"damage":16.0,"enemies":"3 Sentries","floor":12.0,"turns":8.0},{"damage":6.0,"enemies":"Large Slime","floor":14.0,"turns":5.0},{"damage":41.0,"enemies":"Slime Boss","floor":16.0,"turns":9.0},{"damage":3.0,"enemies":"2 Thieves","floor":18.0,"turns":5.0},{"damage":18.0,"enemies":"Shell Parasite","floor":20.0,"turns":4.0},{"damage":41,"enemies":"Slavers","floor":23,"turns":4}],"seed_played":"-3068053218041088426","potions_obtained":[{"floor":4.0,"key":"Fruit Juice"},{"floor":5.0,"key":"Poison Potion"},{"floor":7.0,"key":"Fire Potion"},{"floor":16.0,"key":"SpeedPotion"},{"floor":18.0,"key":"SkillPotion"}],"is_trial":false,"path_per_floor":["M","?","?","M","M","R","E","?","T","E","R","E","$","M","R","B",null,"M","?","M","$","?","E"],"character_chosen":"THE_SILENT","items_purchased":[],"campfire_rested":1,"item_purchase_floors":[],"current_hp_per_floor":[52,52,52,48,48,48,26,26,26,15,51,35,50,44,44,3,54,51,39,21,36,36,0,0],"gold":0,"neow_bonus":"BOSS_RELIC","is_daily":false,"chose_seed":false,"campfire_upgraded":2,"win_rate":0.0,"timestamp":1612018559,"path_taken":["M","?","?","?","M","R","E","?","T","E","R","E","$","M","R","BOSS","M","?","M","?","?","E"],"items_purchased_type":[],"build_version":"2020-12-22","purchased_purges":0,"victory":false,"max_hp_per_floor":[66,66,66,66,66,66,71,71,71,71,71,71,71,71,71,71,71,71,71,71,71,71,71,71],"relic_stats":{"Nunchaku":[8],"Regal Pillow":15,"Dream Catcher":1,"counters":[12,63],"MealTicket":30,"Ectoplasm":378,"Black Star":0,"obtain_stats":[{"Nunchaku":7,"Regal Pillow":9,"Dream Catcher":10,"MealTicket":12,"Ectoplasm":0,"Black Star":17,"Odd Mushroom":8,"Ring of the Snake":0},{"Nunchaku":4,"Regal Pillow":5,"Dream Catcher":6,"MealTicket":7,"Ectoplasm":0,"Black Star":9,"Odd Mushroom":5,"Ring of the Snake":0},{"Nunchaku":21,"Regal Pillow":24,"Dream Catcher":28,"MealTicket":36,"Ectoplasm":0,"Black Star":50,"Odd Mushroom":24,"Ring of the Snake":0}]},"card_choices":[{"not_picked":["Cloak And Dagger","Outmaneuver"],"picked":"Quick Slash","floor":1.0},{"not_picked":["Accuracy","Underhanded Strike"],"picked":"Bouncing Flask","floor":4.0},{"not_picked":["Quick Slash","Backstab"],"picked":"Noxious Fumes","floor":5.0},{"not_picked":["Outmaneuver","Escape Plan"],"picked":"Backstab","floor":7.0},{"not_picked":["Flechettes","Distraction"],"picked":"Dagger Throw","floor":8.0},{"not_picked":["Doppelganger","Riddle With Holes"],"picked":"Acrobatics","floor":10.0},{"not_picked":["Calculated Gamble","Outmaneuver"],"picked":"Underhanded Strike","floor":11.0},{"not_picked":["Expertise","Noxious Fumes"],"picked":"Blur","floor":12.0},{"not_picked":["Underhanded Strike","Concentrate"],"picked":"Acrobatics","floor":14.0},{"not_picked":["Doppelganger","Storm of Steel"],"picked":"Wraith Form v2","floor":16.0},{"not_picked":["Bane","Poisoned Stab"],"picked":"PiercingWail","floor":18.0},{"not_picked":["PiercingWail","Sucker Punch"],"picked":"Well Laid Plans","floor":20.0}],"player_experience":1448552,"relics_obtained":[{"floor":7.0,"key":"Nunchaku"},{"floor":8.0,"key":"Odd Mushroom"},{"floor":9.0,"key":"Regal Pillow"},{"floor":10.0,"key":"Dream Catcher"},{"floor":12.0,"key":"MealTicket"}],"event_choices":[{"damage_healed":0.0,"max_hp_gain":0.0,"max_hp_loss":0.0,"gold_gain":0.0,"event_name":"The Cleric","player_choice":"Leave","floor":2.0,"gold_loss":0.0,"damage_taken":0.0},{"damage_healed":0.0,"max_hp_gain":0.0,"max_hp_loss":0.0,"gold_gain":0.0,"event_name":"Upgrade Shrine","player_choice":"Upgraded","floor":3.0,"gold_loss":0.0,"damage_taken":0.0,"cards_upgraded":["Quick Slash"]},{"damage_healed":0.0,"max_hp_gain":0.0,"max_hp_loss":0.0,"gold_gain":0.0,"event_name":"Mushrooms","player_choice":"Fought Mushrooms","floor":8.0,"gold_loss":0.0,"damage_taken":0.0},{"damage_healed":0.0,"max_hp_gain":0.0,"max_hp_loss":0.0,"gold_gain":0.0,"event_name":"Knowing Skull","player_choice":"CARD ","floor":19.0,"potions_obtained":[],"gold_loss":0.0,"damage_taken":12.0,"cards_obtained":["Dramatic Entrance"]},{"damage_healed":0.0,"max_hp_gain":0.0,"max_hp_loss":0.0,"gold_gain":0.0,"event_name":"Duplicator","player_choice":"Copied","floor":22.0,"gold_loss":0.0,"damage_taken":0.0,"cards_obtained":["Wraith Form v2"]}],"is_beta":false,"boss_relics":[{"not_picked":["Fusion Hammer","Runic Dome"],"picked":"Black Star"}],"items_purged_floors":[],"is_endless":false,"potions_floor_spawned":[4,5,7,16,18],"killed_by":"Slavers","ascension_level":20}}