{"host":"5v9rfzf5qju8k9wy","time":1612008957,"event":{"mods":["Act Like it!","Arknights The Spire","BaseMod","Gensokyo","Koishi","KomeijiMod","Marisa£®ÏF”Í°°ƒß¿Ì…≥£©","Minty Spire (QoL Compilation)","Reimu£®≤©¿ˆ¡È√Œ£©","Remilia£®¿Ÿ√◊¿Ú—«£©","Replay The Spire","StSLib","The Administrix","Youmu£®ªÍ∆«—˝√Œ£©"],"gold_per_floor":[117,127,48,60,79,79,1,11,11,91,91,116,132,143,143,242,242,242,242],"floor_reached":18,"language":"ZHS","playtime":1569,"items_purged":[],"score":189,"play_id":"f4da04c5-3752-46bf-8ac8-53f4d22b92d9","local_time":"20210130201557","is_ascension_mode":false,"campfire_choices":[{"data":"NingyouSousou+1","floor":6,"key":"SWEEP"},{"data":"Dash_Komeiji","floor":11,"key":"SMITH"},{"data":"GasuOrimono","floor":15,"key":"SMITH"}],"circlet_count":0,"master_deck":["Strike_Komeiji","Strike_Komeiji","Strike_Komeiji","Strike_Komeiji","Defend_Komeiji","Defend_Komeiji","Defend_Komeiji","Defend_Komeiji","Dash_Komeiji+1","GasuOrimono+1","KinbakuJin+1","TerribleSouvenir","LittleLegion","NingyouSousou+1","Gensokyo:ReactiveArmor","OoedoNingyou+1","NingyouShinki+1","ArtfulChanter","Melting","SemiAutomaton"],"relics":["KomeijisEye","SpellCardsRule","MusicBox","NeowsBlessing","ReplayTheSpireMod:TigerMarble","Strawberry","CrystalOfMemory","Meat on the Bone","Sozu"],"acts_visited":["Gensokyo:Gensokyo","Gensokyo:Gensokyoer"],"potions_floor_usage":[12],"damage_taken":[{"damage":0,"enemies":"Gensokyo:3_Fairies","floor":1,"turns":2},{"damage":0,"enemies":"Gensokyo:Gryphon","floor":2,"turns":1},{"damage":0,"enemies":"Gensokyo:Python","floor":4,"turns":1},{"damage":16,"enemies":"Gensokyo:2_Rabbits","floor":5,"turns":5},{"damage":6,"enemies":"Gensokyo:5_Fairies","floor":8,"turns":7},{"damage":0,"enemies":"Gensokyo:Aya","floor":12,"turns":7},{"damage":1,"enemies":"Gensokyo:LivingMonolith","floor":13,"turns":5},{"damage":0,"enemies":"Gensokyo:VengefulSpirit","floor":14,"turns":7},{"damage":5,"enemies":"Gensokyo:Reimu","floor":16,"turns":9},{"damage":0,"enemies":"Gensokyo:3_Dogs","floor":18,"turns":1}],"seed_played":"-1722786410256879351","potions_obtained":[{"floor":4,"key":"SpeedPotion"},{"floor":8,"key":"Block Potion"},{"floor":12,"key":"CalmPotion"},{"floor":14,"key":"SkillPotion"}],"is_trial":false,"path_per_floor":["M","M","$","M","M","R","COS","M","T","?","R","E","M","M","R","B",null,"M"],"character_chosen":"KomeijiSatori","items_purchased":["TerribleSouvenir"],"campfire_rested":0,"item_purchase_floors":[3],"current_hp_per_floor":[50,50,50,50,34,39,39,33,33,33,33,40,39,39,39,34,57,57,57],"gold":242,"neow_bonus":"THREE_ENEMY_KILL","is_daily":false,"chose_seed":false,"campfire_upgraded":2,"win_rate":0.0,"timestamp":1612008957,"path_taken":["M","?","?","M","M","R","COS","M","T","?","R","E","M","M","R","BOSS","M"],"items_purchased_type":["Card"],"build_version":"2020-12-22","purchased_purges":0,"victory":false,"max_hp_per_floor":[50,50,50,50,50,50,50,50,50,50,50,57,57,57,57,57,57,57,57],"card_choices":[{"not_picked":["SeekerDolls","MusuNoYume"],"picked":"GasuOrimono","floor":1},{"not_picked":["RikonNoKama+1","ShyakuBuku"],"picked":"KinbakuJin+1","floor":2},{"not_picked":["JyouchiJin+1","KoKei+1"],"picked":"NingyouFukuhei+1","floor":4},{"not_picked":["SeekerDolls","NingyouFukuhei+1"],"picked":"LittleLegion","floor":5},{"not_picked":["SenseofElegance","SenyouGoraku+1"],"picked":"OoedoNingyou+1","floor":8},{"not_picked":["KinbakuJin+1","GroundStardust+1"],"picked":"NingyouShinki+1","floor":12},{"not_picked":["EnMu+1","NingyouSousou+1","IceTornado"],"picked":"ArtfulChanter","floor":13},{"not_picked":["KinbakuJin+1","NingyouSousou+1","MusuNoYume"],"picked":"Melting","floor":14},{"not_picked":["AbyssNova","HisouTensoku","TenguhouSokujitsuken"],"picked":"SemiAutomaton","floor":16}],"player_experience":109245,"relics_obtained":[{"floor":9,"key":"ReplayTheSpireMod:TigerMarble"},{"floor":12,"key":"Strawberry"},{"floor":12,"key":"CrystalOfMemory"}],"event_choices":[],"is_beta":false,"boss_relics":[{"not_picked":["Pandora\u0027s Box","Runic Dome"],"picked":"Sozu"}],"items_purged_floors":[],"is_endless":false,"potions_floor_spawned":[4,8,12,14],"killed_by":"Gensokyo:3_Dogs","ascension_level":0}}