{"host":"pqs17sqrgflf4eqa","time":1612042683,"event":{"mods":["AchievementEnabler","BaseMod","Bestiary","Better Altar","Colored Map","Colored Powertips","Emptier Cage","Googly Eyes","Highlight Path","Minty Spire (QoL Compilation)","Quick Restart","StSLib","SuperFastMode","Transform Curses","slay the spire mod where everything is the same but ironclad has a cowboy hat"],"gold_per_floor":[114,114,14,38,51,95,120,153,179,254,219,219,219],"floor_reached":12,"language":"ENG","playtime":234,"items_purged":[],"score":136,"play_id":"01ee28c7-a678-444a-bd71-19c659c57ec5","local_time":"20210130163803","is_ascension_mode":true,"campfire_choices":[],"circlet_count":0,"master_deck":["Strike_P","Strike_P","Strike_P","Strike_P","Defend_P","Defend_P","Defend_P","Eruption","Vigilance","Indignation","CrushJoints","Prostrate","FlurryOfBlows","SashWhip","TalkToTheHand","Halt","Judgement","Halt"],"relics":["PureWater","Golden Idol","Potion Belt","Orichalcum","Nunchaku"],"acts_visited":["Exordium"],"potions_floor_usage":[6],"damage_taken":[{"damage":0.0,"enemies":"Jaw Worm","floor":1.0,"turns":2.0},{"damage":0.0,"enemies":"Cultist","floor":4.0,"turns":3.0},{"damage":7.0,"enemies":"Small Slimes","floor":5.0,"turns":3.0},{"damage":0,"enemies":"Gremlin Nob","floor":6,"turns":1},{"damage":14,"enemies":"Blue Slaver","floor":7,"turns":3},{"damage":26,"enemies":"Lagavulin","floor":8,"turns":4},{"damage":23,"enemies":"3 Sentries","floor":12,"turns":5}],"seed_played":"4339707162837560994","potions_obtained":[{"floor":4.0,"key":"SteroidPotion"},{"floor":7,"key":"Energy Potion"}],"is_trial":false,"path_per_floor":["M","?","$","M","M","E","M","E","T","?","?","E"],"character_chosen":"WATCHER","items_purchased":["Prostrate","FlurryOfBlows"],"campfire_rested":0,"item_purchase_floors":[3,3],"current_hp_per_floor":[72,67,67,67,60,60,46,20,20,9,25,2,2],"gold":219,"neow_bonus":"TRANSFORM_CARD","is_daily":false,"chose_seed":false,"campfire_upgraded":0,"win_rate":0.0,"timestamp":1612042683,"path_taken":["M","?","?","M","?","E","M","E","T","?","?","E"],"items_purchased_type":["Card","Card"],"build_version":"2020-12-22","purchased_purges":0,"victory":false,"max_hp_per_floor":[72,67,67,67,67,67,67,67,67,67,67,67,67],"card_choices":[{"not_picked":["FlurryOfBlows","Consecrate"],"picked":"CrushJoints","floor":1.0},{"not_picked":["Protect","EmptyBody"],"picked":"SashWhip","floor":4.0},{"not_picked":["InnerPeace","Wallop"],"picked":"TalkToTheHand","floor":5.0},{"not_picked":["Swivel","PathToVictory"],"picked":"Halt","floor":6},{"not_picked":["Worship","SashWhip"],"picked":"Judgement","floor":7},{"not_picked":["WreathOfFlame","ReachHeaven"],"picked":"Halt","floor":8}],"player_experience":152639,"relics_obtained":[{"floor":6,"key":"Potion Belt"},{"floor":8,"key":"Orichalcum"},{"floor":9,"key":"Nunchaku"}],"event_choices":[{"damage_healed":0.0,"max_hp_gain":0.0,"max_hp_loss":5.0,"gold_gain":0.0,"event_name":"Golden Idol","player_choice":"Lose Max HP","floor":2.0,"gold_loss":0.0,"damage_taken":0.0,"relics_obtained":["Golden Idol"]},{"damage_healed":0,"gold_gain":75,"player_choice":"Gather Gold","damage_taken":11,"max_hp_gain":0,"max_hp_loss":0,"event_name":"World of Goop","floor":10,"gold_loss":0},{"damage_healed":16,"gold_gain":0,"player_choice":"Healed","damage_taken":0,"max_hp_gain":0,"max_hp_loss":0,"event_name":"The Cleric","floor":11,"gold_loss":35}],"is_beta":false,"boss_relics":[],"items_purged_floors":[],"is_endless":false,"potions_floor_spawned":[4,7],"killed_by":"3 Sentries","ascension_level":4}}