{"host":"ucgrft0m53zzt06v","time":1612045952,"event":{"mods":["BaseMod","Colored Map","Colored Powertips","Conspire","HololiveMod","KinomotoSakuraMod(木之本樱)","Lobotomy","Minty Spire (QoL Compilation)","Quick Restart","Replay The Spire","Shop Mod","Spicy Shops","StSLib","Td1madao Mod","The Senshi","Waifu the Spire","WarShipGirlsR/战舰少女R mod","【遗物卡牌】REMEMod"],"gold_per_floor":[116,191,191,191,202,235,235,235,284,316,148,148,168,182,182,182,182],"floor_reached":16,"language":"ZHS","playtime":492,"items_purged":[],"score":120,"play_id":"93fea37a-0e68-45a2-98cf-a1bb1b2eff50","local_time":"20210131063232","is_ascension_mode":true,"campfire_choices":[{"data":"conspire:Purge","floor":8,"key":"SMITH"},{"data":"Searing Blow","floor":15,"key":"SMITH"}],"circlet_count":0,"master_deck":["Strike_R+1","Strike_R","Strike_R","Strike_R","Strike_R","Defend_R","Defend_R","Bash","conspire:Purge+1","Thunderclap+1","Searing Blow+1"],"relics":["Burning Blood","REME_ComplimentaryCards","Toy Ornithopter","WarpedTongs","REME_LimitBreaker","Replay:Mystery Machine","MerchantsRug"],"acts_visited":["Exordium"],"potions_floor_usage":[14],"damage_taken":[{"damage":18,"enemies":"Jaw Worm","floor":1,"turns":4},{"damage":14,"enemies":"2 Louse","floor":5,"turns":2},{"damage":10,"enemies":"Replay:BlueRogue","floor":6,"turns":7},{"damage":6,"enemies":"conspire:RoseBush","floor":10,"turns":3},{"damage":13,"enemies":"Blue Slaver","floor":13,"turns":2},{"damage":0,"enemies":"Gremlin Gang","floor":14,"turns":4},{"damage":34,"enemies":"Hexaghost","floor":16,"turns":7}],"seed_played":"8861837273691777186","potions_obtained":[{"floor":5,"key":"GamblersBrew"},{"floor":13,"key":"Energy Potion"}],"is_trial":false,"path_per_floor":["M","?","?","?","M","E","?","R","T","M","$","?","M","M","R","B"],"character_chosen":"IRONCLAD","items_purchased":["Replay:Mystery Machine","MerchantsRug"],"campfire_rested":0,"item_purchase_floors":[11,11],"current_hp_per_floor":[68,57,57,57,49,45,45,45,45,45,45,29,22,33,33,0,0],"gold":182,"neow_bonus":"RANDOM_COMMON_RELIC","is_daily":false,"chose_seed":false,"campfire_upgraded":2,"win_rate":0.0,"timestamp":1612045952,"path_taken":["M","?","?","?","?","E","?","R","T","M","$","?","M","M","R","BOSS"],"items_purchased_type":["Relic","Relic"],"build_version":"2020-12-22","purchased_purges":0,"victory":false,"max_hp_per_floor":[80,80,80,80,80,80,80,80,80,80,80,80,80,80,80,80,80],"card_choices":[{"not_picked":["Clothesline","Anger","Headbutt"],"picked":"SKIP","floor":1},{"not_picked":["Perfected Strike","Evolve"],"picked":"Thunderclap","floor":5},{"not_picked":["Thunderclap","Clothesline","Cleave"],"picked":"SKIP","floor":6},{"not_picked":["Intimidate","Body Slam"],"picked":"Searing Blow","floor":10},{"not_picked":["Body Slam","Power Through","Twin Strike"],"picked":"SKIP","floor":13},{"not_picked":["Iron Wave","Sword Boomerang","Shrug It Off"],"picked":"SKIP","floor":14}],"player_experience":116567,"relics_obtained":[{"floor":6,"key":"REME_LimitBreaker"},{"floor":9,"key":"MawBank"}],"event_choices":[{"damage_healed":0,"gold_gain":75,"player_choice":"Gather Gold","damage_taken":11,"max_hp_gain":0,"max_hp_loss":0,"event_name":"World of Goop","floor":2,"gold_loss":0},{"damage_healed":0,"gold_gain":0,"player_choice":"Rummage","damage_taken":0,"relics_obtained":["WarpedTongs"],"max_hp_gain":0,"max_hp_loss":0,"event_name":"Accursed Blacksmith","floor":4,"gold_loss":0,"cards_obtained":["Pain"]},{"damage_healed":0,"gold_gain":0,"player_choice":"Entered Light","damage_taken":16,"max_hp_gain":0,"max_hp_loss":0,"event_name":"Shining Light","floor":12,"gold_loss":0,"cards_upgraded":["Strike_R","Thunderclap"]}],"is_beta":false,"boss_relics":[],"items_purged_floors":[],"is_endless":false,"potions_floor_spawned":[5,13],"killed_by":"Hexaghost","ascension_level":4}}