{"host":"rq7gz685gkaokql0","time":1612001934,"event":{"mods":["BaseMod","Hubris","Infinite Spire","Minty Spire (QoL Compilation)","Replay The Spire","StSLib"],"gold_per_floor":[110,110,121,121,121,146,146,173,173,173,173,173],"floor_reached":11,"language":"ENG","playtime":230,"items_purged":[],"score":208,"play_id":"5a3fedc2-0156-460a-ac0a-09f2d46dfc26","local_time":"20210130001854","is_ascension_mode":true,"campfire_choices":[{"data":"Metallicize","floor":7,"key":"SMITH"}],"circlet_count":0,"master_deck":["AscendersBane","Strike_R+1","Strike_R+1","Strike_R+1","Strike_R+1","Strike_R+1","Defend_R","Defend_R+1","Defend_R","Defend_R","Bash","Wild Strike","Regret","Metallicize+1","Life Link","Delirium"],"relics":["Burning Blood","NeowsBlessing","Counterbalance","Onion Ring","Replay:Bottled Eggs","hubris:CrystalStatue","infinitespire:EmpoweringShard","Ring of Panic","ReplayTheSpireMod:Ring of Exchange"],"acts_visited":["Exordium"],"potions_floor_usage":[11],"damage_taken":[{"damage":0,"enemies":"Small Slimes","floor":1,"turns":1},{"damage":0,"enemies":"Jaw Worm","floor":3,"turns":1},{"damage":0,"enemies":"Gremlin Nob","floor":6,"turns":1},{"damage":45,"enemies":"Lagavulin","floor":8,"turns":7},{"damage":12,"enemies":"3 Sentries","floor":11,"turns":6}],"seed_played":"486573202323214387","potions_obtained":[{"floor":8,"key":"LifebloodPotion"}],"is_trial":false,"path_per_floor":["M","?","M","?","?","E","R","E","T","?","E"],"character_chosen":"IRONCLAD","items_purchased":[],"campfire_rested":0,"item_purchase_floors":[],"current_hp_per_floor":[74,74,75,70,47,53,53,14,14,14,2,2],"gold":173,"neow_bonus":"THREE_ENEMY_KILL","is_daily":false,"chose_seed":false,"campfire_upgraded":1,"win_rate":0.0,"timestamp":1612001934,"path_taken":["M","?","M","?","?","E","R","E","T","?","E"],"items_purchased_type":[],"build_version":"2020-12-22","purchased_purges":0,"victory":false,"max_hp_per_floor":[75,75,75,75,75,75,75,75,75,75,75,75],"card_choices":[{"not_picked":["Body Slam","Defy Death"],"picked":"Wild Strike","floor":1},{"not_picked":["ReplayTheSpireMod:Muscle Training","Blood for Blood"],"picked":"Metallicize","floor":3},{"not_picked":["Dark Embrace","Twin Strike","Ghostly Armor"],"picked":"SKIP","floor":6},{"not_picked":["Clothesline","Entrench"],"picked":"Life Link","floor":8}],"player_experience":1221599,"relics_obtained":[{"floor":6,"key":"Replay:Bottled Eggs"},{"floor":8,"key":"hubris:CrystalStatue"},{"floor":9,"key":"infinitespire:EmpoweringShard"},{"floor":10,"key":"Ring of Panic"},{"floor":10,"key":"ReplayTheSpireMod:Ring of Exchange"}],"event_choices":[{"damage_healed":0,"gold_gain":0,"player_choice":"Box","damage_taken":0,"relics_obtained":["Counterbalance"],"max_hp_gain":0,"max_hp_loss":0,"event_name":"Big Fish","floor":2,"gold_loss":0,"cards_obtained":["Regret"]},{"damage_healed":0,"gold_gain":0,"player_choice":"Success","damage_taken":5,"relics_obtained":["Onion Ring"],"max_hp_gain":0,"max_hp_loss":0,"event_name":"Scrap Ooze","floor":4,"gold_loss":0},{"damage_healed":0,"gold_gain":0,"player_choice":"Entered Light","damage_taken":23,"max_hp_gain":0,"max_hp_loss":0,"event_name":"Shining Light","floor":5,"gold_loss":0,"cards_upgraded":["Defend_R","Strike_R"]}],"is_beta":false,"boss_relics":[],"items_purged_floors":[],"is_endless":false,"potions_floor_spawned":[8],"killed_by":"3 Sentries","ascension_level":20}}