{"host":"3qkmyeoym75lj4wn","time":1612039759,"event":{"mods":["2.2 Compatiblity","BaseMod","Block Reminder","Colored Powertips","Highlight Path","Minty Spire (QoL Compilation)","Permanent Neow","Potion Indicator Mod","Rare Cards Sparkle","Relic Stats","StSLib","Unceasing Turn Reminder"],"gold_per_floor":[119,43,67,85,85,85,10,10,10,53,13,36,75,89,89,180,180,193,208,208,42,58,58,58,58],"floor_reached":24,"language":"ENG","playtime":617,"items_purged":["Strike_R"],"score":458,"play_id":"58537d91-845e-447f-abe3-60f336a57b82","local_time":"20210130204919","is_ascension_mode":true,"campfire_choices":[{"data":"Bash","floor":6.0,"key":"SMITH"},{"data":"Carnage","floor":8.0,"key":"SMITH"},{"data":"Uppercut","floor":15.0,"key":"SMITH"}],"circlet_count":0,"master_deck":["AscendersBane","Strike_R","Strike_R","Defend_R","Defend_R","Defend_R","Defend_R","Bash+1","Rage","Carnage+1","Thunderclap","Uppercut+1","Shrug It Off","Feed","Disarm","Seeing Red"],"relics":["Burning Blood","NeowsBlessing","Tiny Chest","Golden Idol","Charon\u0027s Ashes","Paper Frog","Mango","Empty Cage","Sundial"],"acts_visited":["Exordium","TheCity"],"potions_floor_usage":[24],"damage_taken":[{"damage":0.0,"enemies":"Cultist","floor":1.0,"turns":1.0},{"damage":0.0,"enemies":"2 Louse","floor":4.0,"turns":1.0},{"damage":0.0,"enemies":"Lagavulin","floor":10.0,"turns":1.0},{"damage":0.0,"enemies":"Jaw Worm","floor":12.0,"turns":2.0},{"damage":8.0,"enemies":"Gremlin Nob","floor":13.0,"turns":3.0},{"damage":0.0,"enemies":"Exordium Wildlife","floor":14.0,"turns":3.0},{"damage":33.0,"enemies":"Slime Boss","floor":16.0,"turns":9.0},{"damage":4.0,"enemies":"Chosen","floor":18.0,"turns":4.0},{"damage":40.0,"enemies":"3 Byrds","floor":19.0,"turns":6.0},{"damage":18.0,"enemies":"Snecko","floor":22.0,"turns":5.0},{"damage":38,"enemies":"Slavers","floor":24,"turns":2}],"seed_played":"87396609673579615","potions_obtained":[{"floor":1.0,"key":"Dexterity Potion"},{"floor":4.0,"key":"PowerPotion"}],"is_trial":false,"path_per_floor":["M","$","T","M","?","R","$","R","T","E","$","M","E","M","R","B",null,"M","M","T","$","M","?","E"],"character_chosen":"IRONCLAD","items_purchased":["Carnage","Uppercut","Disarm","Seeing Red"],"campfire_rested":0,"item_purchase_floors":[2,11,21,21],"current_hp_per_floor":[74,74,74,75,68,68,68,68,68,68,68,68,80,82,82,55,75,77,46,46,46,37,37,0,0],"gold":58,"neow_bonus":"THREE_ENEMY_KILL","is_daily":false,"chose_seed":false,"campfire_upgraded":3,"win_rate":0.0,"timestamp":1612039759,"path_taken":["M","$","?","M","?","R","$","R","T","E","?","?","E","M","R","BOSS","M","M","?","$","M","?","E"],"items_purchased_type":["Card","Card","Card","Card"],"build_version":"2020-12-22","purchased_purges":1,"victory":false,"max_hp_per_floor":[75,75,75,75,68,68,68,68,68,68,68,68,82,82,82,82,82,82,85,85,85,88,88,88,88],"relic_stats":{"counters":[11,37],"Golden Idol":52,"Sundial":[0],"Tiny Chest":1,"Charon\u0027s Ashes":[74],"obtain_stats":[{"NeowsBlessing":0,"Golden Idol":5,"Sundial":20,"Tiny Chest":3,"Mango":13,"Charon\u0027s Ashes":9,"Empty Cage":17,"Burning Blood":0,"Paper Frog":10},{"NeowsBlessing":0,"Golden Idol":2,"Sundial":9,"Tiny Chest":1,"Mango":5,"Charon\u0027s Ashes":2,"Empty Cage":7,"Burning Blood":0,"Paper Frog":3},{"NeowsBlessing":0,"Golden Idol":2,"Sundial":30,"Tiny Chest":1,"Mango":8,"Charon\u0027s Ashes":2,"Empty Cage":20,"Burning Blood":0,"Paper Frog":3}],"Burning Blood":39},"card_choices":[{"not_picked":["Power Through","Perfected Strike"],"picked":"Rage","floor":1.0},{"not_picked":["Warcry","Entrench"],"picked":"Thunderclap","floor":4.0},{"not_picked":["Iron Wave","Dropkick","Limit Break"],"picked":"SKIP","floor":10.0},{"not_picked":["Evolve","Body Slam"],"picked":"Shrug It Off","floor":12.0},{"not_picked":["Iron Wave","Wild Strike","Dropkick"],"picked":"SKIP","floor":13.0},{"not_picked":["Iron Wave","Pommel Strike","Body Slam"],"picked":"SKIP","floor":14.0},{"not_picked":["Barricade","Limit Break"],"picked":"Feed","floor":16.0},{"not_picked":["Clothesline","Body Slam","Wild Strike"],"picked":"SKIP","floor":18.0},{"not_picked":["Twin Strike","Wild Strike","Sword Boomerang"],"picked":"SKIP","floor":19.0},{"not_picked":["Perfected Strike","Cleave","Thunderclap+1"],"picked":"SKIP","floor":22.0}],"player_experience":1714934,"relics_obtained":[{"floor":3.0,"key":"Tiny Chest"},{"floor":9.0,"key":"Charon\u0027s Ashes"},{"floor":10.0,"key":"Paper Frog"},{"floor":13.0,"key":"Mango"},{"floor":20.0,"key":"Sundial"}],"event_choices":[{"damage_healed":0.0,"max_hp_gain":0.0,"max_hp_loss":7.0,"gold_gain":0.0,"event_name":"Golden Idol","player_choice":"Lose Max HP","floor":5.0,"gold_loss":0.0,"damage_taken":0.0,"relics_obtained":["Golden Idol"]},{"damage_healed":0.0,"max_hp_gain":0.0,"max_hp_loss":0.0,"gold_gain":0.0,"event_name":"The Mausoleum","player_choice":"Ignored","floor":23.0,"gold_loss":0.0,"damage_taken":0.0}],"is_beta":false,"boss_relics":[{"not_picked":["SacredBark","Runic Cube"],"picked":"Empty Cage"}],"items_purged_floors":[7],"is_endless":false,"potions_floor_spawned":[1,4,10,14,18],"killed_by":"Slavers","ascension_level":20}}