{"host":"3845m0wekkhud1e6","time":1612050281,"event":{"mods":["2.2 Compatiblity","AchievementEnabler","Act Like it!","Aspiration","BaseMod","Beaked The Cultist","Better Altar","Better Match","Better Note","Better Sensory Stone","Better Skull","Better Third Choice","BetterRewards","Block Reminder","Challenge The Spire","Colored Powertips","Conspire","Dark Map","Downfall","Energized Spire","GifTheSpireLib","GungeonMod","Halation","Hallownest","Hermit","Hubris","Infinite Spire","Mad Scientist","Marisa????????","Minty Spire (QoL Compilation)","Permanent Neow","RNG Fix","Random Character Button","Rare Cards Sparkle","Replay The Spire","Shop Mod","Spicy Shops","Spikes Relics","StSLib","Strawberry Spire","Stuff the Spire","The Blue Laboratory","The Bug Knight","The Construct","The Cursed","The Disciple","The Hayseed","The Jungle","The Poker Player","The Problem Sleuth","The Sage","The Spell Scribe","Trackpad","Uncapped","Unknown Chances","Wandering Minibosses"],"gold_per_floor":[112,112,122,147,72,113,124,144,167,167,196,196,224,240,240,350,350,367,53,53,53,53,53],"floor_reached":22,"language":"ENG","playtime":1559,"items_purged":["Strike_MRS"],"score":263,"play_id":"e43a66cd-2170-48b5-aceb-c42ceba2cfe2","local_time":"20210131004441","is_ascension_mode":false,"campfire_choices":[{"floor":10,"key":"REST"},{"floor":15,"key":"REST"}],"circlet_count":0,"master_deck":["Strike_MRS","Defend_MRS","Defend_MRS","Defend_MRS","Defend_MRS","MasterSpark","UpSweep","WitchOfGreed","MysteriousBeam","WitchLeyline","TreasureHunter","EnergyFlow","OpenUniverse","UltimateShortwave","NonDirectionalLaser","BlazingStar","hubris:InfiniteBlow+39"],"relics":["MiniHakkero","aspiration:Nostalgia","bronze:BronzeCore","conspire:BottledYoYo","Juzu Bracelet","beaked:SacredDeck","construct:BoolHorns","Omamori"],"acts_visited":["Exordium","TheCity"],"potions_floor_usage":[8,11,13,14,14,16,22],"damage_taken":[{"damage":5,"enemies":"Small Slimes","floor":1,"turns":4},{"damage":5,"enemies":"Jaw Worm","floor":3,"turns":4},{"damage":3,"enemies":"conspire:RoseBush","floor":4,"turns":3},{"damage":46,"enemies":"strawberrySpire:EnergyPylons","floor":6,"turns":5},{"damage":2,"enemies":"Looter","floor":7,"turns":2},{"damage":0,"enemies":"Large Slime","floor":8,"turns":2},{"damage":7,"enemies":"Lots of Slimes","floor":11,"turns":3},{"damage":7,"enemies":"conspire:2 RoseBushes","floor":13,"turns":2},{"damage":4,"enemies":"Exordium Thugs","floor":14,"turns":2},{"damage":0,"enemies":"Slime Boss","floor":16,"turns":5},{"damage":26,"enemies":"2 Thieves","floor":18,"turns":3},{"damage":32,"enemies":"3 Byrds","floor":22,"turns":3}],"seed_played":"3642281228739810574","potions_obtained":[{"floor":1,"key":"Adrenaline Potion"},{"floor":4,"key":"Milkshake"},{"floor":6,"key":"champ:CounterPotion"},{"floor":7,"key":"BlessingOfTheForge"},{"floor":8,"key":"BlessingOfTheForge"},{"floor":11,"key":"FearPotion"},{"floor":13,"key":"ColorlessPotion"},{"floor":16,"key":"blueLaboratory:RememoryPotion"},{"floor":16,"key":"blueLaboratory:EnragingPotion"},{"floor":18,"key":"LiquidBronze"}],"is_trial":false,"path_per_floor":["M","?","M","M","$","E","M","M","T","R","M","?","M","M","R","B",null,"M","$","?","?","M"],"character_chosen":"MARISA","items_purchased":["construct:BoolHorns"],"campfire_rested":2,"item_purchase_floors":[19],"current_hp_per_floor":[70,70,65,62,62,16,14,14,14,36,29,29,22,18,40,40,75,49,49,49,31,0,0],"gold":53,"neow_bonus":"NOSTALGIA","is_daily":false,"chose_seed":false,"campfire_upgraded":0,"win_rate":0.0,"timestamp":1612050281,"path_taken":["M","?","M","M","$","E","?","M","T","R","M","?","M","M","R","BOSS","M","$","?","?","M"],"items_purchased_type":["Relic"],"build_version":"2020-12-22","purchased_purges":1,"victory":false,"max_hp_per_floor":[75,75,75,75,75,75,75,75,75,75,75,75,75,75,75,75,75,75,75,75,75,75,75],"card_choices":[{"not_picked":["OrrerysSun","OortCloud"],"picked":"WitchOfGreed","floor":1},{"not_picked":["LuminesStrike","GrandCross"],"picked":"MysteriousBeam","floor":3},{"not_picked":["OneTimeOff","GravityBeat"],"picked":"WitchLeyline","floor":4},{"not_picked":["EscapeVelocity","OpenUniverse"],"picked":"TreasureHunter","floor":6},{"not_picked":["RefractionSpark","MagicChant","6A"],"picked":"SKIP","floor":7},{"not_picked":["Robbery","AsteroidBelt"],"picked":"EnergyFlow","floor":8},{"not_picked":["MysteriousBeam","IllusionStar"],"picked":"OpenUniverse","floor":11},{"not_picked":["GrandCross","6A"],"picked":"UltimateShortwave","floor":13},{"not_picked":["StarlightTyphoon","GrandCross"],"picked":"NonDirectionalLaser","floor":14},{"not_picked":["TreasureHunter","SatelliteIllusion"],"picked":"BlazingStar","floor":16},{"not_picked":["WitchOfGreed","MysteriousBeam","GalacticHalo"],"picked":"SKIP","floor":18}],"player_experience":341892,"relics_obtained":[{"floor":6,"key":"conspire:BottledYoYo"},{"floor":9,"key":"Juzu Bracelet"}],"event_choices":[{"cards_removed":["Strike_MRS"],"damage_healed":0,"gold_gain":0,"player_choice":"Purged","damage_taken":0,"max_hp_gain":0,"max_hp_loss":0,"event_name":"Purifier","floor":12,"gold_loss":0},{"cards_removed":["Strike_MRS"],"damage_healed":0,"gold_gain":0,"player_choice":"Purged","damage_taken":0,"max_hp_gain":0,"max_hp_loss":0,"event_name":"Purifier","floor":20,"gold_loss":0},{"damage_healed":0,"gold_gain":0,"player_choice":"RE ","damage_taken":20,"relics_obtained":["Omamori"],"max_hp_gain":0,"max_hp_loss":0,"event_name":"betterSkull:BetterSkull","floor":21,"gold_loss":0,"cards_upgraded":[]}],"is_beta":false,"boss_relics":[{"not_picked":["theSleuth:AffinityCrow","energizedSpire:DeadBattery"],"picked":"beaked:SacredDeck"}],"items_purged_floors":[5],"is_endless":false,"potions_floor_spawned":[1,7,8,11,13,16,18],"killed_by":"3 Byrds","ascension_level":0}}