{"host":"9z9bilz90zy1bfdt","time":1612015307,"event":{"mods":["BaseMod","Minty Spire (QoL Compilation)","StSLib"],"gold_per_floor":[119,119,119,134,134,134,163,163,190,41,41,75,75,87,87,192,192,204,47,47,47,61,95,95,112,112,112,112],"floor_reached":27,"language":"KOR","playtime":592,"items_purged":[],"score":431,"play_id":"029869e6-3244-4e10-a8fd-3205b653dbf9","local_time":"20210130230147","is_ascension_mode":true,"campfire_choices":[{"data":"Eruption","floor":6.0,"key":"SMITH"},{"data":"ConjureBlade","floor":11.0,"key":"SMITH"},{"data":"Indignation","floor":13.0,"key":"SMITH"},{"data":"EmptyMind","floor":15.0,"key":"SMITH"},{"data":"Scrawl","floor":24,"key":"SMITH"}],"circlet_count":0,"master_deck":["AscendersBane","Strike_P","Strike_P","Strike_P","Defend_P","Defend_P","Defend_P","Defend_P","Eruption+1","Vigilance","Indignation+1","CutThroughFate","ConjureBlade+1","EmptyMind+1","Scrawl+1","MentalFortress","FollowUp","SandsOfTime","FlurryOfBlows"],"relics":["PureWater","NeowsBlessing","Lantern","Centennial Puzzle","Eternal Feather","Pen Nib","Akabeko","Orichalcum","Black Star","Medical Kit","Shovel","White Beast Statue","Vajra"],"acts_visited":["Exordium","TheCity"],"potions_floor_usage":[23,27,27],"damage_taken":[{"damage":0.0,"enemies":"Jaw Worm","floor":1.0,"turns":1.0},{"damage":0.0,"enemies":"Small Slimes","floor":4.0,"turns":1.0},{"damage":0.0,"enemies":"Gremlin Nob","floor":7.0,"turns":1.0},{"damage":0.0,"enemies":"Lagavulin","floor":12.0,"turns":3.0},{"damage":0.0,"enemies":"2 Louse","floor":14.0,"turns":1.0},{"damage":35.0,"enemies":"Hexaghost","floor":16.0,"turns":6.0},{"damage":0.0,"enemies":"Spheric Guardian","floor":18.0,"turns":2.0},{"damage":20.0,"enemies":"3 Byrds","floor":22.0,"turns":5.0},{"damage":14,"enemies":"Slavers","floor":23,"turns":4},{"damage":23,"enemies":"Centurion and Healer","floor":25,"turns":4},{"damage":15,"enemies":"Shelled Parasite and Fungi","floor":27,"turns":1}],"seed_played":"-5035811355444150657","potions_obtained":[{"floor":4.0,"key":"BlessingOfTheForge"},{"floor":14.0,"key":"PowerPotion"},{"floor":16.0,"key":"AttackPotion"},{"floor":22.0,"key":"ColorlessPotion"},{"floor":25,"key":"DistilledChaos"}],"is_trial":false,"path_per_floor":["M","?","?","M","?","R","E","?","T","$","R","E","R","M","R","B",null,"M","$","?","?","M","E","R","M","T","M"],"character_chosen":"WATCHER","items_purchased":["Akabeko","Medical Kit"],"campfire_rested":0,"item_purchase_floors":[10,19],"current_hp_per_floor":[65,40,64,64,57,57,57,57,57,57,63,63,69,69,72,37,63,63,63,63,63,43,29,38,15,15,0,0],"gold":112,"neow_bonus":"THREE_ENEMY_KILL","is_daily":false,"chose_seed":false,"campfire_upgraded":5,"win_rate":0.0,"timestamp":1612015307,"path_taken":["M","?","?","M","?","R","E","?","T","$","R","E","R","M","R","BOSS","M","?","?","?","M","E","R","M","T","M"],"items_purchased_type":["Relic","Relic"],"build_version":"2020-12-22","purchased_purges":0,"victory":false,"max_hp_per_floor":[72,72,72,72,72,72,72,72,72,72,72,72,72,72,72,72,72,72,72,72,72,72,72,72,72,72,72,72],"card_choices":[{"not_picked":["FollowUp","EmptyBody"],"picked":"Indignation","floor":1.0},{"not_picked":["JustLucky","FollowUp"],"picked":"CutThroughFate","floor":4.0},{"not_picked":["Consecrate","PathToVictory"],"picked":"ConjureBlade","floor":7.0},{"not_picked":["Wireheading","Crescendo","Vengeance"],"picked":"SKIP","floor":12.0},{"not_picked":["ForeignInfluence","Wallop"],"picked":"EmptyMind","floor":14.0},{"not_picked":["Vault","ConjureBlade"],"picked":"Scrawl","floor":16.0},{"not_picked":["FlyingSleeves","CrushJoints"],"picked":"MentalFortress","floor":18.0},{"not_picked":["ClearTheMind","FlyingSleeves+1"],"picked":"FollowUp","floor":22.0},{"not_picked":["Sanctity","BattleHymn"],"picked":"SandsOfTime","floor":23},{"not_picked":["Pray","Vengeance"],"picked":"FlurryOfBlows","floor":25}],"player_experience":339619,"relics_obtained":[{"floor":7.0,"key":"Centennial Puzzle"},{"floor":8.0,"key":"Eternal Feather"},{"floor":9.0,"key":"Pen Nib"},{"floor":12.0,"key":"Orichalcum"},{"floor":23,"key":"Shovel"},{"floor":23,"key":"White Beast Statue"},{"floor":26,"key":"Vajra"}],"event_choices":[{"damage_healed":0.0,"max_hp_gain":0.0,"max_hp_loss":0.0,"gold_gain":0.0,"event_name":"Scrap Ooze","player_choice":"Success","floor":2.0,"gold_loss":0.0,"damage_taken":25.0,"relics_obtained":["Lantern"]},{"damage_healed":24.0,"max_hp_gain":0.0,"max_hp_loss":0.0,"gold_gain":0.0,"event_name":"Big Fish","player_choice":"Banana","floor":3.0,"gold_loss":0.0,"damage_taken":0.0},{"cards_removed":["Strike_P"],"damage_healed":0.0,"max_hp_gain":0.0,"max_hp_loss":0.0,"gold_gain":0.0,"event_name":"Golden Wing","player_choice":"Card Removal","floor":5.0,"gold_loss":0.0,"damage_taken":7.0},{"damage_healed":0.0,"max_hp_gain":0.0,"max_hp_loss":0.0,"gold_gain":0.0,"event_name":"Wheel of Change","player_choice":"Relic","floor":8.0,"gold_loss":0.0,"damage_taken":0.0},{"damage_healed":0.0,"max_hp_gain":0.0,"max_hp_loss":0.0,"gold_gain":0.0,"event_name":"Cursed Tome","player_choice":"Ignored","floor":20.0,"gold_loss":0.0,"damage_taken":0.0}],"is_beta":false,"boss_relics":[{"not_picked":["Calling Bell","Runic Dome"],"picked":"Black Star"}],"items_purged_floors":[],"is_endless":false,"potions_floor_spawned":[4,14,16,22,25],"killed_by":"Shelled Parasite and Fungi","ascension_level":10}}