{"host":"4k1o517shm2ba6vh","time":1612037958,"event":{"mods":["AchievementEnabler","BaseMod","Minty Spire (QoL Compilation)","StSLib","The Poker Player","everything is the same but u backflip on backflip"],"gold_per_floor":[118,118,137,151,168,181,216,216,291,291,291,325,343,18,18,120,120,132,143,154,154,154,179,179,205,205,9,20,46,46,60,60,60,60],"floor_reached":33,"language":"ENG","playtime":2061,"items_purged":["Strike_G"],"score":580,"play_id":"f6a53e07-6f7d-4bd1-830c-5ae4cb15e192","local_time":"20210130141918","is_ascension_mode":true,"campfire_choices":[{"floor":8.0,"key":"DIG"},{"floor":10.0,"key":"DIG"},{"floor":15.0,"key":"DIG"},{"floor":24.0,"key":"DIG"},{"floor":30,"key":"DIG"},{"floor":32,"key":"DIG"}],"circlet_count":0,"master_deck":["AscendersBane","Strike_G","Strike_G","Defend_G","Defend_G","Defend_G","Defend_G","Defend_G","Survivor","Neutralize","Deflect","Backflip","Slice","Skewer","Endless Agony","Predator","Dodge and Roll","Flying Knee+1","A Thousand Cuts","Endless Agony+1","Dodge and Roll","Wraith Form v2","Footwork","Quick Slash+1","PiercingWail+1","Grand Finale+1","Glass Knife+1","Cloak And Dagger+1","Endless Agony+1","Tools of the Trade","Slice+1","Calculated Gamble"],"relics":["Ring of the Snake","Pantograph","Shovel","Oddly Smooth Stone","Molten Egg 2","Kunai","Mango","Bag of Marbles","Velvet Choker","Potion Belt","Dead Branch","Lantern","HornCleat","Chemical X","FossilizedHelix","MealTicket","Strawberry"],"acts_visited":["Exordium","TheCity"],"potions_floor_usage":[31,33,33],"damage_taken":[{"damage":0.0,"enemies":"2 Louse","floor":1.0,"turns":4.0},{"damage":0.0,"enemies":"Jaw Worm","floor":3.0,"turns":5.0},{"damage":2.0,"enemies":"Cultist","floor":4.0,"turns":5.0},{"damage":7.0,"enemies":"Blue Slaver","floor":5.0,"turns":6.0},{"damage":3.0,"enemies":"Looter","floor":6.0,"turns":2.0},{"damage":28.0,"enemies":"3 Sentries","floor":7.0,"turns":11.0},{"damage":34.0,"enemies":"Gremlin Nob","floor":12.0,"turns":5.0},{"damage":0.0,"enemies":"3 Louse","floor":13.0,"turns":4.0},{"damage":16.0,"enemies":"Slime Boss","floor":16.0,"turns":11.0},{"damage":0.0,"enemies":"Chosen","floor":18.0,"turns":5.0},{"damage":4.0,"enemies":"Shell Parasite","floor":19.0,"turns":7.0},{"damage":1.0,"enemies":"Snecko","floor":20.0,"turns":5.0},{"damage":13.0,"enemies":"Gremlin Leader","floor":23.0,"turns":7.0},{"damage":22.0,"enemies":"Slavers","floor":25.0,"turns":6.0},{"damage":0.0,"enemies":"Sentry and Sphere","floor":28.0,"turns":3.0},{"damage":0,"enemies":"Book of Stabbing","floor":29,"turns":5},{"damage":0,"enemies":"Centurion and Healer","floor":31,"turns":5},{"damage":59,"enemies":"Automaton","floor":33,"turns":16}],"seed_played":"3602432019201887253","potions_obtained":[{"floor":3.0,"key":"Fire Potion"},{"floor":7.0,"key":"SkillPotion"},{"floor":13.0,"key":"Ancient Potion"},{"floor":20.0,"key":"ColorlessPotion"},{"floor":25.0,"key":"Explosive Potion"},{"floor":29,"key":"LiquidBronze"}],"is_trial":false,"path_per_floor":["M","?","M","M","M","M","E","R","T","R","?","E","M","$","R","B",null,"M","M","M","?","?","E","R","E","T","$","M","E","R","M","R","B"],"character_chosen":"THE_SILENT","items_purchased":["A Thousand Cuts","Endless Agony+1","Dodge and Roll","Chemical X","SpeedPotion"],"campfire_rested":0,"item_purchase_floors":[14,14,14,27,27],"current_hp_per_floor":[70,58,58,56,49,46,18,18,18,18,43,23,23,23,23,32,76,76,72,71,71,53,40,40,18,18,18,18,18,18,18,25,0,0],"gold":60,"neow_bonus":"TEN_PERCENT_HP_BONUS","is_daily":false,"chose_seed":false,"campfire_upgraded":0,"win_rate":0.0,"timestamp":1612037958,"path_taken":["M","?","M","M","M","M","E","R","T","R","?","E","M","?","R","BOSS","M","M","M","?","?","E","R","E","T","$","M","E","R","M","R","BOSS"],"items_purchased_type":["Card","Card","Card","Relic","Potion"],"build_version":"2020-12-22","purchased_purges":1,"victory":false,"max_hp_per_floor":[77,77,77,77,77,77,77,77,77,77,77,91,91,91,91,91,91,91,91,91,91,96,96,96,96,96,96,96,96,96,96,103,103,103],"card_choices":[{"not_picked":["Acrobatics","Reflex"],"picked":"Deflect","floor":1.0},{"not_picked":["Bane","Distraction"],"picked":"Backflip","floor":3.0},{"not_picked":["Deadly Poison","Sucker Punch"],"picked":"Slice","floor":4.0},{"not_picked":["Underhanded Strike","Prepared"],"picked":"Skewer","floor":5.0},{"not_picked":["Terror","Acrobatics"],"picked":"Endless Agony","floor":6.0},{"not_picked":["Heel Hook","Poisoned Stab"],"picked":"Predator","floor":7.0},{"not_picked":["Acrobatics","Tactician"],"picked":"Dodge and Roll","floor":12.0},{"not_picked":["Sucker Punch+1","PiercingWail"],"picked":"Flying Knee+1","floor":13.0},{"not_picked":["Night Terror","Unload+1"],"picked":"Wraith Form v2","floor":16.0},{"not_picked":["Infinite Blades","Bane+1"],"picked":"Footwork","floor":18.0},{"not_picked":["Finisher+1","Accuracy"],"picked":"Quick Slash+1","floor":19.0},{"not_picked":["Sucker Punch+1","Leg Sweep"],"picked":"PiercingWail+1","floor":20.0},{"not_picked":["Predator+1","Setup"],"picked":"Cloak And Dagger+1","floor":23.0},{"not_picked":["Dagger Spray+1","Prepared+1"],"picked":"Endless Agony+1","floor":25.0},{"not_picked":["Prepared","Deflect+1"],"picked":"Tools of the Trade","floor":28.0},{"not_picked":["Bane+1","Acrobatics+1"],"picked":"Slice+1","floor":29},{"not_picked":["Flechettes+1","Escape Plan"],"picked":"Calculated Gamble","floor":31}],"player_experience":434171,"relics_obtained":[{"floor":7.0,"key":"Shovel"},{"floor":8.0,"key":"Oddly Smooth Stone"},{"floor":9.0,"key":"Molten Egg 2"},{"floor":10.0,"key":"Kunai"},{"floor":12.0,"key":"Mango"},{"floor":15.0,"key":"Bag of Marbles"},{"floor":23.0,"key":"Potion Belt"},{"floor":24.0,"key":"Dead Branch"},{"floor":25.0,"key":"Lantern"},{"floor":26.0,"key":"HornCleat"},{"floor":29,"key":"FossilizedHelix"},{"floor":30,"key":"MealTicket"},{"floor":32,"key":"Strawberry"}],"event_choices":[{"damage_healed":0.0,"max_hp_gain":0.0,"max_hp_loss":0.0,"gold_gain":0.0,"event_name":"Scrap Ooze","player_choice":"Success","floor":2.0,"gold_loss":0.0,"damage_taken":12.0,"relics_obtained":["Pantograph"]},{"damage_healed":25.0,"max_hp_gain":0.0,"max_hp_loss":0.0,"gold_gain":0.0,"event_name":"Big Fish","player_choice":"Banana","floor":11.0,"gold_loss":0.0,"damage_taken":0.0},{"damage_healed":0.0,"max_hp_gain":0.0,"max_hp_loss":0.0,"gold_gain":0.0,"cards_transformed":["Strike_G","Strike_G"],"event_name":"Drug Dealer","player_choice":"Became Test Subject","floor":21.0,"gold_loss":0.0,"damage_taken":0.0,"cards_obtained":["Grand Finale","Glass Knife"]},{"damage_healed":0.0,"max_hp_gain":5.0,"max_hp_loss":0.0,"gold_gain":0.0,"event_name":"Forgotten Altar","player_choice":"Shed Blood","floor":22.0,"gold_loss":0.0,"damage_taken":23.0}],"is_beta":false,"boss_relics":[{"not_picked":["Busted Crown","Snecko Eye"],"picked":"Velvet Choker"}],"items_purged_floors":[14],"is_endless":false,"potions_floor_spawned":[3,7,13,20,25,29],"killed_by":"Automaton","ascension_level":11}}