{"host":"h1qktzcccqnez8tx","time":1612013077,"event":{"mods":["AchievementEnabler","BaseMod","Bestiary","Better Note","Block Reminder","Colored Map","Colored Powertips","Curses Come First","Downfall","Highlight Path","Infinite Spire","Minty Spire (QoL Compilation)","Permanent Neow","Quick Restart","Relic Stats","Replay The Spire","Say the Spire","StSLib","UnlockEverythingMod"],"gold_per_floor":[109,124,124,73,86,86,113,113,113,125,144,155,63,74,74,173,273,273,273,273],"floor_reached":18,"language":"ENG","playtime":925,"items_purged":[],"score":164,"play_id":"794f8d83-6d49-4340-aea1-d5ddcff0f232","local_time":"20210130142437","is_ascension_mode":false,"campfire_choices":[{"data":"Slimebound:Grow","floor":6,"key":"SMITH"},{"data":"Slimebound:CorrosiveSpit","floor":8,"key":"SMITH"},{"floor":15,"key":"REST"}],"circlet_count":0,"master_deck":["Slimebound:Strike_Slimebound","Slimebound:Strike_Slimebound","Slimebound:Strike_Slimebound","Slimebound:Tackle","Slimebound:Defend_Slimebound","Slimebound:Defend_Slimebound","Slimebound:Defend_Slimebound","Slimebound:Defend_Slimebound","Slimebound:Split","Slimebound:CorrosiveSpit+1","Slimebound:RallyTheTroops","Slimebound:Grow+1","Slimebound:ProtectTheBoss","Slimebound:SplitLeeching","Slimebound:Prepare","Slimebound:AcidTongue","Slimebound:SplitBruiser","Slimebound:LeadByExample","Slimebound:LevelUp","Slimebound:RainOfGoop+1","Slimebound:Overexert"],"relics":["Slimebound:AbsorbEndCombat","Smiling Mask","ReplayTheSpireMod:Ninjato","Toxic Egg 2","Replay:Wanted Poster"],"acts_visited":["Exordium","TheCity"],"potions_floor_usage":[10],"damage_taken":[{"damage":1,"enemies":"Jaw Worm","floor":1,"turns":3},{"damage":0,"enemies":"Cultist","floor":2,"turns":3},{"damage":6,"enemies":"2 Louse","floor":5,"turns":3},{"damage":9,"enemies":"3 Sentries","floor":7,"turns":10},{"damage":17,"enemies":"Lots of Slimes","floor":10,"turns":4},{"damage":0,"enemies":"Looter","floor":11,"turns":3},{"damage":0,"enemies":"Large Slime","floor":12,"turns":8},{"damage":12,"enemies":"Exordium Thugs","floor":14,"turns":6},{"damage":44,"enemies":"The Guardian","floor":16,"turns":8},{"damage":0,"enemies":"3 Byrds","floor":18,"turns":1}],"seed_played":"-6605074361314118156","potions_obtained":[{"floor":7,"key":"Slimebound:SpawnSlimePotion"},{"floor":12,"key":"Cursed Concoction"},{"floor":14,"key":"BlessingOfTheForge"},{"floor":16,"key":"Languid Potion"}],"is_trial":false,"path_per_floor":["M","M","?","$","M","R","E","R","T","M","M","M","?","M","R","B",null,"M"],"character_chosen":"SLIMEBOUND","items_purchased":["Slimebound:SplitLeeching"],"campfire_rested":1,"item_purchase_floors":[4],"current_hp_per_floor":[59,59,59,59,53,53,52,52,52,37,37,41,41,33,50,14,59,59,59,59],"gold":273,"neow_bonus":"THREE_RARE_CARDS","is_daily":false,"chose_seed":false,"campfire_upgraded":2,"win_rate":0.0,"timestamp":1612013077,"path_taken":["M","M","?","$","M","R","E","R","T","M","M","M","?","M","R","BOSS","M"],"items_purchased_type":["Card"],"build_version":"2020-12-22","purchased_purges":0,"victory":false,"max_hp_per_floor":[59,59,59,59,59,59,59,59,59,59,59,59,59,59,59,59,59,59,59,59],"relic_stats":{"counters":[10,47],"Smiling Mask":0,"obtain_stats":[{"Replay:Wanted Poster":17,"ReplayTheSpireMod:Ninjato":9,"Slimebound:AbsorbEndCombat":0,"Toxic Egg 2":13,"Smiling Mask":7},{"Replay:Wanted Poster":9,"ReplayTheSpireMod:Ninjato":4,"Slimebound:AbsorbEndCombat":0,"Toxic Egg 2":7,"Smiling Mask":4},{"Replay:Wanted Poster":46,"ReplayTheSpireMod:Ninjato":19,"Slimebound:AbsorbEndCombat":0,"Toxic Egg 2":33,"Smiling Mask":19}]},"card_choices":[{"not_picked":["Slimebound:MassFeed","Slimebound:DuplicatedForm"],"picked":"Slimebound:RallyTheTroops","floor":0},{"not_picked":["Slimebound:HauntingLick","Slimebound:SplitLeeching"],"picked":"Slimebound:Grow","floor":1},{"not_picked":["Slimebound:SplitLeeching","Slimebound:PressTheAttack"],"picked":"Slimebound:ProtectTheBoss","floor":2},{"not_picked":["Slimebound:GrowthPunch","Slimebound:Chomp"],"picked":"Slimebound:Prepare","floor":5},{"not_picked":["Slimebound:SplitMire","Slimebound:Grow"],"picked":"Slimebound:AcidTongue","floor":7},{"not_picked":["Slimebound:OozeBath","Slimebound:HauntingLick"],"picked":"Slimebound:SplitBruiser","floor":10},{"not_picked":["Slimebound:RollThrough","Slimebound:GoopSpray"],"picked":"Slimebound:LeadByExample","floor":11},{"not_picked":["Slimebound:SlimeSpikes","Slimebound:Gluttony"],"picked":"Slimebound:LevelUp","floor":12},{"not_picked":["Slimebound:GoopTackle","Slimebound:Dissolve+1"],"picked":"Slimebound:RainOfGoop+1","floor":14},{"not_picked":["Slimebound:MinionMaster","Slimebound:OozeBath+1"],"picked":"Slimebound:Overexert","floor":16}],"player_experience":276700,"relics_obtained":[{"floor":7,"key":"Smiling Mask"},{"floor":9,"key":"ReplayTheSpireMod:Ninjato"}],"event_choices":[{"damage_healed":0,"gold_gain":0,"player_choice":"Paid Gold","damage_taken":0,"relics_obtained":["Toxic Egg 2"],"max_hp_gain":0,"max_hp_loss":0,"event_name":"WeMeetAgain","floor":13,"gold_loss":92}],"is_beta":false,"boss_relics":[{"not_picked":["Snecko Eye","Painkiller Herb"],"picked":"Replay:Wanted Poster"}],"items_purged_floors":[],"is_endless":false,"potions_floor_spawned":[7,12,14,16],"killed_by":"3 Byrds","ascension_level":0}}