{"host":"Sylvester","time":1612040858,"event":{"mods":["BaseMod","Bestiary","Colored Map","Filter the Spire","Lobotomy","Minty Spire (QoL Compilation)","Replay The Spire","StSLib","The Bug Knight"],"gold_per_floor":[114,133,133,151,151,184,72,72,120,120,155,155,190,262,262,355,355,378,402,372,372,372],"floor_reached":21,"language":"ENG","playtime":713,"items_purged":["Strike_G"],"score":390,"play_id":"acefaf12-5bec-4adc-8073-ec10212bb015","local_time":"20210130130738","is_ascension_mode":true,"campfire_choices":[{"floor":8,"key":"REST"},{"data":"Accuracy","floor":10,"key":"SMITH"},{"data":"Infinite Blades","floor":12,"key":"SMITH"},{"data":"Cloak And Dagger","floor":15,"key":"SMITH"}],"circlet_count":0,"master_deck":["AscendersBane","Strike_G","Strike_G","Strike_G","Strike_G","Defend_G","Defend_G","Defend_G","Defend_G","Defend_G","Survivor","Neutralize","Dagger Spray","Poisoned Stab","Cloak And Dagger+1","Infinite Blades+1","Accuracy+1","ReplayTheSpireMod:Speed Training","Prepared","A Thousand Cuts","Slice"],"relics":["WristBlade","Golden Idol","Regal Pillow","Ancient Tea Set","Replay:Bottled Steam","Mango","Snack Pack","Black Star"],"acts_visited":["Exordium","TheCity"],"potions_floor_usage":[11,19,21,21],"damage_taken":[{"damage":9.0,"enemies":"Jaw Worm","floor":1.0,"turns":6.0},{"damage":1.0,"enemies":"Cultist","floor":2.0,"turns":4.0},{"damage":4.0,"enemies":"Small Slimes","floor":4.0,"turns":4.0},{"damage":30.0,"enemies":"Gremlin Nob","floor":6.0,"turns":4.0},{"damage":12,"enemies":"Lagavulin","floor":11,"turns":6},{"damage":30,"enemies":"3 Sentries","floor":13,"turns":6},{"damage":20,"enemies":"Hexaghost","floor":16,"turns":10},{"damage":23,"enemies":"Chosen","floor":18,"turns":5},{"damage":29,"enemies":"2 Thieves","floor":19,"turns":4},{"damage":23,"enemies":"Sentry and Sphere","floor":21,"turns":5}],"seed_played":"8929263895569042398","potions_obtained":[{"floor":2.0,"key":"SteroidPotion"},{"floor":6,"key":"SteroidPotion"},{"floor":11,"key":"GamblersBrew"},{"floor":20,"key":"SkillPotion"},{"floor":20,"key":"EssenceOfSteel"}],"is_trial":false,"path_per_floor":["M","M","?","M","?","E","$","R","T","R","E","R","E","T","R","B",null,"M","M","?","M"],"character_chosen":"THE_SILENT","items_purchased":["Accuracy"],"campfire_rested":1,"item_purchase_floors":[7],"current_hp_per_floor":[50,49,49,45,45,15,15,48,48,48,36,36,20,20,20,12,59,42,17,17,0,0],"gold":372,"neow_bonus":"BOSS_RELIC","is_daily":false,"chose_seed":false,"campfire_upgraded":3,"win_rate":0.0,"timestamp":1612040858,"path_taken":["M","M","?","M","?","E","$","R","T","R","E","R","E","?","R","BOSS","M","M","?","?"],"items_purchased_type":["Card"],"build_version":"2020-11-17","purchased_purges":1,"victory":false,"max_hp_per_floor":[66,66,66,66,60,60,60,60,60,60,60,60,74,74,74,74,74,74,74,74,74,74],"card_choices":[{"not_picked":["Bane","Dagger Throw"],"picked":"Dagger Spray","floor":1.0},{"not_picked":["ReplayTheSpireMod:Exploit Weakness","Escape Plan"],"picked":"Poisoned Stab","floor":2.0},{"not_picked":["Quick Slash","Dagger Throw"],"picked":"Cloak And Dagger","floor":4.0},{"not_picked":["Reflex","Glass Knife"],"picked":"Infinite Blades","floor":6},{"not_picked":["Noxious Fumes","Acrobatics"],"picked":"ReplayTheSpireMod:Speed Training","floor":11},{"not_picked":["Tactician","Flying Knee"],"picked":"Prepared","floor":13},{"not_picked":["Venomology","Poison Darts"],"picked":"A Thousand Cuts","floor":16},{"not_picked":["Reflex","Deadly Poison+1","Toxin Wave"],"picked":"SKIP","floor":18},{"not_picked":["Outmaneuver","Quick Slash"],"picked":"Slice","floor":19}],"player_experience":184093,"relics_obtained":[{"floor":6,"key":"Regal Pillow"},{"floor":9,"key":"Ancient Tea Set"},{"floor":11,"key":"Replay:Bottled Steam"},{"floor":13,"key":"Mango"},{"floor":14,"key":"Snack Pack"}],"event_choices":[{"damage_healed":0.0,"max_hp_gain":0.0,"max_hp_loss":0.0,"gold_gain":0.0,"event_name":"The Cleric","player_choice":"Leave","floor":3.0,"gold_loss":0.0,"damage_taken":0.0},{"damage_healed":0.0,"max_hp_gain":0.0,"max_hp_loss":6.0,"gold_gain":0.0,"event_name":"Golden Idol","player_choice":"Lose Max HP","floor":5.0,"gold_loss":0.0,"damage_taken":0.0,"relics_obtained":["Golden Idol"]},{"damage_healed":0,"gold_gain":0,"player_choice":"Bought 2 Potions","damage_taken":0,"max_hp_gain":0,"max_hp_loss":0,"event_name":"The Woman in Blue","floor":20,"gold_loss":0}],"is_beta":true,"boss_relics":[{"not_picked":["Tiny House","Replay:Drink Me"],"picked":"Black Star"}],"items_purged_floors":[7],"is_endless":false,"potions_floor_spawned":[2,6,11],"killed_by":"Sentry and Sphere","ascension_level":20}}