{"host":"gzk4gkgy3zij1c51","time":1612021911,"event":{"mods":["BaseMod","Colored Map","Downfall","Highlight Path","Marked Mod","Minty Spire (QoL Compilation)","Relic Stats","StSLib","everything is the same but u backflip on backflip"],"gold_per_floor":[99,113,113,113,24,24,24,39,39,75,30,49,49,68,97,97,97,97],"floor_reached":16,"language":"ENG","playtime":763,"items_purged":[],"score":125,"play_id":"c908f872-411a-4d1d-ada7-a8a6a51ba02f","local_time":"20210130155151","is_ascension_mode":true,"campfire_choices":[{"data":"champ:Taunt","floor":1,"key":"SMITH"},{"data":"champ:ShieldWall","floor":9,"key":"SMITH"},{"data":"champ:HoldFirm","floor":13,"key":"SMITH"}],"circlet_count":0,"master_deck":["champ:Strike","champ:Strike","champ:Strike+1","champ:Strike+1","champ:Defend","champ:Defend+1","champ:Defend","champ:Defend","champ:Execute","champ:Taunt+1","champ:ArenaPreparation","downfall:Malfunctioning","champ:Circumvent","champ:ShieldWall+1","champ:SkillfulDodge","champ:GladiatorStyle","champ:SetATrap","champ:PerfectedStrike","champ:HoldFirm+1","champ:CrownThrow","champ:BringItOn"],"relics":["champ:ChampionCrown","downfall:BrokenWingStatue","White Beast Statue","CeramicFish"],"acts_visited":["Exordium"],"potions_floor_usage":[16,16,16],"damage_taken":[{"damage":22,"enemies":"Small Slimes","floor":2,"turns":3},{"damage":42,"enemies":"downfall:FleeingMerchant","floor":5,"turns":4},{"damage":2,"enemies":"2 Louse","floor":8,"turns":2},{"damage":97,"enemies":"Gremlin Nob","floor":10,"turns":6},{"damage":10,"enemies":"downfall:FleeingMerchant","floor":11,"turns":4},{"damage":10,"enemies":"Jaw Worm","floor":12,"turns":2},{"damage":20,"enemies":"Exordium Wildlife","floor":14,"turns":4},{"damage":15,"enemies":"3 Louse","floor":15,"turns":4},{"damage":23,"enemies":"DF_ARCHETYPE_STREAMLINE","floor":16,"turns":4}],"seed_played":"-513984657034850675","potions_obtained":[{"floor":8,"key":"DuplicationPotion"},{"floor":10,"key":"BlessingOfTheForge"},{"floor":11,"key":"champ:CounterPotion"},{"floor":15,"key":"EssenceOfSteel"}],"is_trial":false,"path_per_floor":["R","M","?","?","$","?","T","M","R","E","$","M","R","M","M","B"],"character_chosen":"THE_CHAMP","items_purchased":["champ:ShieldWall","champ:PerfectedStrike"],"campfire_rested":0,"item_purchase_floors":[5,11],"current_hp_per_floor":[99,97,97,97,95,100,100,98,98,28,28,28,28,28,13,0,0,0],"gold":97,"neow_bonus":"TEN_PERCENT_HP_BONUS","is_daily":false,"chose_seed":false,"campfire_upgraded":3,"win_rate":0.0,"timestamp":1612021911,"path_taken":["R","M","?","?","$","?","T","M","R","E","?","?","R","M","M","BOSS"],"items_purchased_type":["Card","Card"],"build_version":"2020-12-22","purchased_purges":0,"victory":false,"max_hp_per_floor":[99,99,99,99,99,104,104,104,104,104,104,104,104,104,104,104,104,104],"relic_stats":{"counters":[9,33],"CeramicFish":54,"obtain_stats":[{"downfall:BrokenWingStatue":3,"CeramicFish":10,"champ:ChampionCrown":0,"White Beast Statue":7},{"downfall:BrokenWingStatue":1,"CeramicFish":4,"champ:ChampionCrown":0,"White Beast Statue":2},{"downfall:BrokenWingStatue":3,"CeramicFish":15,"champ:ChampionCrown":0,"White Beast Statue":7}]},"card_choices":[{"not_picked":["champ:Circumvent","champ:BerserkerStyle"],"picked":"champ:ArenaPreparation","floor":2},{"not_picked":["champ:ShieldSigil","champ:FlashCut"],"picked":"champ:Circumvent","floor":5},{"not_picked":["champ:PerfectedStrike","champ:BladeFlurry"],"picked":"champ:SkillfulDodge","floor":8},{"not_picked":["champ:BerserkersShout","champ:SwordSigil"],"picked":"champ:GladiatorStyle","floor":10},{"not_picked":["champ:EnragedBash","champ:FaceSlap"],"picked":"champ:SetATrap","floor":11},{"not_picked":["champ:RisingSlash","champ:Backstep"],"picked":"champ:HoldFirm","floor":12},{"not_picked":["champ:Shatter","champ:Encircle"],"picked":"champ:CrownThrow","floor":14},{"not_picked":["champ:ArenaPreparation","champ:FocusedBerserking"],"picked":"champ:BringItOn","floor":15}],"player_experience":1098137,"relics_obtained":[{"floor":7,"key":"White Beast Statue"},{"floor":10,"key":"CeramicFish"}],"event_choices":[{"damage_healed":0,"gold_gain":0,"player_choice":"Donut","damage_taken":0,"max_hp_gain":5,"max_hp_loss":0,"event_name":"Big Fish","floor":6,"gold_loss":0}],"is_beta":false,"boss_relics":[],"items_purged_floors":[],"is_endless":false,"potions_floor_spawned":[8,10,11,12,14,15],"killed_by":"DF_ARCHETYPE_STREAMLINE","ascension_level":5}}