{"host":"r53pw7z744tg3fxg","time":1612046712,"event":{"mods":["AchievementEnabler","BaseMod","Colored Map","Colored Powertips","Highlight Path","Minty Spire (QoL Compilation)","Quick Restart","Transform Curses"],"gold_per_floor":[113,113,132,132,132,161,161,187,187,187,3,25,25,36,36,107,107,119,44,59,109,109,109],"floor_reached":22,"language":"ENG","playtime":679,"items_purged":[],"score":409,"play_id":"03fc8f78-7048-4ef7-bb3a-9285823cb3b3","local_time":"20210130154512","is_ascension_mode":true,"campfire_choices":[{"floor":7,"key":"REST"},{"floor":10,"key":"REST"},{"floor":13,"key":"REST"},{"data":"Devotion","floor":15,"key":"SMITH"}],"circlet_count":0,"master_deck":["AscendersBane","Strike_P+1","Strike_P+1","Strike_P","Strike_P","Defend_P","Defend_P","Defend_P","Defend_P","Eruption+1","Vigilance","Evaluate","ForeignInfluence","PathToVictory","Devotion+1","LikeWater","CutThroughFate","EmptyBody","DevaForm","Halt","ReachHeaven"],"relics":["PureWater","InkBottle","Damaru","Akabeko","Letter Opener","Membership Card","Odd Mushroom","Black Star"],"acts_visited":["Exordium","TheCity"],"potions_floor_usage":[6,18,18],"damage_taken":[{"damage":2,"enemies":"Jaw Worm","floor":1,"turns":5},{"damage":0,"enemies":"2 Louse","floor":3,"turns":2},{"damage":0,"enemies":"Gremlin Nob","floor":6,"turns":2},{"damage":32,"enemies":"3 Sentries","floor":8,"turns":9},{"damage":13,"enemies":"The Mushroom Lair","floor":12,"turns":4},{"damage":0,"enemies":"Small Slimes","floor":14,"turns":2},{"damage":26,"enemies":"The Guardian","floor":16,"turns":9},{"damage":28,"enemies":"2 Thieves","floor":18,"turns":5},{"damage":12,"enemies":"Chosen","floor":20,"turns":5},{"damage":21,"enemies":"Shelled Parasite and Fungi","floor":22,"turns":1}],"seed_played":"-4693106832728600999","potions_obtained":[{"floor":3,"key":"AttackPotion"},{"floor":12,"key":"LiquidMemories"},{"floor":14,"key":"StancePotion"}],"is_trial":false,"path_per_floor":["M","?","M","?","?","E","R","E","T","R","$","?","R","M","R","B",null,"M","?","M","?","M"],"character_chosen":"WATCHER","items_purchased":["Membership Card","LikeWater"],"campfire_rested":3,"item_purchase_floors":[11,11],"current_hp_per_floor":[59,59,59,59,39,39,59,27,27,47,47,34,54,54,54,28,58,30,30,18,18,0,0],"gold":109,"neow_bonus":"UPGRADE_CARD","is_daily":false,"chose_seed":false,"campfire_upgraded":1,"win_rate":0.0,"timestamp":1612046712,"path_taken":["M","?","M","?","?","E","R","E","T","R","$","?","R","?","R","BOSS","M","?","M","?","M"],"items_purchased_type":["Relic","Card"],"build_version":"2020-12-22","purchased_purges":0,"victory":false,"max_hp_per_floor":[68,68,68,68,68,68,68,68,68,68,68,68,68,68,68,68,68,68,68,68,68,68,68],"card_choices":[{"not_picked":["FlyingSleeves","EmptyFist"],"picked":"Evaluate","floor":1},{"not_picked":["Tantrum","EmptyMind"],"picked":"ForeignInfluence","floor":3},{"not_picked":["SandsOfTime","EmptyFist"],"picked":"PathToVictory","floor":6},{"not_picked":["PathToVictory","WaveOfTheHand"],"picked":"Devotion","floor":8},{"not_picked":["ForeignInfluence","JustLucky"],"picked":"CutThroughFate","floor":12},{"not_picked":["ForeignInfluence","JustLucky"],"picked":"EmptyBody","floor":14},{"not_picked":["Vault","SpiritShield"],"picked":"DevaForm","floor":16},{"not_picked":["CrushJoints","Evaluate+1"],"picked":"Halt","floor":18},{"not_picked":["WheelKick","Fasting2"],"picked":"ReachHeaven","floor":20}],"player_experience":1394388,"relics_obtained":[{"floor":6,"key":"Damaru"},{"floor":8,"key":"Akabeko"},{"floor":9,"key":"Letter Opener"},{"floor":12,"key":"Odd Mushroom"}],"event_choices":[{"damage_healed":0,"gold_gain":0,"player_choice":"Box","damage_taken":0,"relics_obtained":["InkBottle"],"max_hp_gain":0,"max_hp_loss":0,"event_name":"Big Fish","floor":2,"gold_loss":0,"cards_obtained":["Regret"]},{"damage_healed":0,"gold_gain":0,"player_choice":"Ignored","damage_taken":0,"max_hp_gain":0,"max_hp_loss":0,"event_name":"Liars Game","floor":4,"gold_loss":0},{"damage_healed":0,"gold_gain":0,"player_choice":"Entered Light","damage_taken":20,"max_hp_gain":0,"max_hp_loss":0,"event_name":"Shining Light","floor":5,"gold_loss":0,"cards_upgraded":["Strike_P","Strike_P"]},{"damage_healed":0,"gold_gain":0,"player_choice":"Fought Mushrooms","damage_taken":0,"max_hp_gain":0,"max_hp_loss":0,"event_name":"Mushrooms","floor":12,"gold_loss":0},{"cards_removed":["Regret"],"damage_healed":0,"gold_gain":0,"player_choice":"Gave Gold","damage_taken":0,"max_hp_gain":0,"max_hp_loss":0,"event_name":"Beggar","floor":19,"gold_loss":75},{"damage_healed":0,"gold_gain":100,"player_choice":"Bet on Murderer","damage_taken":0,"max_hp_gain":0,"max_hp_loss":0,"event_name":"The Joust","floor":21,"gold_loss":50}],"is_beta":false,"boss_relics":[{"not_picked":["Coffee Dripper","SlaversCollar"],"picked":"Black Star"}],"items_purged_floors":[],"is_endless":false,"potions_floor_spawned":[3,12,14,16],"killed_by":"Shelled Parasite and Fungi","ascension_level":18}}