{"host":"0iuhrgzkozzv273x","time":1612035909,"event":{"mods":["2.2 Compatiblity","BaseMod","Colored Map","Curses Come First","Downfall","Minty Spire (QoL Compilation)","Spire Arcade","StSLib","The Construct","Unceasing Turn Reminder"],"gold_per_floor":[113,157,107,120,140,140,150,150,150,169,223,223,223,274,274,398,398,431,464,76,76,131,160,160,207,278,278,278,336,378,393,393,514,514,542,584,603,613,613,673,685,737,749,761,806,818,830,390,390,403,403,403,89,118,145],"floor_reached":56,"language":"ENG","playtime":6786,"items_purged":["sneckomod:Strike"],"score":1921,"play_id":"aea800f4-0167-4330-9759-6bd6ba59cad4","local_time":"20210130144509","is_ascension_mode":true,"campfire_choices":[{"floor":6,"key":"REST"},{"floor":13,"key":"REST"},{"data":"sneckomod:SnekBite","floor":15,"key":"SMITH"},{"floor":24,"key":"REST"},{"data":"sneckomod:QuickBite","floor":27,"key":"SMITH"},{"data":"SpiritShield","floor":32,"key":"SMITH"},{"floor":41,"key":"RECALL"},{"data":"TalkToTheHand","floor":44,"key":"SMITH"},{"floor":46,"key":"REST"},{"floor":49,"key":"REST"},{"data":"sneckomod:UnknownClassPURPLE","floor":52,"key":"SMITH"}],"circlet_count":0,"master_deck":["sneckomod:Defend+1","sneckomod:Defend+1","sneckomod:Defend+1","sneckomod:TailWhip+1","sneckomod:SnekBite+1","sneckomod:Unknown+1","sneckomod:Unknown+1","sneckomod:UnknownClassPURPLE+1","sneckomod:UnknownClassPURPLE","sneckomod:UnknownClassPURPLE+1","sneckomod:UnknownClassPURPLE","sneckomod:UnknownClassPURPLE+1","SpiritShield+1","sneckomod:QuickBite","Omniscience+1","sneckomod:MorePower","sneckomod:GlitteringGambit+1","sneckomod:Unknown3Cost+1","sneckomod:Unknown3Cost+1","sneckomod:QuickBite+1","sneckomod:SoulRoll+1","sneckomod:SnakeSap+1","sneckomod:UnlimitedRolls+1","sneckomod:Nope+1","sneckomod:TrashToTreasure+1","sneckomod:UnknownBoss+1","DeusExMachina+1","sneckomod:Restock+1","sneckomod:DiceBlock+1","sneckomod:Unknown3Cost+1","sneckomod:SnakeSap+1","Omniscience+1","sneckomod:UnknownRarePower+1","sneckomod:UnknownExhaust+1","sneckomod:MixItUp+1","sneckomod:UnknownCommonAttack+1","sneckomod:SoulCleanse+1","sneckomod:SerpentMind+1","sneckomod:SerpentMind+1","sneckomod:UnknownBoss+1","sneckomod:Cheat+1","sneckomod:Rotation+1","TalkToTheHand+1","sneckomod:SoulCleanse+1","sneckomod:DangerNoodle+1","sneckomod:Unknown3Cost+1","sneckomod:UnknownRareAttack+1","Panache","sneckomod:UnknownRareSkill+1"],"relics":["sneckomod:SneckoBoss","Toxic Egg 2","construct:RocketBooster","Singing Bowl","Unceasing Top","SlaversCollar","Calipers","StrikeDummy","Ancient Tea Set","Shuriken","Ice Cream","Busted Crown","MawBank","Blood Vial","sneckomod:CleanMud","PreservedInsect","Incense Burner","Art of War"],"acts_visited":["Exordium","TheCity","TheBeyond","TheEnding"],"potions_floor_usage":[14,14,23,23,31,33,35,38,38,40,45,55,55,55,55,55],"damage_taken":[{"damage":0,"enemies":"Cultist","floor":1,"turns":2},{"damage":4,"enemies":"Jaw Worm","floor":2,"turns":4},{"damage":20,"enemies":"Small Slimes","floor":4,"turns":3},{"damage":11,"enemies":"Looter","floor":5,"turns":3},{"damage":0,"enemies":"2 Fungi Beasts","floor":7,"turns":3},{"damage":9,"enemies":"Blue Slaver","floor":10,"turns":4},{"damage":20,"enemies":"Lagavulin","floor":11,"turns":6},{"damage":14,"enemies":"Gremlin Nob","floor":14,"turns":4},{"damage":14,"enemies":"The Guardian","floor":16,"turns":9},{"damage":32,"enemies":"Shell Parasite","floor":18,"turns":10},{"damage":19,"enemies":"3 Byrds","floor":19,"turns":4},{"damage":15,"enemies":"Centurion and Healer","floor":22,"turns":4},{"damage":12,"enemies":"Gremlin Leader","floor":23,"turns":7},{"damage":0,"enemies":"Slavers","floor":25,"turns":3},{"damage":0,"enemies":"Snecko","floor":29,"turns":3},{"damage":5,"enemies":"Gremlin Leader","floor":30,"turns":4},{"damage":3,"enemies":"Shelled Parasite and Fungi","floor":31,"turns":3},{"damage":0,"enemies":"Champ","floor":33,"turns":4},{"damage":16,"enemies":"3 Shapes","floor":35,"turns":4},{"damage":0,"enemies":"Orb Walker","floor":36,"turns":2},{"damage":4,"enemies":"Maw","floor":37,"turns":4},{"damage":66,"enemies":"Sphere and 2 Shapes","floor":38,"turns":3},{"damage":0,"enemies":"Reptomancer","floor":40,"turns":2},{"damage":28,"enemies":"Spire Growth","floor":42,"turns":3},{"damage":0,"enemies":"Giant Head","floor":45,"turns":2},{"damage":17,"enemies":"Time Eater","floor":50,"turns":4},{"damage":0,"enemies":"Shield and Spear","floor":54,"turns":2},{"damage":61,"enemies":"The Heart","floor":55,"turns":5}],"seed_played":"-7634009554690888604","potions_obtained":[{"floor":2,"key":"sneckomod:MuddlingPotion"},{"floor":4,"key":"DuplicationPotion"},{"floor":10,"key":"Swift Potion"},{"floor":14,"key":"PowerPotion"},{"floor":22,"key":"SkillPotion"},{"floor":23,"key":"SneckoOil"},{"floor":31,"key":"GamblersBrew"},{"floor":33,"key":"LiquidMemories"},{"floor":35,"key":"Explosive Potion"},{"floor":38,"key":"Energy Potion"},{"floor":40,"key":"Strength Potion"},{"floor":45,"key":"Fire Potion"}],"is_trial":false,"path_per_floor":["M","M","?","M","M","R","M","?","T","M","E","?","R","E","R","B",null,"M","M","$","?","M","E","R","E","T","R","?","M","E","M","R","B",null,"M","M","M","M","?","E","R","M","T","R","E","R","?","$","R","B",null,"R","$","E","B",null],"character_chosen":"THE_SNECKO","items_purchased":["Calipers","sneckomod:CleanMud","PreservedInsect","Incense Burner"],"campfire_rested":5,"item_purchase_floors":[20,48,48,53],"current_hp_per_floor":[81,77,77,57,46,73,73,73,73,64,44,37,64,52,52,42,83,55,42,42,42,33,27,62,66,66,66,66,70,69,72,72,79,127,129,133,133,71,71,77,77,61,61,61,69,125,125,125,181,166,182,182,182,188,158],"gold":145,"neow_bonus":"BOSS_RELIC","is_daily":false,"chose_seed":false,"campfire_upgraded":5,"win_rate":0.0,"timestamp":1612035909,"path_taken":["M","M","?","M","M","R","M","?","T","M","E","?","R","E","R","BOSS","M","M","$","?","M","E","R","E","T","R","?","M","E","?","R","BOSS","M","M","M","M","?","E","R","M","T","R","E","R","?","$","R","BOSS","R","$","E","BOSS"],"items_purchased_type":["Relic","Relic","Relic","Relic"],"build_version":"2020-12-22","purchased_purges":1,"victory":true,"max_hp_per_floor":[90,90,90,90,90,90,90,90,90,90,90,90,90,92,92,96,96,100,106,106,106,112,118,118,122,122,122,122,126,130,136,136,143,143,149,153,157,161,161,167,167,179,179,179,187,187,187,187,187,187,187,187,187,191,191],"card_choices":[{"not_picked":["sneckomod:PureSnecko","sneckomod:UnknownCommonSkill","sneckomod:UnknownCommonAttack"],"picked":"SKIP","floor":1},{"not_picked":["sneckomod:UnknownCommonSkill","sneckomod:UnknownStrength","sneckomod:ImprovisedAttack"],"picked":"SKIP","floor":2},{"not_picked":["Collect","Indignation"],"picked":"SpiritShield","floor":4},{"not_picked":["sneckomod:ImprovisedGuard","sneckomod:WideSting","sneckomod:UnknownUncommonAttack"],"picked":"SKIP","floor":4},{"not_picked":["sneckomod:DefensiveFlair","sneckomod:UnknownDexterity"],"picked":"sneckomod:QuickBite","floor":5},{"not_picked":["Wish","ReachHeaven"],"picked":"Omniscience","floor":7},{"not_picked":["sneckomod:UnknownCommonSkill","sneckomod:DiceBlock"],"picked":"sneckomod:MorePower","floor":7},{"not_picked":["sneckomod:QuickMove+1","sneckomod:Rotation+1"],"picked":"sneckomod:MorePower+1","floor":10},{"not_picked":["sneckomod:QuickMove+1","sneckomod:SoulRoll+1"],"picked":"sneckomod:GlitteringGambit+1","floor":10},{"not_picked":["sneckomod:UnknownStrike+1","sneckomod:ImprovisedAttack+1"],"picked":"sneckomod:Unknown3Cost+1","floor":11},{"not_picked":["sneckomod:UnknownCommonSkill+1","sneckomod:Cheat+1"],"picked":"sneckomod:Unknown3Cost+1","floor":11},{"not_picked":["sneckomod:UnknownUncommonSkill+1","sneckomod:IronFang"],"picked":"sneckomod:QuickBite","floor":11},{"not_picked":["CarveReality","Defend_P","SandsOfTime"],"picked":"Singing Bowl","floor":14},{"not_picked":["sneckomod:UnknownDraw+1","sneckomod:UnknownUncommonAttack+1"],"picked":"sneckomod:SoulRoll+1","floor":14},{"not_picked":["sneckomod:UnknownRareAttack+1","sneckomod:IronFang+1"],"picked":"sneckomod:SnakeSap+1","floor":14},{"not_picked":["sneckomod:TrashToTreasure+1","sneckomod:QuickBite+1"],"picked":"sneckomod:UnlimitedRolls+1","floor":14},{"not_picked":["sneckomod:RainOfDice","sneckomod:QuickMove+1"],"picked":"sneckomod:Nope+1","floor":14},{"not_picked":["ThirdEye","Ragnarok","FearNoEvil"],"picked":"Singing Bowl","floor":16},{"not_picked":["sneckomod:SnakeSap+1","sneckomod:UnknownWeak+1"],"picked":"sneckomod:TrashToTreasure+1","floor":16},{"not_picked":["sneckomod:DangerNoodle+1","sneckomod:Mudshield+1","sneckomod:SoulExchange+1"],"picked":"Singing Bowl","floor":16},{"not_picked":["sneckomod:MorePower","sneckomod:Mudshield"],"picked":"sneckomod:UnknownBoss+1","floor":16},{"not_picked":["FlyingSleeves","Adaptation"],"picked":"DeusExMachina","floor":18},{"not_picked":["sneckomod:PureSnecko+1","sneckomod:Transmogrify+1"],"picked":"sneckomod:Restock+1","floor":18},{"not_picked":["sneckomod:QuickMove+1","sneckomod:UnlimitedRolls+1","sneckomod:Cheat+1"],"picked":"Singing Bowl","floor":18},{"not_picked":["sneckomod:QuickMove+1","sneckomod:UnknownStrength+1","sneckomod:DiceBlock+1"],"picked":"Singing Bowl","floor":18},{"not_picked":["sneckomod:UnknownWeak+1","sneckomod:DiceBlock+1","sneckomod:UnknownRareAttack"],"picked":"SKIP","floor":18},{"not_picked":["sneckomod:UnknownWeak+1","sneckomod:UnknownRareAttack"],"picked":"sneckomod:DiceBlock+1","floor":18},{"not_picked":["Scrawl","MasterReality","BowlingBash"],"picked":"Singing Bowl","floor":19},{"not_picked":["sneckomod:UnknownClassPURPLE+1","sneckomod:UnknownDraw+1"],"picked":"sneckomod:Unknown3Cost+1","floor":19},{"not_picked":["sneckomod:SerpentIdol+1","sneckomod:GlitteringGambit+1","sneckomod:UnlimitedRolls+1"],"picked":"Singing Bowl","floor":19},{"not_picked":["sneckomod:UnknownUncommonPower","sneckomod:UnknownClassRED+1","sneckomod:UnknownBlock+1"],"picked":"Singing Bowl","floor":19},{"not_picked":["Alpha","SpiritShield","MentalFortress"],"picked":"Singing Bowl","floor":22},{"not_picked":["sneckomod:UnknownX+1","sneckomod:UnknownBlock+1","sneckomod:ImprovisedGuard+1"],"picked":"Singing Bowl","floor":22},{"not_picked":["sneckomod:UnknownCommonAttack+1","sneckomod:UnknownExhaust+1"],"picked":"sneckomod:SnakeSap+1","floor":22},{"not_picked":["sneckomod:QuickBite","sneckomod:UnknownExhaust+1","sneckomod:UnknownStrike"],"picked":"Singing Bowl","floor":22},{"not_picked":["TalkToTheHand","FlyingSleeves"],"picked":"Omniscience","floor":23},{"not_picked":["sneckomod:UnknownX+1","sneckomod:ImprovisedAttack+1","sneckomod:MasterEye+1"],"picked":"Singing Bowl","floor":23},{"not_picked":["sneckomod:Unknown0Cost+1","sneckomod:UnknownExhaust+1","sneckomod:UnknownUncommonSkill+1"],"picked":"Singing Bowl","floor":23},{"not_picked":["sneckomod:SoulRoll+1","sneckomod:UnknownClassRED+1","sneckomod:UnknownClassGREEN+1"],"picked":"Singing Bowl","floor":23},{"not_picked":["sneckomod:UnlimitedRolls+1","sneckomod:UnknownBlock+1","sneckomod:SoulExchange+1"],"picked":"Singing Bowl","floor":25},{"not_picked":["Protect","WreathOfFlame","Scrawl"],"picked":"Singing Bowl","floor":25},{"not_picked":["sneckomod:UnknownDraw+1","sneckomod:SoulExchange+1"],"picked":"sneckomod:UnknownRarePower+1","floor":25},{"not_picked":["sneckomod:DiceBoulder","sneckomod:UnknownCommonSkill+1","sneckomod:UnknownStrength+1"],"picked":"SKIP","floor":25},{"not_picked":["Blasphemy","SignatureMove","CutThroughFate"],"picked":"Singing Bowl","floor":29},{"not_picked":["sneckomod:SoulDraw+1","sneckomod:ImprovisedGuard+1"],"picked":"sneckomod:UnknownExhaust+1","floor":29},{"not_picked":["sneckomod:UnknownDexterity+1","sneckomod:UnknownClassPURPLE+1","sneckomod:QuickMove+1"],"picked":"Singing Bowl","floor":29},{"not_picked":["Judgement","Strike_P","Wish"],"picked":"Singing Bowl","floor":30},{"not_picked":["sneckomod:GlitteringGambit+1","sneckomod:Mudshield+1"],"picked":"sneckomod:MixItUp+1","floor":30},{"not_picked":["sneckomod:Unknown0Cost+1","sneckomod:DiceCrush+1","sneckomod:SnakeSap+1"],"picked":"Singing Bowl","floor":30},{"not_picked":["sneckomod:UnlimitedRolls","sneckomod:RainOfDice"],"picked":"sneckomod:UnknownCommonAttack+1","floor":30},{"not_picked":["sneckomod:UnknownRareSkill+1","sneckomod:Memorize+1"],"picked":"sneckomod:SoulCleanse+1","floor":30},{"not_picked":["FlyingSleeves","WaveOfTheHand","Alpha"],"picked":"Singing Bowl","floor":31},{"not_picked":["sneckomod:SoulExchange+1","sneckomod:TrashToTreasure+1","sneckomod:SlitherStrike+1"],"picked":"Singing Bowl","floor":31},{"not_picked":["sneckomod:UnknownUncommonSkill+1","sneckomod:UnendingSupply+1"],"picked":"sneckomod:SerpentMind+1","floor":31},{"not_picked":["sneckomod:UnknownUncommonAttack+1","sneckomod:SoulExchange+1"],"picked":"sneckomod:SerpentMind+1","floor":31},{"not_picked":["sneckomod:Transmogrify+1","sneckomod:UnknownCommonAttack","sneckomod:UnknownStrike"],"picked":"Singing Bowl","floor":31},{"not_picked":["sneckomod:UnknownRareAttack","sneckomod:Cheat+1"],"picked":"sneckomod:UnknownBoss+1","floor":33},{"not_picked":["Vengeance","JustLucky","Perseverance"],"picked":"Singing Bowl","floor":33},{"not_picked":["sneckomod:QuickBite+1","sneckomod:DiceBlock+1"],"picked":"sneckomod:Cheat+1","floor":33},{"not_picked":["sneckomod:UnknownX+1","sneckomod:SnekBeam+1"],"picked":"sneckomod:Rotation+1","floor":33},{"not_picked":["ThirdEye","Wallop"],"picked":"TalkToTheHand","floor":35},{"not_picked":["sneckomod:IronFang+1","sneckomod:UnknownX+1","sneckomod:DiceBoulder+1"],"picked":"Singing Bowl","floor":35},{"not_picked":["sneckomod:SlitherStrike+1","sneckomod:UnknownClassGREEN+1","sneckomod:ImprovisedAttack+1"],"picked":"Singing Bowl","floor":35},{"not_picked":["sneckomod:QuickMove+1","sneckomod:Transmogrify+1"],"picked":"sneckomod:SoulCleanse+1","floor":35},{"not_picked":["sneckomod:WideSting+1"],"picked":"Singing Bowl","floor":35},{"not_picked":["Eruption","Wireheading","TalkToTheHand"],"picked":"Singing Bowl","floor":36},{"not_picked":["sneckomod:DiceCrush+1","sneckomod:UnknownClassRED+1"],"picked":"sneckomod:DangerNoodle+1","floor":36},{"not_picked":["sneckomod:UnknownUncommonAttack"],"picked":"SKIP","floor":36},{"not_picked":["sneckomod:UnknownUncommonAttack"],"picked":"Singing Bowl","floor":36},{"not_picked":["DeceiveReality","Fasting2","FearNoEvil"],"picked":"Singing Bowl","floor":37},{"not_picked":["sneckomod:SnakeSap+1","sneckomod:MorePower+1"],"picked":"sneckomod:Unknown3Cost+1","floor":37},{"not_picked":["sneckomod:WideSting+1","sneckomod:Rotation+1"],"picked":"sneckomod:UnknownRareAttack+1","floor":37},{"not_picked":["sneckomod:UnknownClassGREEN+1"],"picked":"Singing Bowl","floor":37},{"not_picked":["MentalFortress","ReachHeaven","WindmillStrike"],"picked":"Singing Bowl","floor":38},{"not_picked":["sneckomod:DiceCrush"],"picked":"Singing Bowl","floor":38},{"not_picked":[],"picked":"Panache","floor":39},{"not_picked":["Swivel","Eruption","WindmillStrike"],"picked":"Singing Bowl","floor":40},{"not_picked":["sneckomod:UnknownX+1","sneckomod:QuickBite+1"],"picked":"sneckomod:UnknownRareSkill+1","floor":40},{"not_picked":["sneckomod:MixItUp+1","sneckomod:PureSnecko+1","sneckomod:GlitteringGambit+1"],"picked":"Singing Bowl","floor":40},{"not_picked":["sneckomod:SerpentIdol+1"],"picked":"Singing Bowl","floor":40},{"not_picked":["CarveReality","Eruption","EmptyBody"],"picked":"Singing Bowl","floor":42},{"not_picked":["sneckomod:QuickBite+1","sneckomod:UnknownDexterity+1","sneckomod:SoulExchange+1"],"picked":"Singing Bowl","floor":42},{"not_picked":["sneckomod:ImprovisedGuard+1","sneckomod:GlitteringGambit+1","sneckomod:SoulCleanse+1"],"picked":"Singing Bowl","floor":42},{"not_picked":["sneckomod:UnknownUncommonPower+1","sneckomod:MasterEye+1","sneckomod:UnknownVulnerable+1"],"picked":"Singing Bowl","floor":42},{"not_picked":["sneckomod:QuickMove+1","sneckomod:UnknownRareAttack+1","sneckomod:SoulRoll+1"],"picked":"Singing Bowl","floor":42},{"not_picked":["sneckomod:Memorize+1"],"picked":"Singing Bowl","floor":42},{"not_picked":["LessonLearned","Tantrum","BowlingBash"],"picked":"Singing Bowl","floor":45},{"not_picked":["sneckomod:QuickBite+1","sneckomod:PureSnecko+1","sneckomod:Memorize+1"],"picked":"Singing Bowl","floor":45},{"not_picked":["sneckomod:UnknownStrike+1","sneckomod:DiceBlock+1","sneckomod:SerpentMind+1"],"picked":"Singing Bowl","floor":45},{"not_picked":["sneckomod:UnknownCommonAttack"],"picked":"Singing Bowl","floor":45},{"not_picked":["ClearTheMind","WaveOfTheHand","Scrawl"],"picked":"Singing Bowl","floor":54},{"not_picked":["sneckomod:UnknownClassPURPLE+1"],"picked":"Singing Bowl","floor":54}],"player_experience":827277,"relics_obtained":[{"floor":9,"key":"Toxic Egg 2"},{"floor":11,"key":"construct:RocketBooster"},{"floor":14,"key":"Unceasing Top"},{"floor":23,"key":"StrikeDummy"},{"floor":25,"key":"Ancient Tea Set"},{"floor":26,"key":"Shuriken"},{"floor":30,"key":"Ice Cream"},{"floor":40,"key":"MawBank"},{"floor":45,"key":"Blood Vial"},{"floor":54,"key":"Art of War"}],"event_choices":[{"cards_removed":["sneckomod:Strike"],"damage_healed":0,"gold_gain":0,"player_choice":"Card Removal","damage_taken":0,"max_hp_gain":0,"max_hp_loss":0,"event_name":"The Cleric","floor":3,"gold_loss":50},{"damage_healed":0,"gold_gain":0,"player_choice":"Success","damage_taken":7,"relics_obtained":["Singing Bowl"],"max_hp_gain":0,"max_hp_loss":0,"event_name":"Scrap Ooze","floor":12,"gold_loss":0},{"damage_healed":0,"gold_gain":0,"player_choice":"Ignored","damage_taken":0,"max_hp_gain":0,"max_hp_loss":0,"event_name":"Vampires","floor":21,"gold_loss":0},{"damage_healed":0,"gold_gain":0,"player_choice":"Memory 1","damage_taken":0,"max_hp_gain":0,"max_hp_loss":0,"event_name":"SensoryStone","floor":39,"gold_loss":0},{"cards_removed":["sneckomod:MorePower"],"damage_healed":0,"gold_gain":0,"player_choice":"Removed Power","damage_taken":0,"max_hp_gain":0,"max_hp_loss":0,"event_name":"Falling","floor":47,"gold_loss":0}],"is_beta":false,"boss_relics":[{"not_picked":["Tiny House","sneckomod:SneckoTalon"],"picked":"SlaversCollar"},{"not_picked":["Calling Bell","SacredBark"],"picked":"Busted Crown"}],"items_purged_floors":[20],"is_endless":false,"potions_floor_spawned":[2,4,10,11,14,22,23,31,33,35,38,40,45],"ascension_level":7}}