{"host":"c44ey07ufggfw2m8","time":1612010414,"event":{"mods":["2.2 Compatiblity","BaseMod","Colored Map","DeckTracker","Highlight Path","Keyboard Shortcuts","Minty Spire (QoL Compilation)","Permanent Neow","Quick Restart","StSLib","SuperFastMode","UnlockEverythingMod"],"gold_per_floor":[114,289,300,1,76,76,26,38,61,61,161,161,186,200,200,296,296,314,328,328,346,130,130,146,146,170,205,219,291,291,291],"floor_reached":30,"language":"KOR","playtime":891,"items_purged":["Doubt","Strike_G"],"score":372,"play_id":"9e8910a0-a80a-43f3-8cdc-46a779e29c39","local_time":"20210130214014","is_ascension_mode":true,"campfire_choices":[{"data":"Cloak And Dagger","floor":6,"key":"SMITH"},{"data":"Cloak And Dagger","floor":12,"key":"SMITH"},{"data":"Panache","floor":15,"key":"SMITH"},{"data":"Prepared","floor":23,"key":"SMITH"},{"floor":25,"key":"REST"}],"circlet_count":0,"master_deck":["AscendersBane","Strike_G","Strike_G+1","Defend_G","Defend_G","Defend_G","Defend_G","Survivor","Neutralize+1","Doppelganger+1","Wraith Form v2","Underhanded Strike","Cloak And Dagger+1","Cloak And Dagger+1","Panache+1","Poisoned Stab","Dash","Dagger Spray","Die Die Die","Backstab","Calculated Gamble+1","Prepared+1","Terror","Burst","PiercingWail"],"relics":["Ring of the Snake","Whetstone","Mummified Hand","WristBlade","Membership Card","Akabeko","The Courier","Bottled Lightning"],"acts_visited":["Exordium","TheCity"],"potions_floor_usage":[14,21,27,30],"damage_taken":[{"damage":1,"enemies":"Jaw Worm","floor":1,"turns":8},{"damage":0,"enemies":"Small Slimes","floor":3,"turns":4},{"damage":0,"enemies":"Cultist","floor":8,"turns":3},{"damage":4,"enemies":"3 Sentries","floor":13,"turns":5},{"damage":0,"enemies":"Exordium Wildlife","floor":14,"turns":3},{"damage":13,"enemies":"Hexaghost","floor":16,"turns":11},{"damage":0,"enemies":"3 Byrds","floor":18,"turns":3},{"damage":13,"enemies":"Spheric Guardian","floor":19,"turns":4},{"damage":19,"enemies":"Shelled Parasite and Fungi","floor":21,"turns":4},{"damage":9,"enemies":"Snake Plant","floor":24,"turns":4},{"damage":7,"enemies":"Slavers","floor":27,"turns":2},{"damage":0,"enemies":"3 Cultists","floor":28,"turns":3},{"damage":29,"enemies":"Gremlin Leader","floor":30,"turns":2}],"seed_played":"3477615203151125538","potions_obtained":[{"floor":3,"key":"LiquidMemories"},{"floor":13,"key":"Fire Potion"},{"floor":19,"key":"Dexterity Potion"},{"floor":27,"key":"GamblersBrew"}],"is_trial":false,"path_per_floor":["M","?","M","$","?","R","?","M","T","$","?","R","E","M","R","B",null,"M","M","?","M","$","R","M","R","T","E","M","T","E"],"character_chosen":"THE_SILENT","items_purchased":["Cloak And Dagger","Panache","Membership Card","Prepared"],"campfire_rested":1,"item_purchase_floors":[4,4,22,22],"current_hp_per_floor":[62,62,62,62,51,51,51,51,51,51,51,51,47,47,47,34,56,56,43,43,24,24,24,15,33,33,26,26,26,0,0],"gold":291,"neow_bonus":"TRANSFORM_TWO_CARDS","is_daily":false,"chose_seed":false,"campfire_upgraded":4,"win_rate":0.0,"timestamp":1612010414,"path_taken":["M","?","M","$","?","R","?","M","T","?","?","R","E","M","R","BOSS","M","?","?","?","$","R","M","R","T","E","M","?","E"],"items_purchased_type":["Card","Card","Relic","Card"],"build_version":"2020-12-22","purchased_purges":2,"victory":false,"max_hp_per_floor":[63,63,63,63,63,63,63,63,63,63,63,63,63,63,63,63,63,63,63,63,63,63,63,63,63,63,63,63,63,63,63],"card_choices":[{"not_picked":["PiercingWail","Dash"],"picked":"Underhanded Strike","floor":1},{"not_picked":["Distraction","Caltrops"],"picked":"Cloak And Dagger","floor":3},{"not_picked":["Catalyst","Dagger Spray"],"picked":"Poisoned Stab","floor":8},{"not_picked":["Flying Knee","Dagger Spray"],"picked":"Dash","floor":13},{"not_picked":["Grand Finale","Acrobatics"],"picked":"Dagger Spray","floor":14},{"not_picked":["Wraith Form v2","Malaise"],"picked":"Die Die Die","floor":16},{"not_picked":["Poisoned Stab+1","Deadly Poison","Bane"],"picked":"SKIP","floor":18},{"not_picked":["Dodge and Roll","Bouncing Flask+1"],"picked":"Backstab","floor":19},{"not_picked":["PiercingWail","Acrobatics"],"picked":"Calculated Gamble+1","floor":21},{"not_picked":["Reflex","Poisoned Stab"],"picked":"Terror","floor":24},{"not_picked":["Caltrops","Leg Sweep"],"picked":"Burst","floor":27},{"not_picked":["Caltrops","Dodge and Roll+1"],"picked":"PiercingWail","floor":28}],"player_experience":93404,"relics_obtained":[{"floor":9,"key":"Whetstone"},{"floor":13,"key":"Mummified Hand"},{"floor":26,"key":"Akabeko"},{"floor":27,"key":"The Courier"},{"floor":29,"key":"Bottled Lightning"}],"event_choices":[{"damage_healed":0,"gold_gain":175,"player_choice":"AGREE","damage_taken":0,"max_hp_gain":0,"max_hp_loss":0,"event_name":"Liars Game","floor":2,"gold_loss":0,"cards_obtained":["Doubt"]},{"damage_healed":0,"gold_gain":75,"player_choice":"Gather Gold","damage_taken":11,"max_hp_gain":0,"max_hp_loss":0,"event_name":"World of Goop","floor":5,"gold_loss":0},{"cards_removed":["Strike_G"],"damage_healed":0,"gold_gain":0,"player_choice":"Card Removal","damage_taken":0,"max_hp_gain":0,"max_hp_loss":0,"event_name":"The Cleric","floor":7,"gold_loss":50},{"damage_healed":0,"gold_gain":100,"player_choice":"Pray","damage_taken":0,"max_hp_gain":0,"max_hp_loss":0,"event_name":"Golden Shrine","floor":11,"gold_loss":0},{"damage_healed":0,"gold_gain":0,"player_choice":"Upgraded","damage_taken":0,"max_hp_gain":0,"max_hp_loss":0,"event_name":"Upgrade Shrine","floor":20,"gold_loss":0,"cards_upgraded":["Doppelganger"]}],"is_beta":false,"boss_relics":[{"not_picked":["Calling Bell","Ring of the Serpent"],"picked":"WristBlade"}],"items_purged_floors":[4,22],"is_endless":false,"potions_floor_spawned":[3,13,19,27],"killed_by":"Gremlin Leader","ascension_level":10}}