{"host":"2e5gbsni44p3458r","time":1612005498,"event":{"mods":["BaseMod","Colored Map","Downfall","Hermit","Minty Spire (QoL Compilation)","Replay The Spire","StSLib","The Cursed"],"gold_per_floor":[99,99,99,99,99,129,129,129,145,145,145,55,55,67,87,87,87,87],"floor_reached":16,"language":"ENG","playtime":574,"items_purged":["Slimebound:Strike_Slimebound"],"score":99,"play_id":"a90f2450-7878-4e33-b8fc-a4dd9c0ab2ec","local_time":"20210130201818","is_ascension_mode":true,"campfire_choices":[{"data":"Slimebound:Split","floor":1,"key":"SMITH"},{"data":"Slimebound:LevelUp","floor":8,"key":"SMITH"},{"floor":13,"key":"RECALL"}],"circlet_count":0,"master_deck":["Slimebound:Strike_Slimebound","Slimebound:Strike_Slimebound","Slimebound:Tackle","Slimebound:Defend_Slimebound","Slimebound:Defend_Slimebound","Slimebound:Defend_Slimebound","Slimebound:Defend_Slimebound","Slimebound:Split+1","Slimebound:CorrosiveSpit","Slimebound:LevelUp+1","Slimebound:Repurpose"],"relics":["downfall:HeartsMalice","Happy Flower","Mummified Hand","m_BurningSludge"],"acts_visited":["Exordium"],"potions_floor_usage":[9,15,16,16,16,16],"damage_taken":[{"damage":0,"enemies":"2 Louse","floor":2,"turns":1},{"damage":0,"enemies":"Cultist","floor":4,"turns":1},{"damage":0,"enemies":"Small Slimes","floor":5,"turns":1},{"damage":11,"enemies":"Exordium Wildlife","floor":9,"turns":5},{"damage":8,"enemies":"downfall:FleeingMerchant","floor":12,"turns":4},{"damage":10,"enemies":"Large Slime","floor":14,"turns":5},{"damage":0,"enemies":"Lots of Slimes","floor":15,"turns":3},{"damage":29,"enemies":"DF_ARCHETYPE_STREAMLINE","floor":16,"turns":8}],"seed_played":"826682745319660930","potions_obtained":[{"floor":3,"key":"SteroidPotion"},{"floor":3,"key":"EntropicBrew"},{"floor":3,"key":"Reflective Coating"},{"floor":9,"key":"Explosive Potion"},{"floor":15,"key":"ColorlessPotion"}],"is_trial":false,"path_per_floor":["R","M","?","M","M","?","T","R","M","T","?","$","R","M","M","B"],"character_chosen":"SLIMEBOUND","items_purchased":[],"campfire_rested":0,"item_purchase_floors":[],"current_hp_per_floor":[65,65,65,65,65,65,65,65,60,60,60,56,56,50,54,25,25,25],"gold":87,"neow_bonus":"THREE_ENEMY_KILL","is_daily":false,"chose_seed":false,"campfire_upgraded":2,"win_rate":0.0,"timestamp":1612005498,"path_taken":["R","M","?","?","M","?","T","R","M","?","?","$","R","M","M","BOSS"],"items_purchased_type":[],"build_version":"2020-12-22","purchased_purges":1,"victory":false,"max_hp_per_floor":[65,65,65,65,65,65,65,65,65,65,65,65,65,65,65,65,65,65],"card_choices":[{"not_picked":["Slimebound:SlimeTap","Slimebound:LivingWall","Slimebound:ItLooksTasty"],"picked":"SKIP","floor":2},{"not_picked":["Slimebound:ComboTackle","Slimebound:LivingWall"],"picked":"Slimebound:LevelUp","floor":4},{"not_picked":["Slimebound:LivingWall","Slimebound:RainOfGoop","Slimebound:Nibble"],"picked":"SKIP","floor":5},{"not_picked":["Slimebound:RejuvenatingLick","Slimebound:Nibble","Slimebound:SplitLeeching"],"picked":"SKIP","floor":9},{"not_picked":["Slimebound:LeechLife","Slimebound:Prepare","Rupture"],"picked":"SKIP","floor":12},{"not_picked":["Life Link","Slimebound:SlimeTap","Slimebound:RainOfGoop"],"picked":"SKIP","floor":14},{"not_picked":["Twin Strike","Slimebound:ViciousTackle"],"picked":"Slimebound:Repurpose","floor":15}],"player_experience":784618,"relics_obtained":[{"floor":10,"key":"Mummified Hand"}],"event_choices":[{"damage_healed":0,"gold_gain":0,"player_choice":"Got Potions","damage_taken":0,"max_hp_gain":0,"max_hp_loss":0,"event_name":"Lab","floor":3,"gold_loss":0}],"is_beta":false,"boss_relics":[],"items_purged_floors":[12],"is_endless":false,"potions_floor_spawned":[9,15],"killed_by":"DF_ARCHETYPE_STREAMLINE","ascension_level":3}}