{"host":"ocll6kdfqxraqtza","time":1612018139,"event":{"mods":["2.2 Compatiblity","Act Like it!","Aspiration","BaseMod","Better Third Choice","Gensokyo","Hallownest","Hermit","Hubris","Jorbs\u0027s Wanderer Trilogy","Luminous","Marisa（霧雨　魔理沙）","Minty Spire (QoL Compilation)","Reimu（博??梦）","Replay The Spire","Shade Mod","StSLib","The Alterego","The Bug Knight","The Cursed","The Hierophant","The Marked","The Runesmith","TheBandit","Wandering Minibosses"],"gold_per_floor":[118,118,118,118,20,47,47,47,47,47,63,63,93,55,55,55,55],"floor_reached":16,"language":"ENG","playtime":342,"items_purged":["Defend_B"],"score":117,"play_id":"616a6cc4-6e48-4d3b-ab30-fff8e9dee0f8","local_time":"20210130224859","is_ascension_mode":true,"campfire_choices":[{"data":"hubris:DoWhile","floor":7,"key":"SMITH"},{"data":"Streamline","floor":12,"key":"SMITH"},{"data":"Defragment","floor":15,"key":"SMITH"}],"circlet_count":0,"master_deck":["Strike_B","Strike_B","Strike_B","Defend_B","Defend_B","Zap+1","Dualcast+1","Melter","Streamline+1","hubris:DoWhile+1","Rebound","Echo Form","Defragment+1"],"relics":["Cracked Core","Runesmith:Locket","Hallownest:DreamNailRelic","Snack Pack"],"acts_visited":["Hallownest:Greenpath"],"potions_floor_usage":[16,16],"damage_taken":[{"damage":0,"enemies":"Hallownest:2_Baldur","floor":1,"turns":3},{"damage":16,"enemies":"Hallownest:eliteMossKnight","floor":6,"turns":7},{"damage":9,"enemies":"Hallownest:monsterMarmu","floor":8,"turns":3},{"damage":2,"enemies":"Hallownest:monsterHuskWarrior","floor":11,"turns":2},{"damage":17,"enemies":"Hallownest:eliteVengeflyKing","floor":13,"turns":4},{"damage":29,"enemies":"Hallownest:BossFalseKnight","floor":16,"turns":3}],"seed_played":"5688019424209095788","potions_obtained":[{"floor":6,"key":"Swift Potion"},{"floor":13,"key":"BlessingOfTheForge"}],"is_trial":false,"path_per_floor":["M","?","?","?","$","E","R","?","T","?","M","R","E","$","R","B"],"character_chosen":"DEFECT","items_purchased":["Streamline","Defragment"],"campfire_rested":0,"item_purchase_floors":[5,14],"current_hp_per_floor":[75,75,75,66,66,50,50,41,41,41,39,39,22,22,22,0,0],"gold":55,"neow_bonus":"UPGRADE_CARD","is_daily":false,"chose_seed":false,"campfire_upgraded":3,"win_rate":0.0,"timestamp":1612018139,"path_taken":["M","?","?","?","$","E","R","?","T","?","?","R","E","$","R","BOSS"],"items_purchased_type":["Card","Card"],"build_version":"2020-12-22","purchased_purges":1,"victory":false,"max_hp_per_floor":[75,75,75,75,75,75,75,75,75,75,75,75,75,75,75,75,75],"card_choices":[{"not_picked":["Compile Driver","Redo"],"picked":"Melter","floor":1},{"not_picked":["Scrape","Reprogram"],"picked":"hubris:DoWhile","floor":6},{"not_picked":["Redo","Panic Button"],"picked":"Rebound","floor":11},{"not_picked":["Reprogram","ReplayTheSpireMod:GoodbyeWorld"],"picked":"Echo Form","floor":13}],"player_experience":473546,"relics_obtained":[{"floor":6,"key":"Runesmith:Locket"},{"floor":13,"key":"Snack Pack"}],"event_choices":[],"is_beta":false,"boss_relics":[],"items_purged_floors":[5],"is_endless":false,"potions_floor_spawned":[6,13],"killed_by":"Hallownest:BossFalseKnight","ascension_level":3}}