{"host":"q9718omregw4er46","time":1612021656,"event":{"mods":["BaseMod","Bestiary","Colored Powertips","Custom Start","Minty Spire (QoL Compilation)","Practice Mode","Quick Restart","Relic Stats"],"gold_per_floor":[11,11,31,51,68,68,93,93,116,146,170,195,221,259,271,360,372,395,427,17,33,33,33,33,63,63,63,63],"floor_reached":27,"language":"ENG","playtime":942,"items_purged":["Strike_P"],"score":735,"play_id":"e490df5d-ba2e-45a7-8e38-41243f706a9b","local_time":"20210130204736","is_ascension_mode":true,"campfire_choices":[{"data":"Blasphemy","floor":6,"key":"SMITH"},{"data":"BattleHymn","floor":8,"key":"SMITH"},{"data":"Devotion","floor":15,"key":"SMITH"},{"floor":23,"key":"REST"}],"circlet_count":0,"master_deck":["AscendersBane","Defend_P","Defend_P","Defend_P","Defend_P","Eruption","Vigilance","Blasphemy+1","SandsOfTime","BattleHymn+1","FlurryOfBlows","CutThroughFate","Devotion+1","Devotion","Apotheosis","CutThroughFate","Bite","Bite","Bite","Bite","Bite"],"relics":["PureWater","Vajra","MawBank","Blue Candle","Black Star","Toy Ornithopter","Letter Opener","Omamori","Molten Egg 2"],"acts_visited":["Exordium","TheCity"],"potions_floor_usage":[11,25,25],"damage_taken":[{"damage":0,"enemies":"Jaw Worm","floor":1,"turns":3},{"damage":0,"enemies":"2 Louse","floor":3,"turns":1},{"damage":0,"enemies":"Small Slimes","floor":4,"turns":1},{"damage":20,"enemies":"Exordium Thugs","floor":5,"turns":4},{"damage":0,"enemies":"Lagavulin","floor":7,"turns":4},{"damage":0,"enemies":"Gremlin Nob","floor":10,"turns":2},{"damage":8,"enemies":"Large Slime","floor":11,"turns":3},{"damage":4,"enemies":"Red Slaver","floor":12,"turns":2},{"damage":0,"enemies":"2 Fungi Beasts","floor":13,"turns":2},{"damage":20,"enemies":"3 Sentries","floor":14,"turns":3},{"damage":0,"enemies":"Slime Boss","floor":16,"turns":3},{"damage":0,"enemies":"Chosen","floor":18,"turns":3},{"damage":22,"enemies":"2 Thieves","floor":19,"turns":2},{"damage":35,"enemies":"Shelled Parasite and Fungi","floor":21,"turns":3},{"damage":29,"enemies":"Slavers","floor":25,"turns":2},{"damage":25,"enemies":"Gremlin Leader","floor":27,"turns":2}],"seed_played":"-7295465137152141529","potions_obtained":[{"floor":3,"key":"Weak Potion"},{"floor":4,"key":"BottledMiracle"},{"floor":11,"key":"LiquidBronze"},{"floor":12,"key":"FearPotion"}],"is_trial":false,"path_per_floor":["M","$","M","M","M","R","E","R","T","E","M","M","M","E","R","B",null,"M","M","$","M","$","R","?","E","T","E"],"character_chosen":"WATCHER","items_purchased":["Apotheosis","Toy Ornithopter"],"campfire_rested":1,"item_purchase_floors":[20,20],"current_hp_per_floor":[61,61,61,61,41,41,41,41,41,43,37,35,37,19,19,21,56,58,38,38,5,5,25,25,14,14,0,0],"gold":63,"neow_bonus":"THREE_RARE_CARDS","is_daily":false,"chose_seed":false,"campfire_upgraded":3,"win_rate":0.0,"timestamp":1612021656,"path_taken":["M","$","M","M","M","R","E","R","T","E","M","M","M","E","R","BOSS","M","M","$","M","$","R","?","E","T","E"],"items_purchased_type":["Card","Relic"],"build_version":"2020-12-22","purchased_purges":1,"victory":false,"max_hp_per_floor":[68,68,68,68,68,68,68,68,68,68,68,68,68,68,68,68,68,68,68,68,68,68,68,68,68,68,68,68],"relic_stats":{"counters":[16,40],"Blue Candle":[0],"Black Star":1,"Letter Opener":[5],"MawBank":120,"obtain_stats":[{"Blood Vial":7,"Blue Candle":14,"Vajra":9,"Molten Egg 2":26,"Black Star":17,"Omamori":25,"Letter Opener":25,"PureWater":0,"MawBank":10,"Toy Ornithopter":20},{"Blood Vial":5,"Blue Candle":10,"Vajra":5,"Molten Egg 2":15,"Black Star":11,"Omamori":15,"Letter Opener":15,"PureWater":0,"MawBank":6,"Toy Ornithopter":13},{"Blood Vial":13,"Blue Candle":25,"Vajra":13,"Molten Egg 2":38,"Black Star":28,"Omamori":38,"Letter Opener":38,"PureWater":0,"MawBank":15,"Toy Ornithopter":33}],"Toy Ornithopter":10},"card_choices":[{"not_picked":["Brilliance","Devotion"],"picked":"Blasphemy","floor":0},{"not_picked":["Crescendo","Perseverance"],"picked":"SandsOfTime","floor":1},{"not_picked":["Nirvana","Protect"],"picked":"BattleHymn","floor":3},{"not_picked":["FollowUp","ThirdEye"],"picked":"FlurryOfBlows","floor":4},{"not_picked":["Wireheading","Prostrate"],"picked":"CutThroughFate","floor":5},{"not_picked":["BowlingBash","Protect","FearNoEvil"],"picked":"SKIP","floor":7},{"not_picked":["EmptyMind","Halt"],"picked":"Devotion","floor":10},{"not_picked":["Collect","WindmillStrike","EmptyFist"],"picked":"SKIP","floor":11},{"not_picked":["CutThroughFate","JustLucky","WreathOfFlame"],"picked":"SKIP","floor":12},{"not_picked":["Crescendo","BowlingBash","Prostrate"],"picked":"SKIP","floor":13},{"not_picked":["Evaluate","ThirdEye","Sanctity"],"picked":"SKIP","floor":14},{"not_picked":["Establishment","Ragnarok"],"picked":"Devotion","floor":16},{"not_picked":["Study","PathToVictory","FlurryOfBlows"],"picked":"SKIP","floor":18},{"not_picked":["Prostrate","PathToVictory","Weave"],"picked":"SKIP","floor":19},{"not_picked":["FlurryOfBlows","Worship"],"picked":"CutThroughFate","floor":21},{"not_picked":["Crescendo","MentalFortress+1","Collect"],"picked":"SKIP","floor":25}],"player_experience":763923,"relics_obtained":[{"floor":7,"key":"Blood Vial"},{"floor":9,"key":"Vajra"},{"floor":10,"key":"MawBank"},{"floor":14,"key":"Blue Candle"},{"floor":25,"key":"Letter Opener"},{"floor":25,"key":"Omamori"},{"floor":26,"key":"Molten Egg 2"}],"event_choices":[{"damage_healed":0,"gold_gain":0,"player_choice":"Became a vampire (Vial)","damage_taken":0,"max_hp_gain":0,"max_hp_loss":0,"event_name":"Vampires","floor":24,"relics_lost":["Blood Vial"],"gold_loss":0,"cards_obtained":["Bite","Bite","Bite","Bite","Bite"]}],"is_beta":false,"boss_relics":[{"not_picked":["Empty Cage","Busted Crown"],"picked":"Black Star"}],"items_purged_floors":[20],"is_endless":false,"potions_floor_spawned":[3,4,11,12,13,19],"killed_by":"Gremlin Leader","ascension_level":20}}