{"host":"91tsl82bt69efn37","time":1612040001,"event":{"mods":["2.2 Compatiblity","BaseMod","Colored Map","DeckTracker","Highlight Path","Keyboard Shortcuts","Minty Spire (QoL Compilation)","Permanent Neow","Quick Restart","SuperFastMode","everything is the same but u backflip on backflip"],"gold_per_floor":[117,131,56,70,70,70,97,97,121,133,153,153,180,192,192,297,297,310,328,81,81,99,127,127,2,2,16,16,30,44,62,62,167,167,179,179,29,48,48,80,80,80,129,146,161,171,24,24,24],"floor_reached":48,"language":"KOR","playtime":1832,"items_purged":["Strike_R","Strike_R","Defend_R","Bash"],"score":547,"play_id":"50259708-03ba-4693-9dee-3a0356da50f7","local_time":"20210131055321","is_ascension_mode":true,"campfire_choices":[{"data":"Shrug It Off","floor":6.0,"key":"SMITH"},{"data":"Twin Strike","floor":8.0,"key":"SMITH"},{"data":"Heavy Blade","floor":15.0,"key":"SMITH"},{"data":"Limit Break","floor":24.0,"key":"SMITH"},{"floor":32.0,"key":"REST"},{"data":"Demon Form","floor":41.0,"key":"SMITH"}],"circlet_count":0,"master_deck":["Strike_R","Defend_R","Defend_R","Defend_R","Twin Strike+1","Shrug It Off+1","Warcry+1","Heavy Blade+1","Limit Break+1","Thunderclap+1","Flex","Warcry","Demon Form","Heavy Blade+1","Demon Form+1"],"relics":["Burning Blood","Orichalcum","Vajra","Anchor","HornCleat","Lantern","Empty Cage","ClockworkSouvenir","Magic Flower","Pantograph","Toy Ornithopter","SacredBark","Letter Opener","Regal Pillow","Red Skull"],"acts_visited":["Exordium","TheCity","TheBeyond"],"potions_floor_usage":[],"damage_taken":[{"damage":5.0,"enemies":"Jaw Worm","floor":1.0,"turns":2.0},{"damage":0.0,"enemies":"Cultist","floor":2.0,"turns":3.0},{"damage":0.0,"enemies":"Small Slimes","floor":4.0,"turns":2.0},{"damage":16.0,"enemies":"Gremlin Nob","floor":7.0,"turns":4.0},{"damage":3.0,"enemies":"Red Slaver","floor":10.0,"turns":2.0},{"damage":7.0,"enemies":"Lots of Slimes","floor":11.0,"turns":4.0},{"damage":15.0,"enemies":"3 Sentries","floor":13.0,"turns":9.0},{"damage":0.0,"enemies":"Exordium Wildlife","floor":14.0,"turns":4.0},{"damage":52.0,"enemies":"Slime Boss","floor":16.0,"turns":17.0},{"damage":16.0,"enemies":"3 Byrds","floor":18.0,"turns":6.0},{"damage":15.0,"enemies":"2 Thieves","floor":19.0,"turns":4.0},{"damage":16.0,"enemies":"Snake Plant","floor":22.0,"turns":5.0},{"damage":15.0,"enemies":"Gremlin Leader","floor":23.0,"turns":6.0},{"damage":26.0,"enemies":"Cultist and Chosen","floor":27.0,"turns":5.0},{"damage":4.0,"enemies":"Shelled Parasite and Fungi","floor":29.0,"turns":4.0},{"damage":14.0,"enemies":"Sentry and Sphere","floor":30.0,"turns":4.0},{"damage":16.0,"enemies":"Snecko","floor":31.0,"turns":4.0},{"damage":58.0,"enemies":"Collector","floor":33.0,"turns":8.0},{"damage":1.0,"enemies":"3 Shapes","floor":35.0,"turns":6.0},{"damage":0.0,"enemies":"Orb Walker","floor":38.0,"turns":3.0},{"damage":16.0,"enemies":"Giant Head","floor":40.0,"turns":6.0},{"damage":25.0,"enemies":"4 Shapes","floor":44.0,"turns":6.0},{"damage":21.0,"enemies":"3 Darklings","floor":45.0,"turns":4.0},{"damage":10.0,"enemies":"Spire Growth","floor":46.0,"turns":5.0},{"damage":46,"enemies":"Reptomancer","floor":48,"turns":2}],"seed_played":"-1049797441434962304","potions_obtained":[{"floor":2.0,"key":"Strength Potion"},{"floor":7.0,"key":"BlessingOfTheForge"},{"floor":11.0,"key":"Fire Potion"},{"floor":18.0,"key":"EssenceOfSteel"},{"floor":19.0,"key":"CultistPotion"},{"floor":29.0,"key":"SpeedPotion"},{"floor":40.0,"key":"BlessingOfTheForge"}],"is_trial":false,"path_per_floor":["M","M","$","M","?","R","E","R","T","M","M","?","E","M","R","B",null,"M","M","$","?","M","E","R","$","T","M","?","M","M","M","R","B",null,"M","?","$","M","?","E","R","?","T","M","M","M","$","E"],"character_chosen":"IRONCLAD","items_purchased":["ClockworkSouvenir","Red Skull"],"campfire_rested":1,"item_purchase_floors":[20,47],"current_hp_per_floor":[80,80,80,80,80,80,70,70,70,73,72,72,63,69,69,23,80,70,61,61,61,54,48,48,48,48,31,31,36,31,24,48,31,80,80,80,80,80,76,69,69,69,69,53,41,40,40,0,0],"gold":24,"neow_bonus":"RANDOM_COMMON_RELIC","is_daily":false,"chose_seed":false,"campfire_upgraded":5,"win_rate":0.0,"timestamp":1612040001,"path_taken":["M","M","$","M","?","R","E","R","T","?","?","?","E","M","R","BOSS","M","M","$","?","M","E","R","$","T","?","?","M","M","M","R","BOSS","M","?","?","M","?","E","R","?","T","?","M","M","$","E"],"items_purchased_type":["Relic","Relic"],"build_version":"2020-12-22","purchased_purges":4,"victory":false,"max_hp_per_floor":[80,80,80,80,80,80,80,80,80,80,80,80,80,80,80,80,80,80,80,80,80,80,80,80,80,80,80,80,80,80,80,80,80,80,80,80,80,80,76,76,76,76,76,76,76,76,76,76,76],"card_choices":[{"not_picked":["Perfected Strike","Disarm"],"picked":"Twin Strike","floor":1.0},{"not_picked":["Headbutt","True Grit"],"picked":"Shrug It Off","floor":2.0},{"not_picked":["Iron Wave","Cleave"],"picked":"Warcry","floor":4.0},{"not_picked":["Intimidate","Dropkick","Bludgeon"],"picked":"SKIP","floor":7.0},{"not_picked":["Headbutt","Sword Boomerang","Twin Strike"],"picked":"SKIP","floor":10.0},{"not_picked":["Anger","Havoc","Sword Boomerang"],"picked":"SKIP","floor":11.0},{"not_picked":["Double Tap","Shrug It Off"],"picked":"Heavy Blade","floor":13.0},{"not_picked":["Sword Boomerang","Shockwave","Havoc"],"picked":"SKIP","floor":14.0},{"not_picked":["Barricade","Immolate"],"picked":"Limit Break","floor":16.0},{"not_picked":["Entrench","Warcry"],"picked":"Thunderclap+1","floor":18.0},{"not_picked":["Twin Strike+1","Sword Boomerang","Searing Blow"],"picked":"SKIP","floor":19.0},{"not_picked":["Battle Trance","Warcry"],"picked":"Flex","floor":22.0},{"not_picked":["Clothesline","Blood for Blood"],"picked":"Warcry","floor":23.0},{"not_picked":["True Grit","Dropkick","Bloodletting+1"],"picked":"SKIP","floor":27.0},{"not_picked":["Iron Wave","Immolate","Body Slam"],"picked":"SKIP","floor":29.0},{"not_picked":["Warcry","Anger","True Grit"],"picked":"SKIP","floor":30.0},{"not_picked":["Shockwave","Anger","Clash"],"picked":"SKIP","floor":31.0},{"not_picked":["Feed","Limit Break"],"picked":"Demon Form","floor":33.0},{"not_picked":["Clash+1","Disarm+1"],"picked":"Heavy Blade+1","floor":35.0},{"not_picked":["Whirlwind","Clothesline","Wild Strike"],"picked":"SKIP","floor":38.0},{"not_picked":["True Grit","Dark Embrace+1","Thunderclap+1"],"picked":"SKIP","floor":40.0},{"not_picked":["Dual Wield","Iron Wave","Cleave"],"picked":"SKIP","floor":44.0},{"not_picked":["Sword Boomerang","Wild Strike+1","Intimidate+1"],"picked":"SKIP","floor":45.0},{"not_picked":["Twin Strike","Burning Pact","True Grit+1"],"picked":"SKIP","floor":46.0}],"player_experience":74885,"relics_obtained":[{"floor":7.0,"key":"Vajra"},{"floor":9.0,"key":"Anchor"},{"floor":12.0,"key":"HornCleat"},{"floor":13.0,"key":"Lantern"},{"floor":23.0,"key":"Pantograph"},{"floor":26.0,"key":"Toy Ornithopter"},{"floor":40.0,"key":"Letter Opener"},{"floor":43.0,"key":"Regal Pillow"}],"event_choices":[{"damage_healed":0.0,"max_hp_gain":0.0,"max_hp_loss":0.0,"gold_gain":0.0,"event_name":"Upgrade Shrine","player_choice":"Upgraded","floor":5.0,"gold_loss":0.0,"damage_taken":0.0,"cards_upgraded":["Warcry"]},{"damage_healed":0.0,"max_hp_gain":0.0,"max_hp_loss":0.0,"gold_gain":0.0,"event_name":"Wheel of Change","player_choice":"Relic","floor":12.0,"gold_loss":0.0,"damage_taken":0.0},{"damage_healed":0.0,"max_hp_gain":0.0,"max_hp_loss":0.0,"gold_gain":0.0,"event_name":"WeMeetAgain","player_choice":"Gave Potion","floor":21.0,"gold_loss":0.0,"damage_taken":0.0,"relics_obtained":["Magic Flower"]},{"damage_healed":0.0,"max_hp_gain":0.0,"max_hp_loss":0.0,"gold_gain":0.0,"event_name":"Vampires","player_choice":"Ignored","floor":28.0,"gold_loss":0.0,"damage_taken":0.0},{"damage_healed":0.0,"max_hp_gain":0.0,"max_hp_loss":0.0,"gold_gain":0.0,"event_name":"Duplicator","player_choice":"Copied","floor":36.0,"gold_loss":0.0,"damage_taken":0.0,"cards_obtained":["Demon Form"]},{"damage_healed":0.0,"max_hp_gain":0.0,"max_hp_loss":4.0,"gold_gain":0.0,"event_name":"Winding Halls","player_choice":"Max HP","floor":39.0,"gold_loss":0.0,"damage_taken":0.0},{"damage_healed":0.0,"max_hp_gain":0.0,"max_hp_loss":0.0,"gold_gain":0.0,"event_name":"The Woman in Blue","player_choice":"Bought 0 Potions","floor":42.0,"gold_loss":0.0,"damage_taken":0.0}],"is_beta":false,"boss_relics":[{"not_picked":["Calling Bell","Tiny House"],"picked":"Empty Cage"},{"not_picked":["Coffee Dripper","Black Star"],"picked":"SacredBark"}],"items_purged_floors":[3,20,25,37],"is_endless":false,"potions_floor_spawned":[2,7,11,14,18,19,29,30,31,38,40,44],"killed_by":"Reptomancer","ascension_level":1}}