{"host":"mo324zvkdr1xwprd","time":1612011398,"event":{"mods":["BaseMod","Better Note","BetterRewards","Hermit","Highlight Path","Hubris","Minty Spire (QoL Compilation)","Quick Restart","Rare Cards Sparkle","Shop Mod","StSLib","The Cursed","The Hierophant"],"gold_per_floor":[117,133,146,165,175,200,30,30,30,30,30,56,56,68,68,173,173,189,389,359,16,41,41,7,7,33,33,63,63,63,121,121,341,341,567,15,580,1103,1103,1796,1487,2361,2361,3568,3568,5175,5175,7284,7284,7284,7284,7284,6030,9301,9301,9301],"floor_reached":55,"language":"ENG","playtime":6249,"items_purged":[],"score":1306,"play_id":"46c232c4-b2fb-4a13-8cba-32fd0bb7db0e","local_time":"20210130125638","is_ascension_mode":true,"campfire_choices":[{"floor":8,"key":"RECALL"},{"floor":13,"key":"REST"},{"data":"TheCursedMod:CollectTribute","floor":15,"key":"SMITH"},{"floor":23,"key":"REST"},{"floor":30,"key":"REST"},{"floor":32,"key":"REST"},{"floor":45,"key":"REST"},{"floor":49,"key":"REST"},{"floor":52,"key":"REST"}],"circlet_count":0,"master_deck":["TheCursedMod:Strike_TheCursed","TheCursedMod:Strike_TheCursed","TheCursedMod:Strike_TheCursed","TheCursedMod:Strike_TheCursed","TheCursedMod:Defend_TheCursed","TheCursedMod:Defend_TheCursed","TheCursedMod:Defend_TheCursed","TheCursedMod:Defend_TheCursed","TheCursedMod:CursedWand","TheCursedMod:CleanUpWorkshop","TheCursedMod:Dregs","TheCursedMod:CursedBlade","TheCursedMod:CircleOfBlood","TheCursedMod:FleshFromBone","TheCursedMod:CursedShiv","TheCursedMod:Stigma","TheCursedMod:SpitefulPray","TheCursedMod:Hemoplague","TheCursedMod:CursedAmulet","TheCursedMod:CircleOfBlood","TheCursedMod:CollectTribute+1","TheCursedMod:CursedShiv","TheCursedMod:CollectTribute","TheCursedMod:LuckyCharm","TheCursedMod:CursedAmulet","hubris:Greed","TheCursedMod:SoulReap","TheCursedMod:LuckyCharm","hubris:Greed","hubris:Greed","hubris:Greed","TheCursedMod:ReleasedStrength+1","hubris:Greed","hubris:Greed","hubris:Greed","hubris:Greed","TheCursedMod:CursedSpellbook","hubris:Greed","hubris:Greed","hubris:Greed","hubris:Greed","hubris:Greed","hubris:Greed","hubris:Greed","hubris:Greed","hubris:Greed","hubris:Greed","hubris:Greed","hubris:Greed","hubris:Greed","hubris:Greed","hubris:Greed","TheCursedMod:VoidForm","CurseOfTheBell","hubris:Greed","hubris:Greed","hubris:Greed","hubris:Greed","hubris:Greed","hubris:Greed","hubris:Greed","hubris:Greed","hubris:Greed","hubris:Greed","hubris:Greed","hubris:Greed","hubris:Greed","hubris:Greed","hubris:Greed","hubris:Greed","hubris:Greed","hubris:Greed","hubris:Greed","hubris:Greed","TheCursedMod:CursedSpellbook+1","TheCursedMod:SoulCrush","TheCursedMod:CursedShiv","TheCursedMod:CircleOfCorruption","TheCursedMod:Hemoplague","hubris:Greed","hubris:Greed","hubris:Greed","hubris:Greed","hubris:Greed","hubris:Greed","hubris:Greed","hubris:Greed","hubris:Greed","hubris:Greed","hubris:Greed","hubris:Greed","hubris:Greed","hubris:Greed","hubris:Greed","hubris:Greed","hubris:Greed","hubris:Greed","hubris:Greed","hubris:Greed","hubris:Greed","hubris:Greed","hubris:Greed","hubris:Greed","hubris:Greed","hubris:Greed","TheCursedMod:SurpriseAttack","hubris:Greed","hubris:Greed","hubris:Greed","hubris:Greed","hubris:Greed","hubris:Greed","hubris:Greed","hubris:Greed","hubris:Greed","hubris:Greed","hubris:Greed","hubris:Greed","hubris:Greed","hubris:Greed","hubris:Greed","hubris:Greed","hubris:Greed","hubris:Greed","hubris:Greed","hubris:Greed","hubris:Greed","hubris:Greed","hubris:Greed","hubris:Greed","hubris:Greed","hubris:Greed","hubris:Greed","hubris:Greed","hubris:Greed","hubris:Greed","hubris:Greed","hubris:Greed","TheCursedMod:VitalStrike+1","Metamorphosis","Chrysalis","Jack Of All Trades","hubris:Greed","hubris:Greed","hubris:Greed","hubris:Greed","hubris:Greed","hubris:Greed","hubris:Greed","hubris:Greed","hubris:Greed","hubris:Greed","hubris:Greed","hubris:Greed","hubris:Greed","hubris:Greed","hubris:Greed","hubris:Greed","hubris:Greed","hubris:Greed","hubris:Greed","hubris:Greed","hubris:Greed","hubris:Greed","hubris:Greed","hubris:Greed","hubris:Greed","hubris:Greed","hubris:Greed","hubris:Greed","hubris:Greed","hubris:Greed","hubris:Greed","hubris:Greed","hubris:Greed","hubris:Greed","TheCursedMod:CursedBlade","TheCursedMod:CursedBoomerang","TheCursedMod:RapidMovement","TheCursedMod:TacticalStrike+1","TheCursedMod:CursedSpellbook","TheCursedMod:LuckyCharm+1","hubris:Greed","hubris:Greed","hubris:Greed","hubris:Greed","hubris:Greed","hubris:Greed","hubris:Greed","hubris:Greed","hubris:Greed","hubris:Greed","hubris:Greed","hubris:Greed","hubris:Greed","hubris:Greed","hubris:Greed","hubris:Greed","hubris:Greed","hubris:Greed","hubris:Greed","hubris:Greed","hubris:Greed","hubris:Greed","hubris:Greed","hubris:Greed","hubris:Greed","hubris:Greed","hubris:Greed","hubris:Greed","hubris:Greed","hubris:Greed","hubris:Greed","hubris:Greed","hubris:Greed","hubris:Greed","hubris:Greed","hubris:Greed","hubris:Greed","TheCursedMod:Stretching+1","hubris:Greed","hubris:Greed","hubris:Greed","hubris:Greed","hubris:Greed","hubris:Greed","hubris:Greed","hubris:Greed","hubris:Greed","hubris:Greed","hubris:Greed","hubris:Greed","hubris:Greed","hubris:Greed","hubris:Greed","hubris:Greed","hubris:Greed","hubris:Greed","hubris:Greed","hubris:Greed","hubris:Greed","hubris:Greed","hubris:Greed","hubris:Greed","hubris:Greed","hubris:Greed","hubris:Greed","hubris:Greed","hubris:Greed","hubris:Greed","hubris:Greed","hubris:Greed","hubris:Greed","hubris:Greed","hubris:Greed","hubris:Greed","hubris:Greed","hubris:Greed","hubris:Greed","hubris:Greed","hubris:Greed","hubris:Greed","hubris:Greed","hubris:Greed","hubris:Greed","hubris:Greed","hubris:Greed","hubris:Greed","hubris:Greed","hubris:Greed","hubris:Greed","hubris:Greed","hubris:Greed","hubris:Greed","hubris:Greed","hubris:Greed","hubris:Greed","hubris:Greed","hubris:Greed","hubris:Greed","hubris:Greed","hubris:Greed","hubris:Greed","hubris:Greed","TheCursedMod:SpitefulPlan","hubris:Greed","hubris:Greed","hubris:Greed","hubris:Greed","hubris:Greed","hubris:Greed","hubris:Greed","hubris:Greed","hubris:Greed","hubris:Greed","hubris:Greed","hubris:Greed","hubris:Greed","hubris:Greed","hubris:Greed","hubris:Greed","hubris:Greed","hubris:Greed","hubris:Greed","hubris:Greed","hubris:Greed","hubris:Greed","hubris:Greed","hubris:Greed","hubris:Greed","hubris:Greed","hubris:Greed","hubris:Greed","hubris:Greed","hubris:Greed","hubris:Greed","hubris:Greed","hubris:Greed","hubris:Greed","hubris:Greed","hubris:Greed","hubris:Greed","hubris:Greed","hubris:Greed","hubris:Greed","hubris:Greed","hubris:Greed","hubris:Greed","hubris:Greed","hubris:Greed","hubris:Greed","hubris:Greed","hubris:Greed","hubris:Greed","hubris:Greed","hubris:Greed","hubris:Greed","hubris:Greed","hubris:Greed","hubris:Greed","hubris:Greed","hubris:Greed","hubris:Greed","hubris:Greed","hubris:Greed","hubris:Greed","hubris:Greed","hubris:Greed","hubris:Greed","hubris:Greed","hubris:Greed","hubris:Greed","hubris:Greed","hubris:Greed","hubris:Greed","hubris:Greed","hubris:Greed","hubris:Greed","hubris:Greed","hubris:Greed","hubris:Greed","hubris:Greed","hubris:Greed","hubris:Greed","TheCursedMod:LuckyCharm","hubris:Greed","hubris:Greed","hubris:Greed","hubris:Greed","hubris:Greed","hubris:Greed","hubris:Greed","hubris:Greed","hubris:Greed","hubris:Greed","hubris:Greed","hubris:Greed","hubris:Greed","hubris:Greed","hubris:Greed","hubris:Greed","hubris:Greed","hubris:Greed","hubris:Greed","hubris:Greed","hubris:Greed","hubris:Greed","hubris:Greed","hubris:Greed","hubris:Greed","hubris:Greed","hubris:Greed","hubris:Greed","hubris:Greed","hubris:Greed","hubris:Greed","hubris:Greed","hubris:Greed","hubris:Greed","hubris:Greed","hubris:Greed","hubris:Greed","hubris:Greed","hubris:Greed","hubris:Greed","hubris:Greed","hubris:Greed","hubris:Greed","hubris:Greed","hubris:Greed","hubris:Greed","hubris:Greed","hubris:Greed","hubris:Greed","hubris:Greed","hubris:Greed","hubris:Greed","hubris:Greed","hubris:Greed","hubris:Greed","hubris:Greed","hubris:Greed","hubris:Greed","hubris:Greed","hubris:Greed","hubris:Greed","hubris:Greed","hubris:Greed","hubris:Greed","hubris:Greed","hubris:Greed","hubris:Greed","hubris:Greed","hubris:Greed","hubris:Greed","hubris:Greed","hubris:Greed","hubris:Greed","hubris:Greed","hubris:Greed","hubris:Greed","hubris:Greed","hubris:Greed","hubris:Greed","hubris:Greed","hubris:Greed","hubris:Greed","hubris:Greed","hubris:Greed","hubris:Greed","hubris:Greed","hubris:Greed","hubris:Greed","hubris:Greed","hubris:Greed","hubris:Greed","hubris:Greed","hubris:Greed","hubris:Greed","hubris:Greed","hubris:Greed","hubris:Greed","hubris:Greed","hubris:Greed","hubris:Greed","hubris:Greed","TheCursedMod:Wield+1","TheCursedMod:Mangle","hubris:Greed","hubris:Greed","hubris:Greed","hubris:Greed","hubris:Greed","hubris:Greed","hubris:Greed","hubris:Greed","hubris:Greed","hubris:Greed","hubris:Greed","hubris:Greed","hubris:Greed","hubris:Greed","hubris:Greed","hubris:Greed","hubris:Greed","hubris:Greed","hubris:Greed","hubris:Greed","hubris:Greed","hubris:Greed","hubris:Greed","hubris:Greed","hubris:Greed","hubris:Greed","hubris:Greed","hubris:Greed","hubris:Greed","hubris:Greed","hubris:Greed","hubris:Greed","hubris:Greed","hubris:Greed","hubris:Greed","hubris:Greed","hubris:Greed","hubris:Greed","hubris:Greed","hubris:Greed","hubris:Greed","hubris:Greed","hubris:Greed","hubris:Greed","hubris:Greed","hubris:Greed","hubris:Greed","hubris:Greed","hubris:Greed","hubris:Greed","hubris:Greed","hubris:Greed","hubris:Greed","hubris:Greed","hubris:Greed","hubris:Greed","hubris:Greed","hubris:Greed","hubris:Greed","hubris:Greed","hubris:Greed","hubris:Greed","hubris:Greed","hubris:Greed","hubris:Greed","hubris:Greed","hubris:Greed","hubris:Greed","hubris:Greed","hubris:Greed","hubris:Greed","hubris:Greed","hubris:Greed","hubris:Greed","hubris:Greed","hubris:Greed","hubris:Greed","hubris:Greed","hubris:Greed","hubris:Greed","hubris:Greed","hubris:Greed","hubris:Greed","hubris:Greed","hubris:Greed","hubris:Greed","hubris:Greed","hubris:Greed","hubris:Greed","hubris:Greed","hubris:Greed","hubris:Greed","hubris:Greed","hubris:Greed","hubris:Greed","hubris:Greed","hubris:Greed","hubris:Greed","hubris:Greed","hubris:Greed","hubris:Greed","hubris:Greed","hubris:Greed","hubris:Greed","hubris:Greed","hubris:Greed","hubris:Greed","hubris:Greed","hubris:Greed","hubris:Greed","hubris:Greed","hubris:Greed","hubris:Greed","hubris:Greed","hubris:Greed","hubris:Greed","hubris:Greed","hubris:Greed","hubris:Greed","hubris:Greed","hubris:Greed","hubris:Greed","hubris:Greed","hubris:Greed","hubris:Greed","hubris:Greed","hubris:Greed","hubris:Greed","hubris:Greed","hubris:Greed","hubris:Greed","hubris:Greed","hubris:Greed","hubris:Greed","hubris:Greed","hubris:Greed","hubris:Greed","hubris:Greed","hubris:Greed","hubris:Greed","hubris:Greed","hubris:Greed","hubris:Greed","hubris:Greed","hubris:Greed","hubris:Greed","hubris:Greed","hubris:Greed","hubris:Greed","hubris:Greed","hubris:Greed","TheCursedMod:Obscuration+1","Metamorphosis","Flash of Steel","TheCursedMod:StingEye","TheCursedMod:VitalStrike","TheCursedMod:ReleasedStrength","TheCursedMod:CircleOfFlame","TheCursedMod:HellsGateOpen","hubris:Greed","hubris:Greed","hubris:Greed","hubris:Greed","hubris:Greed","hubris:Greed","hubris:Greed","hubris:Greed","hubris:Greed","hubris:Greed","hubris:Greed","hubris:Greed","hubris:Greed","hubris:Greed","hubris:Greed","hubris:Greed","hubris:Greed","hubris:Greed","hubris:Greed","hubris:Greed","hubris:Greed","hubris:Greed","hubris:Greed","hubris:Greed","hubris:Greed","hubris:Greed","hubris:Greed","hubris:Greed","hubris:Greed","hubris:Greed","hubris:Greed","hubris:Greed","hubris:Greed","hubris:Greed","hubris:Greed","hubris:Greed","hubris:Greed","hubris:Greed","hubris:Greed","hubris:Greed","hubris:Greed","hubris:Greed","hubris:Greed","hubris:Greed","hubris:Greed","hubris:Greed","hubris:Greed","hubris:Greed","hubris:Greed","hubris:Greed","hubris:Greed","hubris:Greed","hubris:Greed","hubris:Greed","hubris:Greed","hubris:Greed","hubris:Greed","hubris:Greed","hubris:Greed","hubris:Greed","hubris:Greed","hubris:Greed","hubris:Greed","hubris:Greed","hubris:Greed","hubris:Greed","hubris:Greed","hubris:Greed","hubris:Greed","hubris:Greed","hubris:Greed","hubris:Greed","hubris:Greed","hubris:Greed","hubris:Greed","hubris:Greed","hubris:Greed","hubris:Greed","hubris:Greed","hubris:Greed","hubris:Greed","hubris:Greed","TheCursedMod:LuckyCharm","hubris:Greed","hubris:Greed","hubris:Greed","hubris:Greed","hubris:Greed","hubris:Greed","hubris:Greed","hubris:Greed","hubris:Greed","hubris:Greed","hubris:Greed","hubris:Greed","hubris:Greed","hubris:Greed","hubris:Greed","hubris:Greed","hubris:Greed","hubris:Greed","hubris:Greed","hubris:Greed","hubris:Greed","hubris:Greed","hubris:Greed","hubris:Greed","hubris:Greed","hubris:Greed","hubris:Greed","hubris:Greed","hubris:Greed","hubris:Greed","hubris:Greed","hubris:Greed","hubris:Greed","hubris:Greed","hubris:Greed","hubris:Greed","hubris:Greed","hubris:Greed","hubris:Greed","hubris:Greed","hubris:Greed","hubris:Greed","hubris:Greed","hubris:Greed","hubris:Greed","hubris:Greed","hubris:Greed","hubris:Greed","hubris:Greed","hubris:Greed","hubris:Greed","hubris:Greed","hubris:Greed","hubris:Greed","hubris:Greed","hubris:Greed","hubris:Greed","hubris:Greed","hubris:Greed","hubris:Greed","hubris:Greed","hubris:Greed","hubris:Greed","hubris:Greed","hubris:Greed","hubris:Greed","hubris:Greed","hubris:Greed","hubris:Greed","hubris:Greed","hubris:Greed","hubris:Greed","hubris:Greed","hubris:Greed","hubris:Greed","hubris:Greed","hubris:Greed","hubris:Greed","hubris:Greed","hubris:Greed","hubris:Greed","hubris:Greed","hubris:Greed","hubris:Greed","hubris:Greed","hubris:Greed","hubris:Greed","hubris:Greed","hubris:Greed","hubris:Greed","hubris:Greed","hubris:Greed","hubris:Greed","hubris:Greed","hubris:Greed","hubris:Greed","hubris:Greed","hubris:Greed","hubris:Greed","hubris:Greed","hubris:Greed","hubris:Greed","hubris:Greed","hubris:Greed","hubris:Greed","hubris:Greed","hubris:Greed","hubris:Greed","hubris:Greed","hubris:Greed","hubris:Greed","hubris:Greed","hubris:Greed","hubris:Greed","hubris:Greed","hubris:Greed","hubris:Greed","hubris:Greed","hubris:Greed","hubris:Greed","hubris:Greed","hubris:Greed","hubris:Greed","hubris:Greed","hubris:Greed","hubris:Greed","hubris:Greed","hubris:Greed","hubris:Greed","hubris:Greed","hubris:Greed","hubris:Greed","hubris:Greed","hubris:Greed","hubris:Greed","hubris:Greed","hubris:Greed","hubris:Greed","hubris:Greed","hubris:Greed","hubris:Greed","hubris:Greed","hubris:Greed"],"relics":["TheCursedMod:BlackMagic101","Pen Nib","Singing Bowl","hubris:Icosahedron","Regal Pillow","Fusion Hammer","Darkstone Periapt","Vajra","Ginger","Calling Bell","Ancient Tea Set","Pantograph","Bird Faced Urn","StoneCalendar","Old Coin","Potion Belt","Orrery","Eternal Feather","Toy Ornithopter","Dream Catcher","Strange Spoon","Bag of Preparation","hubris:GlazedTorus","Lizard Tail"],"acts_visited":["Exordium","TheCity","TheBeyond","TheEnding"],"potions_floor_usage":[2,4,6,6,6,18,25,35,40,46,55,55,55,55,55,55,55,55,55],"damage_taken":[{"damage":0,"enemies":"Small Slimes","floor":1,"turns":3},{"damage":2,"enemies":"Jaw Worm","floor":2,"turns":4},{"damage":1,"enemies":"Cultist","floor":3,"turns":5},{"damage":22,"enemies":"Exordium Thugs","floor":4,"turns":5},{"damage":4,"enemies":"Large Slime","floor":5,"turns":6},{"damage":37,"enemies":"Gremlin Nob","floor":6,"turns":4},{"damage":12,"enemies":"3 Sentries","floor":12,"turns":6},{"damage":0,"enemies":"Blue Slaver","floor":14,"turns":3},{"damage":73,"enemies":"Hexaghost","floor":16,"turns":9},{"damage":17,"enemies":"Chosen","floor":18,"turns":5},{"damage":24,"enemies":"2 Thieves","floor":20,"turns":5},{"damage":32,"enemies":"Cultist and Chosen","floor":22,"turns":8},{"damage":42,"enemies":"Slavers","floor":25,"turns":3},{"damage":26,"enemies":"Shelled Parasite and Fungi","floor":28,"turns":7},{"damage":10,"enemies":"Snecko","floor":31,"turns":4},{"damage":90,"enemies":"hubris:MusketHawk","floor":33,"turns":13},{"damage":30,"enemies":"Orb Walker","floor":35,"turns":8},{"damage":51,"enemies":"Mind Bloom Boss Battle","floor":37,"turns":8},{"damage":126,"enemies":"3 Darklings","floor":38,"turns":7},{"damage":153,"enemies":"4 Shapes","floor":40,"turns":7},{"damage":130,"enemies":"Spire Growth","floor":42,"turns":8},{"damage":184,"enemies":"Nemesis","floor":44,"turns":13},{"damage":477,"enemies":"Reptomancer","floor":46,"turns":14},{"damage":255,"enemies":"Giant Head","floor":48,"turns":18},{"damage":1244,"enemies":"Time Eater","floor":50,"turns":37},{"damage":735,"enemies":"Shield and Spear","floor":54,"turns":16},{"damage":8409,"enemies":"The Heart","floor":55,"turns":27}],"seed_played":"-4973229253022270177","potions_obtained":[{"floor":2,"key":"EntropicBrew"},{"floor":4,"key":"CultistPotion"},{"floor":5,"key":"Regen Potion"},{"floor":16,"key":"Fire Potion"},{"floor":20,"key":"SmokeBomb"},{"floor":22,"key":"Dexterity Potion"},{"floor":31,"key":"SmokeBomb"},{"floor":33,"key":"SneckoOil"},{"floor":37,"key":"LiquidBronze"},{"floor":38,"key":"Regen Potion"},{"floor":40,"key":"EntropicBrew"},{"floor":48,"key":"BlessingOfTheForge"},{"floor":54,"key":"ColorlessPotion"}],"is_trial":false,"path_per_floor":["M","M","M","M","M","E","$","R","T","$","?","E","R","M","R","B",null,"M","?","M","$","M","R","$","E","T","$","M","T","R","M","R","B",null,"M","$","?","M","?","M","$","M","T","E","R","E","?","E","R","B",null,"R","$","E","B"],"character_chosen":"THE_CURSED","items_purchased":["TheCursedMod:Hemoplague","TheCursedMod:CursedAmulet","TheCursedMod:CircleOfBlood","Darkstone Periapt","TheCursedMod:LuckyCharm","TheCursedMod:CursedAmulet","TheCursedMod:LuckyCharm","StoneCalendar","TheCursedMod:SoulCrush","TheCursedMod:CursedShiv","TheCursedMod:CircleOfCorruption","TheCursedMod:Hemoplague","Potion Belt","Orrery","Strange Spoon","Bag of Preparation","hubris:GlazedTorus","ColorlessPotion","Weak Potion","Metamorphosis","Flash of Steel","TheCursedMod:StingEye","TheCursedMod:VitalStrike","TheCursedMod:ReleasedStrength","TheCursedMod:CircleOfFlame","TheCursedMod:HellsGateOpen"],"campfire_rested":7,"item_purchase_floors":[7,7,7,21,21,21,24,36,36,36,36,36,41,41,53,53,53,53,53,53,53,53,53,53,53,53],"current_hp_per_floor":[82,80,81,61,61,60,60,60,60,60,60,48,82,82,82,13,65,54,54,38,38,16,58,58,25,25,25,31,31,79,99,134,144,210,328,328,465,539,529,605,605,703,703,913,1508,1509,1509,1887,2588,2258,3185,3494,3494,3268,0,0],"gold":9301,"neow_bonus":"TEN_PERCENT_HP_BONUS","is_daily":false,"chose_seed":false,"campfire_upgraded":1,"win_rate":0.0,"timestamp":1612011398,"path_taken":["M","M","M","M","M","E","$","R","T","$","?","E","R","M","R","BOSS","M","?","M","$","M","R","$","E","T","$","?","?","R","M","R","BOSS","M","$","?","M","?","M","$","M","T","E","R","E","?","E","R","BOSS","R","$","E","BOSS"],"items_purchased_type":["Card","Card","Card","Relic","Card","Card","Card","Relic","Card","Card","Card","Card","Relic","Relic","Relic","Relic","Relic","Potion","Potion","Card","Card","Card","Card","Card","Card","Card"],"build_version":"2020-12-22","purchased_purges":0,"victory":false,"max_hp_per_floor":[82,82,82,82,82,82,82,82,82,82,82,82,82,82,82,82,82,84,84,86,86,92,92,92,92,92,92,110,110,110,134,134,224,230,350,350,506,698,698,902,902,1124,1124,1508,1508,1982,1982,2588,2588,3494,3494,3494,3494,3986,4844,4844],"card_choices":[{"not_picked":["TheCursedMod:CursedMace","TheCursedMod:Obscuration"],"picked":"TheCursedMod:CursedBlade","floor":1},{"not_picked":["TheCursedMod:Stretching","TheCursedMod:RapidMovement"],"picked":"TheCursedMod:CircleOfBlood","floor":2},{"not_picked":["TheCursedMod:BloodBarrier","TheCursedMod:ManaBullet"],"picked":"TheCursedMod:FleshFromBone","floor":3},{"not_picked":["TheCursedMod:FleshFromBone","TheCursedMod:Obscuration"],"picked":"TheCursedMod:CursedShiv","floor":4},{"not_picked":["TheCursedMod:ForbiddenAlchemy","TheCursedMod:RavingStaff"],"picked":"TheCursedMod:Stigma","floor":5},{"not_picked":["TheCursedMod:StingEye","TheCursedMod:FleshFromBone"],"picked":"TheCursedMod:SpitefulPray","floor":6},{"not_picked":["TheCursedMod:CursedShiv","TheCursedMod:RavingStaff"],"picked":"TheCursedMod:CollectTribute","floor":12},{"not_picked":["TheCursedMod:Torture","TheCursedMod:Evocation"],"picked":"TheCursedMod:CursedShiv","floor":14},{"not_picked":["TheCursedMod:CircleOfAbyss","TheCursedMod:ManaCirculation"],"picked":"TheCursedMod:CollectTribute","floor":16},{"not_picked":["TheCursedMod:EmpowerCircles","TheCursedMod:PrepareRite+1","TheCursedMod:SpreadPlague"],"picked":"Singing Bowl","floor":18},{"not_picked":["TheCursedMod:FuryStrike","TheCursedMod:RavingStaff","TheCursedMod:RapidMovement"],"picked":"Singing Bowl","floor":20},{"not_picked":["TheCursedMod:Torture+1","TheCursedMod:WearCloak"],"picked":"TheCursedMod:SoulReap","floor":22},{"not_picked":["TheCursedMod:SpreadPlague+1","TheCursedMod:TacticalStrike"],"picked":"TheCursedMod:ReleasedStrength+1","floor":28},{"not_picked":["TheCursedMod:CircleOfFlame","TheCursedMod:Wield+1"],"picked":"TheCursedMod:CursedSpellbook","floor":31},{"not_picked":["TheCursedMod:StunningStrike","TheCursedMod:CollectTribute"],"picked":"TheCursedMod:VoidForm","floor":33},{"not_picked":["TheCursedMod:SpitefulStrike+1","TheCursedMod:Obscuration"],"picked":"TheCursedMod:CursedSpellbook+1","floor":35},{"not_picked":["TheCursedMod:CircleOfWindfury","TheCursedMod:LuckyCharm+1"],"picked":"TheCursedMod:SurpriseAttack","floor":37},{"not_picked":["TheCursedMod:ManaBullet+1","TheCursedMod:RavingStaff"],"picked":"TheCursedMod:VitalStrike+1","floor":38},{"not_picked":["Trip","Swift Strike"],"picked":"Metamorphosis","floor":39},{"not_picked":["Finesse","hubris:Insight"],"picked":"Chrysalis","floor":39},{"not_picked":["hubris:Ssssneak","Blind"],"picked":"Jack Of All Trades","floor":39},{"not_picked":["TheCursedMod:SmokeScreen","TheCursedMod:CursedShiv"],"picked":"TheCursedMod:CursedBlade","floor":40},{"not_picked":["TheCursedMod:RavingStaff+1","TheCursedMod:StunningStrike"],"picked":"TheCursedMod:CursedBoomerang","floor":41},{"not_picked":["TheCursedMod:FleshFromBone","TheCursedMod:SmokeScreen"],"picked":"TheCursedMod:RapidMovement","floor":41},{"not_picked":["TheCursedMod:Torture+1","TheCursedMod:FleshFromBone+1"],"picked":"TheCursedMod:TacticalStrike+1","floor":41},{"not_picked":["TheCursedMod:CircleOfAbyss","TheCursedMod:AntiAging"],"picked":"TheCursedMod:CursedSpellbook","floor":41},{"not_picked":["TheCursedMod:FleshFromBone+1","TheCursedMod:CircleOfFlame"],"picked":"TheCursedMod:LuckyCharm+1","floor":41},{"not_picked":["TheCursedMod:WearCloak+1","TheCursedMod:Torture"],"picked":"TheCursedMod:Stretching+1","floor":42},{"not_picked":["TheCursedMod:Stigma+1","TheCursedMod:RavingStaff+1"],"picked":"TheCursedMod:SpitefulPlan","floor":44},{"not_picked":["TheCursedMod:CursedRelics","TheCursedMod:AshesToAshes"],"picked":"TheCursedMod:LuckyCharm","floor":46},{"not_picked":["TheCursedMod:ManaBullet+1","TheCursedMod:CircleOfFocus"],"picked":"TheCursedMod:Wield+1","floor":48},{"not_picked":["TheCursedMod:Stretching","TheCursedMod:CircleOfFocus+1"],"picked":"TheCursedMod:Mangle","floor":49},{"not_picked":["TheCursedMod:SmokeScreen+1","TheCursedMod:Stretching+1"],"picked":"TheCursedMod:Obscuration+1","floor":52},{"not_picked":["TheCursedMod:FuryStrike+1","TheCursedMod:RavingStaff"],"picked":"TheCursedMod:LuckyCharm","floor":54}],"player_experience":419362,"relics_obtained":[{"floor":6,"key":"Pen Nib"},{"floor":9,"key":"Singing Bowl"},{"floor":12,"key":"Regal Pillow"},{"floor":26,"key":"Vajra"},{"floor":29,"key":"Ginger"},{"floor":34,"key":"Ancient Tea Set"},{"floor":34,"key":"Pantograph"},{"floor":34,"key":"Bird Faced Urn"},{"floor":37,"key":"Old Coin"},{"floor":44,"key":"Eternal Feather"},{"floor":46,"key":"Toy Ornithopter"},{"floor":48,"key":"Dream Catcher"},{"floor":54,"key":"Lizard Tail"}],"event_choices":[{"damage_healed":0,"gold_gain":250,"player_choice":"Bet on Owner","damage_taken":0,"max_hp_gain":0,"max_hp_loss":0,"event_name":"The Joust","floor":19,"gold_loss":50},{"damage_healed":0,"gold_gain":0,"player_choice":"Fight","damage_taken":0,"max_hp_gain":0,"max_hp_loss":0,"event_name":"MindBloom","floor":37,"gold_loss":0},{"damage_healed":0,"gold_gain":0,"player_choice":"Memory 3","damage_taken":10,"max_hp_gain":0,"max_hp_loss":0,"event_name":"SensoryStone","floor":39,"gold_loss":0},{"damage_healed":0,"gold_gain":0,"player_choice":"Ignored","damage_taken":0,"max_hp_gain":0,"max_hp_loss":0,"event_name":"Tomb of Lord Red Mask","floor":47,"gold_loss":0}],"is_beta":false,"boss_relics":[{"not_picked":["hubris:HollowSoul","Ectoplasm"],"picked":"Fusion Hammer"},{"not_picked":["Empty Cage","hubris:Stopwatch"],"picked":"Calling Bell"}],"items_purged_floors":[],"is_endless":false,"potions_floor_spawned":[2,4,5,16,20,22,25,31,33,37,38,40,48,54],"killed_by":"The Heart","ascension_level":5}}