{"host":"pesfwaef25r60kxm","time":1612008211,"event":{"mods":["ATMod(阿瑾Mod)","Act Like it!","Arknights The Spire","BaseMod","Colored Powertips","Gensokyo","Hunter 猎人","Minty Spire (QoL Compilation)","Replay The Spire","RumiaBox-露米娅的神秘盒子","Spicy Shops","StSLib","WarShipGirlsR/战舰少女R mod","[IsaacMod]以撒尖塔","noobMod","【遗物卡牌】REMEMod"],"gold_per_floor":[114,129,304,12,42,72,87,87,137,137,167,182,197,242,242,342,342,357,407,407,422,47,47,72,72,122,122,152,167,167,82,82,182,232,247,262,343,343,358,388,403,403,403,3,42,42,42,66,66,66],"floor_reached":51,"language":"ZHS","playtime":1928,"items_purged":["Doubt","Strike_G"],"score":1035,"play_id":"96d95737-9037-4160-91ac-d712aefa1ec9","local_time":"20210130200331","daily_mods":["Specialized","Red Cards","Terminal"],"is_ascension_mode":false,"campfire_choices":[{"data":"AT_KneejerkReflex","floor":8,"key":"SMITH"},{"data":"Metallicize","floor":10,"key":"SMITH"},{"data":"BettingIsNotGood","floor":15,"key":"SMITH"},{"data":"Apotheosis","floor":23,"key":"SMITH"},{"data":"Searing Blow","floor":25,"key":"SMITH"},{"data":"Searing Blow+1","floor":27,"key":"SMITH"},{"floor":32,"key":"DIG"},{"data":"Searing Blow+2","floor":42,"key":"SMITH"},{"data":"Searing Blow+3","floor":46,"key":"SMITH"},{"data":"Searing Blow+4","floor":49,"key":"SMITH"}],"circlet_count":0,"master_deck":["Strike_G","Strike_G","Strike_G","Strike_G","Defend_G","Defend_G","Defend_G","Defend_G","Defend_G","Survivor","Neutralize","BettingIsNotGood+1","Skewer","Skewer","Skewer","Skewer+1","Skewer","AT_KneejerkReflex+1","Metallicize+1","AT_KingSlayer","Well Laid Plans","Escape Plan","Searing Blow+5","Necronomicurse","Apotheosis+1","REME_HeartOfCthun","REME_HeartOfCthun","Choke+1","Backflip","REME_ShadowForm","Strike_G","Infernal Blade+1","Dual Wield+1","Infernal Blade+1"],"relics":["Ring of the Snake","HushsDoor","ice","REME_ComplimentaryCards","AT_ATBox","TheBible","Replay:Baseball","Anchor","Replay:Rubber Ducky","AT_ArcaneBoots","GodSword7","ZombieArmy","Necronomicon","ReplayTheSpireMod:ShopPack","GodSword3","AT_SunfireAegis","AT_ArchangelStaff","Regal Pillow","Blood Vial","Pen Nib","Tiny House","GuppysHairball","Tough Bandages","BelialBook","GuppysTail","CeramicFish"],"acts_visited":["Exordium","TheCity","TheBeyond"],"potions_floor_usage":[16],"damage_taken":[{"damage":0,"enemies":"Cultist","floor":1,"turns":2},{"damage":9,"enemies":"Jaw Worm","floor":2,"turns":4},{"damage":10,"enemies":"Small Slimes","floor":5,"turns":3},{"damage":20,"enemies":"Exordium Wildlife","floor":6,"turns":8},{"damage":10,"enemies":"Blue Slaver","floor":7,"turns":4},{"damage":0,"enemies":"3 Sentries","floor":11,"turns":7},{"damage":0,"enemies":"Large Slime","floor":12,"turns":5},{"damage":0,"enemies":"2 Fungi Beasts","floor":13,"turns":2},{"damage":0,"enemies":"Lagavulin","floor":14,"turns":8},{"damage":0,"enemies":"Slime Boss","floor":16,"turns":7},{"damage":0,"enemies":"3 Byrds","floor":18,"turns":3},{"damage":33,"enemies":"Hiden Room Battle","floor":19,"turns":8},{"damage":0,"enemies":"Shell Parasite","floor":21,"turns":2},{"damage":16,"enemies":"REME_1_Revenger","floor":28,"turns":5},{"damage":0,"enemies":"Cultist and Chosen","floor":29,"turns":2},{"damage":9,"enemies":"Automaton","floor":33,"turns":6},{"damage":0,"enemies":"3 Darklings","floor":35,"turns":1},{"damage":0,"enemies":"3 Shapes","floor":36,"turns":1},{"damage":0,"enemies":"3 Darklings","floor":39,"turns":1},{"damage":10,"enemies":"R_Hoarder","floor":40,"turns":5},{"damage":0,"enemies":"Spire Growth","floor":41,"turns":4},{"damage":6,"enemies":"Giant Head","floor":45,"turns":5},{"damage":21,"enemies":"Maw","floor":48,"turns":5},{"damage":0,"enemies":"Donu and Deca","floor":50,"turns":2}],"seed_played":"-828330817948855686","potions_obtained":[{"floor":2,"key":"Swift Potion"},{"floor":6,"key":"Weak Potion"},{"floor":12,"key":"Fire Potion"},{"floor":18,"key":"FearPotion"},{"floor":34,"key":"ColorlessPotion"},{"floor":36,"key":"PowerPotion"},{"floor":45,"key":"BlessingOfTheForge"}],"is_trial":false,"path_per_floor":["M","M","?","$","M","M","M","R","T","R","E","M","M","E","R","B",null,"M","?","?","M","$","R","T","R","T","R","E","M","?","?","R","B",null,"M","M","?","?","M","E","M","R","T","$","E","R","$","M","R","B",null],"character_chosen":"THE_SILENT","items_purchased":["Replay:Baseball","Metallicize","ReplayTheSpireMod:ShopPack","GodSword3","GuppysHairball","GuppysTail"],"campfire_rested":0,"item_purchase_floors":[4,4,22,22,34,44],"current_hp_per_floor":[68,64,64,64,54,34,24,24,24,24,29,29,29,29,29,39,52,51,50,34,34,34,34,34,34,34,34,18,18,18,18,18,11,44,43,43,28,28,30,22,24,24,24,24,20,20,20,44,43,43],"gold":66,"neow_bonus":"","is_daily":true,"chose_seed":false,"campfire_upgraded":9,"win_rate":0.0,"timestamp":1612008211,"path_taken":["M","M","?","$","M","M","M","R","T","R","E","M","?","E","R","BOSS","M","?","?","M","?","R","?","R","T","R","E","M","?","?","R","BOSS","M","M","?","?","M","E","M","R","T","?","E","R","$","M","R","BOSS"],"items_purchased_type":["Relic","Card","Relic","Relic","Relic","Relic"],"build_version":"2020-12-22","purchased_purges":2,"victory":true,"max_hp_per_floor":[68,67,66,65,64,63,62,61,60,59,58,57,56,55,54,53,52,51,50,49,50,49,48,47,46,45,44,48,49,48,47,46,50,44,43,44,43,42,41,46,48,47,46,45,46,45,44,44,43,44],"card_choices":[{"not_picked":[],"picked":"BettingIsNotGood","floor":0},{"not_picked":["Power Through","PiercingWail","AT_TwilightShroud"],"picked":"SKIP","floor":1},{"not_picked":["Dagger Throw","Clothesline","Dagger Spray"],"picked":"SKIP","floor":2},{"not_picked":["Choke","Toxin Wave"],"picked":"AT_KingSlayer","floor":5},{"not_picked":["Setup","True Grit","AT_WindRun"],"picked":"SKIP","floor":6},{"not_picked":["Dagger Spray","Warcry"],"picked":"Well Laid Plans","floor":7},{"not_picked":["Quick Slash","ReplayReversal"],"picked":"Bomb","floor":11},{"not_picked":["Reflex","Blade Dance"],"picked":"Escape Plan","floor":12},{"not_picked":["True Grit","Run Through","Slice"],"picked":"SKIP","floor":13},{"not_picked":["Second Wind","ReplayTheSpireMod:LeadingStrike","Shrug It Off"],"picked":"SKIP","floor":14},{"not_picked":["AT_WindFlip","Dodge and Roll"],"picked":"Searing Blow","floor":18},{"not_picked":["Endless Agony","Reflex","Cloak And Dagger"],"picked":"SKIP","floor":21},{"not_picked":["REME_BattleFury","Sadistic Nature"],"picked":"Apotheosis","floor":22},{"not_picked":["REME_TheoryOfElimination","Swift Strike"],"picked":"REME_HeartOfCthun","floor":22},{"not_picked":["AT_TearsDenial","REME_TwoStrings"],"picked":"REME_HeartOfCthun","floor":22},{"not_picked":["Envenom","REME_Fury"],"picked":"Choke+1","floor":28},{"not_picked":["Deflect","ReplayTheSpireMod:Speed Training"],"picked":"Backflip","floor":29},{"not_picked":["Bludgeon","Die Die Die"],"picked":"REME_ShadowForm","floor":33},{"not_picked":["Combust+1","True Grit","Clothesline+1"],"picked":"SKIP","floor":35},{"not_picked":["Wild Strike+1","Pommel Strike","Dodge and Roll"],"picked":"SKIP","floor":36},{"not_picked":["AT_CaressingTears","Catalyst","ReplayTheSpireMod:Necrosis"],"picked":"SKIP","floor":39},{"not_picked":["Combust","True Grit"],"picked":"Infernal Blade+1","floor":40},{"not_picked":["Shrug It Off","Sucker Punch+1","Sever Soul"],"picked":"SKIP","floor":41},{"not_picked":["Cleave+1","Warcry"],"picked":"Dual Wield+1","floor":45},{"not_picked":["Cloak And Dagger+1","True Grit+1"],"picked":"Infernal Blade+1","floor":48}],"player_experience":123168,"relics_obtained":[{"floor":9,"key":"Anchor"},{"floor":11,"key":"Replay:Rubber Ducky"},{"floor":14,"key":"AT_SpeedBoots"},{"floor":19,"key":"GodSword7"},{"floor":19,"key":"ZombieArmy"},{"floor":20,"key":"Necronomicon"},{"floor":24,"key":"AT_SunfireAegis"},{"floor":26,"key":"AT_ArchangelStaff"},{"floor":28,"key":"Regal Pillow"},{"floor":32,"key":"Pen Nib"},{"floor":40,"key":"Tough Bandages"},{"floor":43,"key":"BelialBook"},{"floor":45,"key":"CeramicFish"}],"event_choices":[{"damage_healed":0,"gold_gain":175,"player_choice":"AGREE","damage_taken":0,"max_hp_gain":0,"max_hp_loss":0,"event_name":"Liars Game","floor":3,"gold_loss":0,"cards_obtained":["Doubt"]},{"damage_healed":0,"gold_gain":0,"player_choice":"Fight","damage_taken":0,"max_hp_gain":0,"max_hp_loss":0,"event_name":"HidenRoomEvent","floor":19,"gold_loss":0},{"damage_healed":0,"gold_gain":0,"player_choice":"Obtained Book","damage_taken":16,"max_hp_gain":0,"max_hp_loss":0,"event_name":"Cursed Tome","floor":20,"gold_loss":0},{"damage_healed":0,"gold_gain":0,"player_choice":"Obtained Relic","damage_taken":0,"relics_obtained":["Blood Vial"],"max_hp_gain":0,"max_hp_loss":0,"event_name":"Addict","floor":31,"gold_loss":85},{"damage_healed":0,"gold_gain":0,"player_choice":"Bought 0 Potions","damage_taken":0,"max_hp_gain":0,"max_hp_loss":0,"event_name":"The Woman in Blue","floor":38,"gold_loss":0}],"is_beta":false,"boss_relics":[{"not_picked":["ReplayTheSpireMod:DimensionalGlitch","Snecko Scales","Abe\u0027s Treasure"]},{"not_picked":["Runic Dome","HoveringKite"],"picked":"Tiny House"},{"not_picked":[]}],"items_purged_floors":[4,44],"is_endless":false,"potions_floor_spawned":[2,6,12,14,18,19,33,36,45,48],"ascension_level":0}}