{"host":"8am31i0j9qpslrrv","time":1612043082,"event":{"mods":["BaseMod","Curses Come First","Minty Spire (QoL Compilation)","Quick Restart","Replay The Spire","StSLib"],"gold_per_floor":[109,135,146,156,204,234,234,88,88,88,106,106,106,125,125,237,237,265,265,285,303,346,346,246,275,322,344,344,388,404,426,426,543,543,560,560,587,612,627,662,662,677,677,395,412,412,432,463,463,465],"floor_reached":51,"language":"ENG","playtime":3717,"items_purged":["Strike_B","Defend_B","Defend_B"],"score":1023,"play_id":"041cd034-588c-4077-b0b1-d2491c7b3c9a","local_time":"20210130164442","is_ascension_mode":false,"campfire_choices":[{"data":"Zap","floor":7.0,"key":"SMITH"},{"data":"Dualcast","floor":10.0,"key":"SMITH"},{"data":"Electrodynamics","floor":13.0,"key":"SMITH"},{"floor":15.0,"key":"DIG"},{"data":"BasicCrystalCard","floor":23.0,"key":"SMITH"},{"data":"Mirror Shield","floor":28.0,"key":"SMITH"},{"data":"Creative AI","floor":32.0,"key":"SMITH"},{"data":"Fission","floor":41.0,"key":"SMITH"},{"data":"Biased Cognition","floor":46.0,"key":"SMITH"},{"data":"Skim","floor":49.0,"key":"SMITH"}],"circlet_count":0,"master_deck":["Defend_B","Zap+1","Dualcast+1","Ball Lightning","Electrodynamics+1","Mirror Shield+1","BasicCrystalCard+1","Creative AI+1","Biased Cognition+1","Consume+1","Fission+1","Skim+1"],"relics":["Cracked Core","MealTicket","CeramicFish","ReplayTheSpireMod:Lightbulb","Divine Protection","Replay:Grab Bag","Sozu","Painkiller Herb","Replay:Drink Me","Red Mask","Replay:Bandana","Regal Pillow","StrikeDummy","Snecko Eye","DataDisk","White Beast Statue","ClockworkSouvenir"],"acts_visited":["Exordium","TheCity","TheBeyond"],"potions_floor_usage":[],"damage_taken":[{"damage":0.0,"enemies":"Cultist","floor":1.0,"turns":4.0},{"damage":1.0,"enemies":"Jaw Worm","floor":3.0,"turns":4.0},{"damage":0.0,"enemies":"Small Slimes","floor":4.0,"turns":3.0},{"damage":14.0,"enemies":"Gremlin Nob","floor":6.0,"turns":3.0},{"damage":6.0,"enemies":"2 Fungi Beasts","floor":11.0,"turns":2.0},{"damage":2.0,"enemies":"Blue Slaver","floor":14.0,"turns":2.0},{"damage":17.0,"enemies":"Hexaghost","floor":16.0,"turns":9.0},{"damage":3.0,"enemies":"2 Thieves","floor":18.0,"turns":2.0},{"damage":0.0,"enemies":"Spheric Guardian","floor":20.0,"turns":3.0},{"damage":0.0,"enemies":"Snake Plant","floor":21.0,"turns":2.0},{"damage":0.0,"enemies":"Masked Bandits","floor":22.0,"turns":1.0},{"damage":0.0,"enemies":"Gremlin Leader","floor":25.0,"turns":4.0},{"damage":0.0,"enemies":"Shelled Parasite and Fungi","floor":27.0,"turns":2.0},{"damage":6.0,"enemies":"Slavers","floor":29.0,"turns":2.0},{"damage":0.0,"enemies":"Snecko","floor":30.0,"turns":4.0},{"damage":0.0,"enemies":"Chosen and Byrds","floor":31.0,"turns":3.0},{"damage":11.0,"enemies":"Pondfish","floor":33.0,"turns":13.0},{"damage":0.0,"enemies":"3 Shapes","floor":35.0,"turns":2.0},{"damage":0.0,"enemies":"3 Darklings","floor":37.0,"turns":2.0},{"damage":0.0,"enemies":"Spire Growth","floor":38.0,"turns":3.0},{"damage":0.0,"enemies":"Jaw Worm Horde","floor":39.0,"turns":2.0},{"damage":0.0,"enemies":"Giant Head","floor":40.0,"turns":9.0},{"damage":0.0,"enemies":"4 Shapes","floor":42.0,"turns":1.0},{"damage":0.0,"enemies":"Sphere and 2 Shapes","floor":45.0,"turns":2.0},{"damage":0.0,"enemies":"Transient","floor":47.0,"turns":5.0},{"damage":0.0,"enemies":"Maw","floor":48.0,"turns":4.0},{"damage":28,"enemies":"Time Eater","floor":50,"turns":9}],"seed_played":"-6922035602083334169","potions_obtained":[{"floor":3.0,"key":"Explosive Potion"},{"floor":4.0,"key":"Dexterity Potion"},{"floor":14.0,"key":"GamblersBrew"},{"floor":16.0,"key":"Weak Potion"}],"is_trial":false,"path_per_floor":["M","T","M","M","T","E","R","$","T","R","M","?","R","M","R","B",null,"?","?","?","?","?","T","T","E","T","?","T","E","?","?","T","B",null,"?","?","?","?","?","E","T","?","T","T","?","T","?","?","T","B",null],"character_chosen":"DEFECT","items_purchased":["Electrodynamics","ClockworkSouvenir"],"campfire_rested":0,"item_purchase_floors":[8,44],"current_hp_per_floor":[75,75,74,74,74,60,60,75,75,75,69,69,69,67,67,50,57,54,54,54,54,54,54,57,57,57,57,57,51,51,51,51,40,57,57,57,57,57,57,57,57,57,57,57,57,57,57,57,57,29],"gold":465,"neow_bonus":"REMOVE_CARD","is_daily":false,"chose_seed":false,"campfire_upgraded":9,"win_rate":0.0,"timestamp":1612043082,"path_taken":["M","?","M","M","?","E","R","$","T","R","M","?","R","M","R","BOSS","?","?","?","?","?","T","T","E","T","?","T","E","?","?","T","BOSS","?","?","?","?","?","E","T","?","T","T","?","T","?","?","T","BOSS"],"items_purchased_type":["Card","Relic"],"build_version":"2020-12-22","purchased_purges":3,"victory":true,"max_hp_per_floor":[75,75,75,75,75,75,75,75,75,75,75,75,75,75,75,75,57,57,57,57,57,57,57,57,57,57,57,57,57,57,57,57,57,57,57,57,57,57,57,57,57,57,57,57,57,57,57,57,57,57],"card_choices":[{"not_picked":["Rebound","Reprogram","Undo"],"picked":"SKIP","floor":1.0},{"not_picked":["Coolheaded","Panic Button"],"picked":"Ball Lightning","floor":3.0},{"not_picked":["Ball Lightning","Streamline","Rebound"],"picked":"SKIP","floor":4.0},{"not_picked":["Stack","Steam","Panic Button"],"picked":"SKIP","floor":6.0},{"not_picked":["Ball Lightning","Rebound","FTL"],"picked":"SKIP","floor":11.0},{"not_picked":["ReplayGash","Storm","Auto Shields"],"picked":"SKIP","floor":14.0},{"not_picked":["Buffer","Multi-Cast"],"picked":"Mirror Shield","floor":16.0},{"not_picked":["Go for the Eyes","Sweeping Beam"],"picked":"FTL+1","floor":18.0},{"not_picked":["Heatsinks","Sweeping Beam","Tempest"],"picked":"SKIP","floor":20.0},{"not_picked":["ReplayGash","Panic Button","Barrage"],"picked":"SKIP","floor":21.0},{"not_picked":["Sunder+1","Rebound"],"picked":"BasicCrystalCard","floor":22.0},{"not_picked":["Coolheaded+1","ReplayTheSpireMod:Omega Cannon","White Noise"],"picked":"SKIP","floor":25.0},{"not_picked":["Panic Button","ReplayTheSpireMod:Repulse","Sweeping Beam"],"picked":"SKIP","floor":27.0},{"not_picked":["Rebound","Streamline"],"picked":"Creative AI","floor":29.0},{"not_picked":["BasicCrystalCard","Rip and Tear","Rebound"],"picked":"SKIP","floor":30.0},{"not_picked":["Double Energy","BasicCrystalCard","ReplayTheSpireMod:Repulse+1"],"picked":"SKIP","floor":31.0},{"not_picked":["Multi-Cast","Buffer"],"picked":"Biased Cognition","floor":33.0},{"not_picked":["Hello World","Beam Cell+1","Steam"],"picked":"SKIP","floor":35.0},{"not_picked":["Stack","Defragment"],"picked":"Consume+1","floor":37.0},{"not_picked":["Reinforced Body","Ball Lightning"],"picked":"Fission","floor":38.0},{"not_picked":["Cold Snap","Ball Lightning","Coolheaded+1"],"picked":"SKIP","floor":39.0},{"not_picked":["Blizzard+1","Barrage","Time Bomb"],"picked":"SKIP","floor":40.0},{"not_picked":["BasicCrystalCard+1","Panic Button","Force Field"],"picked":"SKIP","floor":42.0},{"not_picked":["Panic Button","Redo+1","Self Repair"],"picked":"SKIP","floor":45.0},{"not_picked":["Steam","Undo","Steam Power"],"picked":"SKIP","floor":47.0},{"not_picked":["Streamline","Barrage"],"picked":"Skim","floor":48.0}],"player_experience":777654,"relics_obtained":[{"floor":5.0,"key":"MealTicket"},{"floor":6.0,"key":"CeramicFish"},{"floor":9.0,"key":"ReplayTheSpireMod:Lightbulb"},{"floor":15.0,"key":"Divine Protection"},{"floor":22.0,"key":"Red Mask"},{"floor":25.0,"key":"Replay:Bandana"},{"floor":26.0,"key":"Regal Pillow"},{"floor":29.0,"key":"StrikeDummy"},{"floor":40.0,"key":"DataDisk"},{"floor":43.0,"key":"White Beast Statue"}],"event_choices":[{"damage_healed":0.0,"max_hp_gain":0.0,"max_hp_loss":0.0,"gold_gain":0.0,"event_name":"Liars Game","player_choice":"Ignored","floor":12.0,"gold_loss":0.0,"damage_taken":0.0},{"damage_healed":0.0,"max_hp_gain":0.0,"max_hp_loss":0.0,"gold_gain":0.0,"event_name":"Cursed Tome","player_choice":"Ignored","floor":19.0,"gold_loss":0.0,"damage_taken":0.0},{"damage_healed":0.0,"max_hp_gain":0.0,"max_hp_loss":0.0,"gold_gain":0.0,"event_name":"Masked Bandits","player_choice":"Fought Bandits","floor":22.0,"gold_loss":0.0,"damage_taken":0.0},{"cards_removed":["FTL"],"damage_healed":0.0,"max_hp_gain":0.0,"max_hp_loss":0.0,"gold_gain":0.0,"event_name":"Purifier","player_choice":"Purged","floor":36.0,"gold_loss":0.0,"damage_taken":0.0}],"is_beta":false,"boss_relics":[{"not_picked":["Calling Bell","Tiny House"],"picked":"Replay:Grab Bag"},{"not_picked":["Replay:Wanted Poster","Fusion Hammer"],"picked":"Sozu"},{"not_picked":["Busted Crown","Velvet Choker"],"picked":"Painkiller Herb"},{"not_picked":["Nuclear Battery","Inserter"],"picked":"Replay:Drink Me"},{"not_picked":["Replay:Ancient Bell","Black Star"],"picked":"Snecko Eye"}],"items_purged_floors":[8,24,44],"is_endless":false,"potions_floor_spawned":[3,4,14,16,20,25,29,33,37,39,40,45,47,48],"ascension_level":0}}