{"host":"v0mw6c8s9jqyt2m0","time":1612035960,"event":{"mods":["Astrologer","BaseMod","Hermit","Marisa????????","Minty Spire (QoL Compilation)","StSLib","The Bug Knight","The Cursed","The Disciple","The Gatherer","The Hierophant","The Mystic","The Necromancer","The Servant 0.9.4","TheBandit"],"gold_per_floor":[117,27,27,52,127,127,127,168,194,235,410,429,447,460,460,580,580,600,600,600,600],"floor_reached":19,"language":"ENG","playtime":2479,"items_purged":[],"score":227,"play_id":"98df77eb-b2a0-4ffc-ad3b-2be9aee747c8","local_time":"20210130204600","is_ascension_mode":false,"campfire_choices":[{"data":"wariomod:BoomBoom","floor":6,"key":"SMITH"},{"floor":15,"key":"REST"}],"circlet_count":0,"master_deck":["wariomod:Strike","wariomod:Strike","wariomod:Strike","wariomod:Strike","wariomod:Defend","wariomod:Defend","wariomod:Defend","wariomod:Defend","wariomod:Step","wariomod:Leap","wariomod:OctoJump","wariomod:SilenceBombs","wariomod:BoomBoom+1","wariomod:SmackSlam","wariomod:SilenceBombs","wariomod:SilenceBombs","wariomod:Smackflip","wariomod:Bombshield","wariomod:Hopshield","wariomod:SimpleShield","wariomod:FabulousPrizes","wariomod:SilenceBombs"],"relics":["wariomod:TheHat","NeowsBlessing","Golden Idol","Dream Catcher","Ancient Tea Set","Omamori","Runic Dome"],"acts_visited":["Exordium","TheCity"],"potions_floor_usage":[13,13,14,16,16],"damage_taken":[{"damage":0,"enemies":"Jaw Worm","floor":1,"turns":1},{"damage":0,"enemies":"2 Louse","floor":4,"turns":1},{"damage":0,"enemies":"Lagavulin","floor":8,"turns":1},{"damage":21,"enemies":"HollowMod:MossKnight","floor":10,"turns":8},{"damage":5,"enemies":"Cultist","floor":12,"turns":4},{"damage":13,"enemies":"3 Louse","floor":13,"turns":3},{"damage":0,"enemies":"Large Slime","floor":14,"turns":5},{"damage":23,"enemies":"Slime Boss","floor":16,"turns":6},{"damage":5,"enemies":"Chosen","floor":18,"turns":6},{"damage":30,"enemies":"Spheric Guardian","floor":19,"turns":6}],"seed_played":"3674515012765113069","potions_obtained":[{"floor":1,"key":"EntropicBrew"},{"floor":10,"key":"Strength Potion"},{"floor":13,"key":"PowerPotion"}],"is_trial":false,"path_per_floor":["M","$","?","M","?","R","T","E","T","E","?","M","M","M","R","B",null,"M","M"],"character_chosen":"THE_BANDIT","items_purchased":["wariomod:SilenceBombs","wariomod:BoomBoom"],"campfire_rested":1,"item_purchase_floors":[2,2],"current_hp_per_floor":[80,80,60,60,49,49,49,49,49,28,28,23,10,10,34,11,80,75,45,45,45],"gold":600,"neow_bonus":"THREE_ENEMY_KILL","is_daily":false,"chose_seed":false,"campfire_upgraded":1,"win_rate":0.0,"timestamp":1612035960,"path_taken":["M","$","?","M","?","R","?","E","T","E","?","M","M","M","R","BOSS","M","M"],"items_purchased_type":["Card","Card"],"build_version":"2020-12-22","purchased_purges":0,"victory":false,"max_hp_per_floor":[80,80,80,80,80,80,80,80,80,80,80,80,80,80,80,80,80,80,80,80,80],"card_choices":[{"not_picked":["wariomod:HastyRush","wariomod:BlastDash"],"picked":"wariomod:OctoJump","floor":1},{"not_picked":["wariomod:Purify","wariomod:Game"],"picked":"wariomod:SmackSlam","floor":4},{"not_picked":["wariomod:SpikeSlash","wariomod:Boomsmack"],"picked":"wariomod:SilenceBombs","floor":8},{"not_picked":["wariomod:SimpleShield","wariomod:SmallSprint"],"picked":"wariomod:SilenceBombs","floor":10},{"not_picked":["wariomod:SmackSlam","wariomod:Game"],"picked":"wariomod:Smackflip","floor":12},{"not_picked":["wariomod:TheGrandJourney","wariomod:AwfulLook"],"picked":"wariomod:Bombshield","floor":13},{"not_picked":["wariomod:NullJump","wariomod:FabulousPrizes"],"picked":"wariomod:Hopshield","floor":14},{"not_picked":["wariomod:BodyBlock","wariomod:NullJump"],"picked":"wariomod:SimpleShield","floor":15},{"not_picked":["wariomod:SpacialMastery","wariomod:MassiveParty"],"picked":"wariomod:FabulousPrizes","floor":16},{"not_picked":["wariomod:DanceDash","wariomod:SmallSprint"],"picked":"wariomod:SilenceBombs","floor":18}],"player_experience":133676,"relics_obtained":[{"floor":8,"key":"Dream Catcher"},{"floor":9,"key":"Ancient Tea Set"},{"floor":10,"key":"Omamori"}],"event_choices":[{"damage_healed":0,"gold_gain":0,"player_choice":"Take Damage","damage_taken":20,"relics_obtained":["Golden Idol"],"max_hp_gain":0,"max_hp_loss":0,"event_name":"Golden Idol","floor":3,"gold_loss":0},{"damage_healed":0,"gold_gain":75,"player_choice":"Gather Gold","damage_taken":11,"max_hp_gain":0,"max_hp_loss":0,"event_name":"World of Goop","floor":5,"gold_loss":0},{"damage_healed":0,"gold_gain":175,"player_choice":"AGREE","damage_taken":0,"max_hp_gain":0,"max_hp_loss":0,"event_name":"Liars Game","floor":11,"gold_loss":0,"cards_obtained":["Doubt"]}],"is_beta":false,"boss_relics":[{"not_picked":["Velvet Choker","Empty Cage"],"picked":"Runic Dome"}],"items_purged_floors":[],"is_endless":false,"potions_floor_spawned":[1,10,13],"killed_by":"Spheric Guardian","ascension_level":0}}