{"host":"sc0o2qwpf9j16a4i","time":1612011391,"event":{"mods":["AchievementEnabler","BaseMod","BetterRewards","Block Reminder","Colored Map","Colored Powertips","Custom Start","Highlight Path","Minty Spire (QoL Compilation)","Relic Stats"],"gold_per_floor":[119,22,22,197,210,237,237,237,237],"floor_reached":8,"language":"ENG","playtime":240,"items_purged":[],"score":54,"play_id":"ccc06ab4-d77a-4a30-bb70-b023673c7a5e","local_time":"20210130145631","daily_mods":["Allstar","Vintage","Binary"],"is_ascension_mode":false,"campfire_choices":[{"floor":7,"key":"REST"}],"circlet_count":0,"master_deck":["Strike_G","Strike_G","Strike_G","Strike_G","Strike_G","Defend_G","Defend_G","Defend_G","Defend_G","Defend_G","Survivor","Neutralize","Impatience","Impatience","Secret Technique","Thinking Ahead","Jack Of All Trades","Well Laid Plans","Sucker Punch","Doubt","Skewer"],"relics":["Ring of the Snake","Juzu Bracelet","Blue Candle","Akabeko","Oddly Smooth Stone"],"acts_visited":["Exordium"],"potions_floor_usage":[8],"damage_taken":[{"damage":0,"enemies":"2 Louse","floor":1,"turns":3},{"damage":1,"enemies":"Cultist","floor":5,"turns":4},{"damage":24,"enemies":"Gremlin Nob","floor":6,"turns":6},{"damage":2,"enemies":"Lagavulin","floor":8,"turns":7}],"seed_played":"-696816880343274466","potions_obtained":[{"floor":1,"key":"DuplicationPotion"}],"is_trial":true,"path_per_floor":["M","$","?","?","M","E","R","E"],"character_chosen":"THE_SILENT","items_purchased":["Well Laid Plans","Sucker Punch"],"campfire_rested":1,"item_purchase_floors":[2,2],"current_hp_per_floor":[70,70,63,63,62,38,59,57,57],"gold":237,"neow_bonus":"","is_daily":false,"chose_seed":false,"campfire_upgraded":0,"win_rate":0.0,"timestamp":1612011391,"path_taken":["M","?","?","?","M","E","R","E"],"items_purchased_type":["Card","Card"],"build_version":"2020-12-22","purchased_purges":0,"victory":false,"max_hp_per_floor":[70,70,70,70,70,70,70,70,70],"relic_stats":{"counters":[4,20],"Blue Candle":[3],"Juzu Bracelet":0,"obtain_stats":[{"Blue Candle":3,"Oddly Smooth Stone":6,"Juzu Bracelet":1,"Akabeko":5,"Ring of the Snake":0},{"Blue Candle":1,"Oddly Smooth Stone":3,"Juzu Bracelet":1,"Akabeko":2,"Ring of the Snake":0},{"Blue Candle":3,"Oddly Smooth Stone":13,"Juzu Bracelet":3,"Akabeko":7,"Ring of the Snake":0}],"Ring of the Snake":[8]},"card_choices":[{"not_picked":["Heel Hook"],"picked":"Skewer","floor":6}],"player_experience":1085529,"relics_obtained":[{"floor":1,"key":"Juzu Bracelet"},{"floor":5,"key":"Akabeko"},{"floor":6,"key":"Oddly Smooth Stone"}],"event_choices":[{"damage_healed":0,"gold_gain":0,"player_choice":"Success","damage_taken":7,"relics_obtained":["Blue Candle"],"max_hp_gain":0,"max_hp_loss":0,"event_name":"Scrap Ooze","floor":3,"gold_loss":0},{"damage_healed":0,"gold_gain":175,"player_choice":"AGREE","damage_taken":0,"max_hp_gain":0,"max_hp_loss":0,"event_name":"Liars Game","floor":4,"gold_loss":0,"cards_obtained":["Doubt"]}],"is_beta":false,"boss_relics":[],"items_purged_floors":[],"is_endless":false,"potions_floor_spawned":[1],"killed_by":"Lagavulin","ascension_level":0}}