{"host":"815dqs41i1y8uxms","time":1612019387,"event":{"mods":["A Penny For Your Troubles","Act Like it!","BaseMod","Dark Map","Elementarium","Fox Events","Minty Spire (QoL Compilation)","Rare Cards Sparkle","Shop Mod","Spire Arcade","StSLib"],"gold_per_floor":[20,33,33,49,69,110,110,141,214,214,233,233,252,277,277,277,277],"floor_reached":16,"language":"ENG","playtime":958,"items_purged":[],"score":114,"play_id":"21d60f4c-3f1d-4a1f-abe2-e226d2057b4a","local_time":"20210130160947","is_ascension_mode":false,"campfire_choices":[{"data":"Uppercut","floor":7,"key":"SMITH"},{"data":"Injury","floor":12,"key":"PURGE"},{"floor":15,"key":"REST"}],"circlet_count":0,"master_deck":["Strike_R","Strike_R","Strike_R","Strike_R","Strike_R","Defend_R","Defend_R","Defend_R","Defend_R","Bash","Pommel Strike","Uppercut+1","Second Wind","Sever Soul","Bludgeon","Armaments+1","Warcry","Body Slam","Shrug It Off"],"relics":["Burning Blood","Dead Branch","Golden Idol","Tiny Chest","Peace Pipe"],"acts_visited":["Exordium"],"potions_floor_usage":[6,8,14,16],"damage_taken":[{"damage":1,"enemies":"Cultist","floor":1,"turns":4},{"damage":2,"enemies":"2 Louse","floor":2,"turns":3},{"damage":6,"enemies":"Jaw Worm","floor":4,"turns":4},{"damage":12,"enemies":"Blue Slaver","floor":5,"turns":3},{"damage":33,"enemies":"3 Sentries","floor":6,"turns":7},{"damage":7,"enemies":"Gremlin Nob","floor":8,"turns":4},{"damage":7,"enemies":"Looter","floor":11,"turns":2},{"damage":6,"enemies":"Exordium Wildlife","floor":13,"turns":3},{"damage":17,"enemies":"Large Slime","floor":14,"turns":6},{"damage":60,"enemies":"Hexaghost","floor":16,"turns":13}],"seed_played":"4842333693061871142","potions_obtained":[{"floor":2,"key":"SpeedPotion"},{"floor":5,"key":"DistilledChaos"},{"floor":6,"key":"AttackPotion"},{"floor":11,"key":"Block Potion"},{"floor":13,"key":"BlessingOfTheForge"}],"is_trial":false,"path_per_floor":["M","M","?","M","M","E","R","E","T","?","M","R","M","M","R","B"],"character_chosen":"IRONCLAD","items_purchased":[],"campfire_rested":1,"item_purchase_floors":[],"current_hp_per_floor":[80,80,80,80,74,47,47,46,46,46,45,45,45,34,58,0,0],"gold":277,"neow_bonus":"ONE_RARE_RELIC","is_daily":false,"chose_seed":false,"campfire_upgraded":1,"win_rate":0.0,"timestamp":1612019387,"path_taken":["M","M","?","M","M","E","R","E","T","?","M","R","?","M","R","BOSS"],"items_purchased_type":[],"build_version":"2020-12-22","purchased_purges":0,"victory":false,"max_hp_per_floor":[80,80,80,80,80,80,80,80,80,80,80,80,80,80,80,80,80],"card_choices":[{"not_picked":["Cleave","Clothesline"],"picked":"Pommel Strike","floor":1},{"not_picked":["Anger","Hemokinesis"],"picked":"Uppercut","floor":2},{"not_picked":["Cleave","Flex"],"picked":"Second Wind","floor":4},{"not_picked":["Hemokinesis","Clothesline"],"picked":"Sever Soul","floor":5},{"not_picked":["Headbutt","Warcry"],"picked":"Bludgeon","floor":6},{"not_picked":["Wild Strike","Clash"],"picked":"Armaments","floor":8},{"not_picked":["Heavy Blade","Twin Strike"],"picked":"Warcry","floor":11},{"not_picked":["Clash","Perfected Strike"],"picked":"Body Slam","floor":13},{"not_picked":["Bloodletting","Uppercut"],"picked":"Shrug It Off","floor":14}],"player_experience":3700942,"relics_obtained":[{"floor":6,"key":"Tiny Chest"},{"floor":8,"key":"Peace Pipe"}],"event_choices":[{"damage_healed":0,"gold_gain":0,"player_choice":"Take Wound","damage_taken":0,"relics_obtained":["Golden Idol"],"max_hp_gain":0,"max_hp_loss":0,"event_name":"Golden Idol","floor":3,"gold_loss":0,"cards_obtained":["Injury"]},{"damage_healed":0,"gold_gain":0,"player_choice":"Upgraded","damage_taken":0,"max_hp_gain":0,"max_hp_loss":0,"event_name":"Upgrade Shrine","floor":10,"gold_loss":0,"cards_upgraded":["Armaments"]}],"is_beta":false,"boss_relics":[],"items_purged_floors":[],"is_endless":false,"potions_floor_spawned":[2,5,6,11,13],"killed_by":"Hexaghost","ascension_level":0}}