{"host":"4pckc3u5mqcilakq","time":1612033567,"event":{"mods":["AchievementEnabler","BaseMod","Colored Map","Colored Powertips","Highlight Path","Minty Spire (QoL Compilation)"],"gold_per_floor":[110,185,202,56,56,88,88,118,118,42,67,67,102,128,128,233,233,245,245,6,6,6,60,60,110,137,198,268,324,324,324,324,427,427,439,439,514,530,530,530,564,564,587,613,337,362,362,382,382,382,382,382,8,41,41,41],"floor_reached":55,"language":"ENG","playtime":2671,"items_purged":["Writhe","Vigilance","CarveReality+1"],"score":1335,"play_id":"c71aa5d5-d4d0-4a6b-8bbd-f44bd82ad397","local_time":"20210130220607","is_ascension_mode":true,"campfire_choices":[{"data":"Eruption","floor":7.0,"key":"SMITH"},{"floor":12.0,"key":"REST"},{"data":"ThirdEye","floor":15.0,"key":"SMITH"},{"floor":24.0,"key":"RECALL"},{"data":"Strike_P+1","floor":30.0,"key":"PURGE"},{"data":"Strike_P+1","floor":32.0,"key":"PURGE"},{"data":"HandOfGreed+1","floor":40.0,"key":"PURGE"},{"data":"Sanctity","floor":47.0,"key":"SMITH"},{"floor":49.0,"key":"REST"},{"data":"Eruption+1","floor":52,"key":"PURGE"}],"circlet_count":0,"master_deck":["Defend_P+1","Defend_P+1","Sanctity+1","CutThroughFate+1","WheelKick+1","SashWhip+1","CutThroughFate+1","CurseOfTheBell","CutThroughFate+1","Study+1","Fasting2+1","RitualDagger+1","Blasphemy+1","Consecrate+1","CrushJoints+1","FearNoEvil+1","SashWhip+1","Perseverance+1"],"relics":["Busted Crown","HandDrill","Blood Vial","Vajra","Molten Egg 2","Boot","InkBottle","Odd Mushroom","Calling Bell","Orichalcum","Mummified Hand","Thread and Needle","PreservedInsect","Peace Pipe","Tiny Chest","Omamori","Astrolabe","Pocketwatch","Question Card","Mango","Toy Ornithopter","Pear","Strawberry","Whetstone","Lantern","Pen Nib"],"acts_visited":["Exordium","TheCity","TheBeyond","TheEnding"],"potions_floor_usage":[55,55],"damage_taken":[{"damage":0.0,"enemies":"Jaw Worm","floor":1.0,"turns":3.0},{"damage":0.0,"enemies":"Small Slimes","floor":3.0,"turns":3.0},{"damage":10.0,"enemies":"Gremlin Nob","floor":6.0,"turns":3.0},{"damage":33.0,"enemies":"3 Sentries","floor":8.0,"turns":9.0},{"damage":0.0,"enemies":"Gremlin Nob","floor":11.0,"turns":2.0},{"damage":5.0,"enemies":"3 Sentries","floor":13.0,"turns":6.0},{"damage":0.0,"enemies":"The Mushroom Lair","floor":14.0,"turns":2.0},{"damage":0.0,"enemies":"Slime Boss","floor":16.0,"turns":3.0},{"damage":0.0,"enemies":"Spheric Guardian","floor":18.0,"turns":2.0},{"damage":0.0,"enemies":"Gremlin Leader","floor":23.0,"turns":2.0},{"damage":1.0,"enemies":"Slavers","floor":25.0,"turns":2.0},{"damage":3.0,"enemies":"3 Byrds","floor":27.0,"turns":8.0},{"damage":0.0,"enemies":"3 Cultists","floor":28.0,"turns":3.0},{"damage":8.0,"enemies":"Gremlin Leader","floor":29.0,"turns":5.0},{"damage":32.0,"enemies":"Automaton","floor":33.0,"turns":8.0},{"damage":0.0,"enemies":"3 Darklings","floor":35.0,"turns":2.0},{"damage":0.0,"enemies":"Mind Bloom Boss Battle","floor":37.0,"turns":1.0},{"damage":0.0,"enemies":"Orb Walker","floor":38.0,"turns":2.0},{"damage":13.0,"enemies":"Nemesis","floor":41.0,"turns":3.0},{"damage":0.0,"enemies":"Reptomancer","floor":44.0,"turns":1.0},{"damage":16.0,"enemies":"Nemesis","floor":46.0,"turns":3.0},{"damage":6.0,"enemies":"Jaw Worm Horde","floor":48.0,"turns":3.0},{"damage":29,"enemies":"Time Eater","floor":50,"turns":5},{"damage":14,"enemies":"Shield and Spear","floor":54,"turns":3},{"damage":150,"enemies":"The Heart","floor":55,"turns":8}],"seed_played":"-8374280147210879936","potions_obtained":[{"floor":1.0,"key":"Fire Potion"},{"floor":6.0,"key":"Strength Potion"},{"floor":13.0,"key":"Regen Potion"},{"floor":14.0,"key":"Ambrosia"},{"floor":16.0,"key":"Energy Potion"},{"floor":29.0,"key":"StancePotion"},{"floor":37.0,"key":"StancePotion"},{"floor":41.0,"key":"EssenceOfSteel"}],"is_trial":false,"path_per_floor":["M","?","M","$","?","E","R","E","T","$","E","R","E","?","R","B",null,"M","?","$","?","?","E","R","E","T","M","M","E","R","?","R","B",null,"M","?","?","M","T","R","E","?","T","E","$","E","R","M","R","B",null,"R","$","E","B"],"character_chosen":"WATCHER","items_purchased":["HandDrill","CutThroughFate+1","Consecrate+1","HandOfGreed+1","SashWhip+1","Strawberry","FairyPotion","Lantern"],"campfire_rested":2,"item_purchase_floors":[4,10,10,20,45,45,53,53],"current_hp_per_floor":[65,54,54,54,47,37,37,6,6,6,8,29,26,28,28,30,62,64,64,64,51,51,53,53,54,54,53,55,49,49,43,43,13,61,63,63,65,67,67,67,70,70,70,82,89,75,75,71,103,76,100,100,100,88,0,0],"gold":41,"neow_bonus":"BOSS_RELIC","is_daily":false,"chose_seed":false,"campfire_upgraded":3,"win_rate":0.0,"timestamp":1612033567,"path_taken":["M","?","M","$","?","E","R","E","T","?","E","R","E","?","R","BOSS","M","?","$","?","?","E","R","E","T","M","M","E","R","?","R","BOSS","M","?","?","M","?","R","E","?","T","E","$","E","R","M","R","BOSS","R","$","E","BOSS"],"items_purchased_type":["Relic","Card","Card","Card","Card","Relic","Potion","Relic"],"build_version":"2020-12-22","purchased_purges":3,"victory":false,"max_hp_per_floor":[72,72,72,72,72,72,72,72,72,72,72,72,72,72,72,72,72,72,72,72,77,77,77,77,77,77,77,77,77,77,77,77,77,77,77,77,77,77,77,77,91,91,91,101,108,108,108,108,108,108,108,108,108,108,108,108],"card_choices":[{"not_picked":[],"picked":"Sanctity","floor":1.0},{"not_picked":["EmptyBody"],"picked":"SKIP","floor":3.0},{"not_picked":["JustLucky"],"picked":"SKIP","floor":6.0},{"not_picked":[],"picked":"ThirdEye","floor":8.0},{"not_picked":[],"picked":"WheelKick+1","floor":11.0},{"not_picked":[],"picked":"SashWhip+1","floor":13.0},{"not_picked":[],"picked":"CutThroughFate+1","floor":14.0},{"not_picked":[],"picked":"CutThroughFate+1","floor":18.0},{"not_picked":[],"picked":"Study+1","floor":23.0},{"not_picked":["CrushJoints+1"],"picked":"SKIP","floor":25.0},{"not_picked":[],"picked":"Fasting2+1","floor":27.0},{"not_picked":["Consecrate+1"],"picked":"SKIP","floor":28.0},{"not_picked":[],"picked":"CarveReality+1","floor":29.0},{"not_picked":["FlyingSleeves+1"],"picked":"SKIP","floor":35.0},{"not_picked":["Vengeance+1"],"picked":"SKIP","floor":38.0},{"not_picked":["Consecrate+1","Halt"],"picked":"SKIP","floor":41.0},{"not_picked":["Vengeance"],"picked":"FearNoEvil+1","floor":44.0},{"not_picked":["Brilliance+1","Omniscience"],"picked":"SKIP","floor":46.0},{"not_picked":["EmptyBody","EmptyFist+1"],"picked":"SKIP","floor":48.0},{"not_picked":["SashWhip+1"],"picked":"Perseverance+1","floor":54}],"player_experience":228164,"relics_obtained":[{"floor":6.0,"key":"Blood Vial"},{"floor":8.0,"key":"Vajra"},{"floor":9.0,"key":"Molten Egg 2"},{"floor":11.0,"key":"Boot"},{"floor":13.0,"key":"InkBottle"},{"floor":14.0,"key":"Odd Mushroom"},{"floor":17.0,"key":"Orichalcum"},{"floor":17.0,"key":"Mummified Hand"},{"floor":17.0,"key":"Thread and Needle"},{"floor":23.0,"key":"Peace Pipe"},{"floor":25.0,"key":"Tiny Chest"},{"floor":29.0,"key":"Omamori"},{"floor":37.0,"key":"Pocketwatch"},{"floor":39.0,"key":"Question Card"},{"floor":41.0,"key":"Mango"},{"floor":43.0,"key":"Toy Ornithopter"},{"floor":44.0,"key":"Pear"},{"floor":46.0,"key":"Whetstone"},{"floor":54,"key":"Pen Nib"}],"event_choices":[{"damage_healed":0.0,"max_hp_gain":0.0,"max_hp_loss":0.0,"gold_gain":75.0,"event_name":"World of Goop","player_choice":"Gather Gold","floor":2.0,"gold_loss":0.0,"damage_taken":11.0},{"cards_removed":["Defend_P"],"damage_healed":0.0,"max_hp_gain":0.0,"max_hp_loss":0.0,"gold_gain":0.0,"event_name":"Golden Wing","player_choice":"Card Removal","floor":5.0,"gold_loss":0.0,"damage_taken":7.0},{"damage_healed":0.0,"max_hp_gain":0.0,"max_hp_loss":0.0,"gold_gain":0.0,"event_name":"Mushrooms","player_choice":"Fought Mushrooms","floor":14.0,"gold_loss":0.0,"damage_taken":0.0},{"damage_healed":0.0,"max_hp_gain":0.0,"max_hp_loss":0.0,"gold_gain":0.0,"event_name":"The Mausoleum","player_choice":"Opened","floor":19.0,"gold_loss":0.0,"damage_taken":0.0,"relics_obtained":["PreservedInsect"],"cards_obtained":["Writhe"]},{"damage_healed":0.0,"max_hp_gain":5.0,"max_hp_loss":0.0,"gold_gain":0.0,"event_name":"Forgotten Altar","player_choice":"Shed Blood","floor":21.0,"gold_loss":0.0,"damage_taken":18.0},{"damage_healed":0.0,"max_hp_gain":0.0,"max_hp_loss":0.0,"gold_gain":0.0,"event_name":"Back to Basics","player_choice":"Simplicity","floor":22.0,"gold_loss":0.0,"damage_taken":0.0,"cards_upgraded":["Strike_P","Strike_P","Strike_P","Strike_P","Defend_P","Defend_P","Defend_P"]},{"damage_healed":0.0,"max_hp_gain":0.0,"max_hp_loss":0.0,"gold_gain":0.0,"event_name":"Nest","player_choice":"Joined the Cult","floor":31.0,"gold_loss":0.0,"damage_taken":6.0,"cards_obtained":["RitualDagger"]},{"cards_removed":["ThirdEye"],"damage_healed":0.0,"max_hp_gain":0.0,"max_hp_loss":0.0,"gold_gain":0.0,"event_name":"Falling","player_choice":"Removed Skill","floor":36.0,"gold_loss":0.0,"damage_taken":0.0},{"damage_healed":0.0,"max_hp_gain":0.0,"max_hp_loss":0.0,"gold_gain":0.0,"event_name":"MindBloom","player_choice":"Fight","floor":37.0,"gold_loss":0.0,"damage_taken":0.0},{"cards_removed":["Consecrate"],"damage_healed":0.0,"max_hp_gain":0.0,"max_hp_loss":0.0,"gold_gain":0.0,"event_name":"Purifier","player_choice":"Purged","floor":42.0,"gold_loss":0.0,"damage_taken":0.0}],"is_beta":false,"boss_relics":[{"not_picked":["VioletLotus","Philosopher\u0027s Stone"],"picked":"Calling Bell"},{"not_picked":["SacredBark","Tiny House"],"picked":"Astrolabe"}],"items_purged_floors":[20,45,53],"is_endless":false,"potions_floor_spawned":[1,6,13,14,16,18,29,37,41],"killed_by":"The Heart","ascension_level":6}}