{"host":"vyjryxuuuxkt43k4","time":1612012276,"event":{"mods":["AchievementEnabler","BaseMod","Colored Map","DeckTracker","Keyboard Shortcuts","Minty Spire (QoL Compilation)","Permanent Neow","Quick Restart","Rare Cards Sparkle","StSLib","SuperFastMode","everything is the same but u backflip on backflip"],"gold_per_floor":[113,38,51,51,66,100,100,115,194,211,211,246,258,283,295,406,418,441,453,479,491,503,515,558,588,600,612,624,669,681,707,719,826,838,870,892,904,926,938,950,988,1000,1037,1083,1107,1130,84,96,96,96,96],"floor_reached":50,"language":"KOR","playtime":4042,"items_purged":["Regret","Parasite"],"score":890,"play_id":"79762151-3dbd-4494-b683-b53928c5b00a","local_time":"20210130221116","is_ascension_mode":true,"campfire_choices":[{"data":"Apotheosis","floor":7.0,"key":"SMITH"},{"data":"Eruption","floor":11.0,"key":"SMITH"},{"floor":15.0,"key":"REST"},{"floor":23.0,"key":"RECALL"},{"floor":28.0,"key":"REST"},{"floor":32.0,"key":"REST"},{"floor":40.0,"key":"REST"},{"floor":49.0,"key":"REST"}],"circlet_count":0,"master_deck":["Strike_P","Strike_P","Strike_P","Defend_P","Defend_P","Defend_P","Eruption+1","Vigilance","Apotheosis+1","FollowUp","EmptyMind","EmptyFist","FlurryOfBlows","SignatureMove","Blasphemy","Scrawl","FlurryOfBlows+1","Ghostly","Ghostly","Ghostly","Ghostly","Ghostly","ClearTheMind","ClearTheMind+1","Crescendo+1","ReachHeaven","MentalFortress","Consecrate","Scrawl","FearNoEvil+1","Decay","Madness","Madness","SashWhip+1","Scrawl","Sanctity+1","Indignation","Collect+1","Panache","Panacea","Enlightenment"],"relics":["PureWater","TungstenRod","Akabeko","The Courier","MawBank","Fusion Hammer","FossilizedHelix","Ice Cream","Sundial","SacredBark","Molten Egg 2","Nunchaku","Calipers","Art of War","TeardropLocket"],"acts_visited":["Exordium","TheCity","TheBeyond"],"potions_floor_usage":[],"damage_taken":[{"damage":9.0,"enemies":"Small Slimes","floor":1.0,"turns":5.0},{"damage":4.0,"enemies":"2 Louse","floor":3.0,"turns":2.0},{"damage":3.0,"enemies":"Jaw Worm","floor":5.0,"turns":4.0},{"damage":4.0,"enemies":"3 Sentries","floor":6.0,"turns":6.0},{"damage":5.0,"enemies":"Looter","floor":8.0,"turns":2.0},{"damage":0.0,"enemies":"Large Slime","floor":10.0,"turns":1.0},{"damage":3.0,"enemies":"Lagavulin","floor":12.0,"turns":6.0},{"damage":11.0,"enemies":"Exordium Wildlife","floor":14.0,"turns":2.0},{"damage":26.0,"enemies":"The Guardian","floor":16.0,"turns":9.0},{"damage":4.0,"enemies":"2 Thieves","floor":18.0,"turns":3.0},{"damage":0.0,"enemies":"Spheric Guardian","floor":20.0,"turns":3.0},{"damage":0.0,"enemies":"Gremlin Leader","floor":24.0,"turns":3.0},{"damage":0.0,"enemies":"Snake Plant","floor":25.0,"turns":3.0},{"damage":6.0,"enemies":"Book of Stabbing","floor":29.0,"turns":4.0},{"damage":0.0,"enemies":"Centurion and Healer","floor":31.0,"turns":6.0},{"damage":14.0,"enemies":"Collector","floor":33.0,"turns":8.0},{"damage":0.0,"enemies":"Orb Walker","floor":35.0,"turns":4.0},{"damage":0.0,"enemies":"3 Shapes","floor":36.0,"turns":3.0},{"damage":8.0,"enemies":"3 Darklings","floor":38.0,"turns":3.0},{"damage":0.0,"enemies":"Reptomancer","floor":41.0,"turns":4.0},{"damage":4.0,"enemies":"Nemesis","floor":44.0,"turns":7.0},{"damage":1.0,"enemies":"Writhing Mass","floor":45.0,"turns":7.0},{"damage":16.0,"enemies":"Jaw Worm Horde","floor":46.0,"turns":3.0},{"damage":13.0,"enemies":"4 Shapes","floor":48.0,"turns":4.0},{"damage":50,"enemies":"Time Eater","floor":50,"turns":1}],"seed_played":"9203266465483582516","potions_obtained":[{"floor":5.0,"key":"Explosive Potion"},{"floor":12.0,"key":"LiquidBronze"},{"floor":14.0,"key":"FearPotion"},{"floor":16.0,"key":"SneckoOil"},{"floor":18.0,"key":"AttackPotion"},{"floor":25.0,"key":"EntropicBrew"},{"floor":41.0,"key":"ColorlessPotion"},{"floor":44.0,"key":"SneckoOil"},{"floor":45.0,"key":"Explosive Potion"},{"floor":46.0,"key":"Explosive Potion"},{"floor":48.0,"key":"DistilledChaos"}],"is_trial":false,"path_per_floor":["M","$","M","?","M","E","R","M","T","M","R","E","$","M","R","B",null,"M","?","M","?","$","R","E","M","T","?","R","E","?","M","R","B",null,"M","M","?","M","?","R","E","?","T","E","M","M","$","M","R","B"],"character_chosen":"WATCHER","items_purchased":["Calipers","Art of War","TeardropLocket","LiquidBronze","FearPotion","SpeedPotion","Panache","Panacea","Enlightenment"],"campfire_rested":5,"item_purchase_floors":[47,47,47,47,47,47,47,47,47],"current_hp_per_floor":[56,56,52,49,46,42,42,37,37,37,37,34,34,23,44,18,59,55,36,36,33,33,33,33,33,33,33,41,35,35,35,41,27,38,38,38,38,30,26,38,38,38,38,34,33,17,17,4,15,0,0],"gold":96,"neow_bonus":"RANDOM_COLORLESS_2","is_daily":false,"chose_seed":false,"campfire_upgraded":2,"win_rate":0.0,"timestamp":1612012276,"path_taken":["M","$","M","?","M","E","R","M","T","M","R","E","$","M","R","BOSS","M","?","M","?","$","R","E","?","T","?","R","E","?","?","R","BOSS","M","M","?","?","?","R","E","?","T","E","M","M","$","M","R","BOSS"],"items_purchased_type":["Relic","Relic","Relic","Potion","Potion","Potion","Card","Card","Card"],"build_version":"2020-12-22","purchased_purges":2,"victory":false,"max_hp_per_floor":[72,72,72,72,72,72,72,72,72,72,72,72,72,72,72,72,72,72,36,36,41,41,41,41,41,41,41,41,41,41,41,41,41,41,41,41,41,41,41,41,41,41,41,41,41,41,38,38,38,38,38],"card_choices":[{"not_picked":["Mayhem","Transmutation"],"picked":"Apotheosis","floor":0.0},{"not_picked":["JustLucky","SashWhip"],"picked":"FollowUp","floor":1.0},{"not_picked":["FlyingSleeves","Protect"],"picked":"EmptyMind","floor":3.0},{"not_picked":["EmptyBody","BattleHymn"],"picked":"EmptyFist","floor":5.0},{"not_picked":["WreathOfFlame","CutThroughFate"],"picked":"FlurryOfBlows","floor":6.0},{"not_picked":["DeceiveReality","PathToVictory","EmptyBody"],"picked":"SKIP","floor":8.0},{"not_picked":["ForeignInfluence","Prostrate"],"picked":"SignatureMove","floor":10.0},{"not_picked":["BowlingBash","Wireheading"],"picked":"Blasphemy","floor":12.0},{"not_picked":["Protect","SashWhip","Prostrate"],"picked":"SKIP","floor":14.0},{"not_picked":["ConjureBlade","Devotion"],"picked":"Scrawl","floor":16.0},{"not_picked":["Prostrate","CutThroughFate+1"],"picked":"FlurryOfBlows+1","floor":18.0},{"not_picked":["FollowUp","Protect"],"picked":"ClearTheMind","floor":20.0},{"not_picked":["LessonLearned","EmptyBody"],"picked":"ClearTheMind+1","floor":24.0},{"not_picked":["Weave","Conclude","ThirdEye"],"picked":"SKIP","floor":25.0},{"not_picked":["PathToVictory","SashWhip+1"],"picked":"Crescendo+1","floor":29.0},{"not_picked":["FlurryOfBlows","PathToVictory"],"picked":"Consecrate","floor":31.0},{"not_picked":["Wish","Establishment"],"picked":"Scrawl","floor":33.0},{"not_picked":["FlyingSleeves","Nirvana+1","EmptyFist"],"picked":"SKIP","floor":35.0},{"not_picked":["ThirdEye","Consecrate"],"picked":"FearNoEvil+1","floor":36.0},{"not_picked":["Protect+1","Wallop+1","CrushJoints"],"picked":"SKIP","floor":38.0},{"not_picked":["JustLucky+1","EmptyFist+1"],"picked":"SashWhip+1","floor":41.0},{"not_picked":["CrushJoints+1","Prostrate"],"picked":"Sanctity+1","floor":44.0},{"not_picked":["Sanctity+1","Vengeance+1"],"picked":"Indignation","floor":45.0},{"not_picked":["ThirdEye+1","LikeWater+1"],"picked":"Collect+1","floor":46.0},{"not_picked":["Consecrate+1","WaveOfTheHand+1","Meditate"],"picked":"SKIP","floor":48.0}],"player_experience":514966,"relics_obtained":[{"floor":6.0,"key":"Akabeko"},{"floor":9.0,"key":"The Courier"},{"floor":12.0,"key":"MawBank"},{"floor":24.0,"key":"FossilizedHelix"},{"floor":26.0,"key":"Ice Cream"},{"floor":29.0,"key":"Sundial"},{"floor":41.0,"key":"Molten Egg 2"},{"floor":44.0,"key":"Nunchaku"}],"event_choices":[{"damage_healed":0.0,"max_hp_gain":0.0,"max_hp_loss":0.0,"gold_gain":0.0,"event_name":"Scrap Ooze","player_choice":"Success","floor":4.0,"gold_loss":0.0,"damage_taken":3.0,"relics_obtained":["TungstenRod"]},{"damage_healed":0.0,"max_hp_gain":0.0,"max_hp_loss":36.0,"gold_gain":0.0,"event_name":"Ghosts","player_choice":"Became a Ghost","floor":19.0,"gold_loss":0.0,"damage_taken":0.0,"cards_obtained":["Ghostly","Ghostly","Ghostly","Ghostly","Ghostly"]},{"damage_healed":0.0,"max_hp_gain":5.0,"max_hp_loss":0.0,"gold_gain":0.0,"event_name":"Forgotten Altar","player_choice":"Shed Blood","floor":21.0,"gold_loss":0.0,"damage_taken":9.0},{"damage_healed":0.0,"max_hp_gain":0.0,"max_hp_loss":0.0,"gold_gain":0.0,"event_name":"The Mausoleum","player_choice":"Ignored","floor":27.0,"gold_loss":0.0,"damage_taken":0.0},{"damage_healed":0.0,"max_hp_gain":0.0,"max_hp_loss":0.0,"gold_gain":0.0,"cards_transformed":["Strike_P","Defend_P"],"event_name":"Drug Dealer","player_choice":"Became Test Subject","floor":30.0,"gold_loss":0.0,"damage_taken":0.0,"cards_obtained":["ReachHeaven","MentalFortress"]},{"damage_healed":0.0,"max_hp_gain":0.0,"max_hp_loss":0.0,"gold_gain":0.0,"event_name":"Wheel of Change","player_choice":"Cursed","floor":37.0,"gold_loss":0.0,"damage_taken":0.0,"cards_obtained":["Decay"]},{"damage_healed":0.0,"max_hp_gain":0.0,"max_hp_loss":0.0,"gold_gain":0.0,"event_name":"Winding Halls","player_choice":"Embrace Madness","floor":39.0,"gold_loss":0.0,"damage_taken":5.0,"cards_obtained":["Madness","Madness"]},{"damage_healed":0.0,"max_hp_gain":0.0,"max_hp_loss":0.0,"gold_gain":0.0,"event_name":"Duplicator","player_choice":"Copied","floor":42.0,"gold_loss":0.0,"damage_taken":0.0,"cards_obtained":["Scrawl"]}],"is_beta":false,"boss_relics":[{"not_picked":["Calling Bell","Pandora\u0027s Box"],"picked":"Fusion Hammer"},{"not_picked":["Velvet Choker","Snecko Eye"],"picked":"SacredBark"}],"items_purged_floors":[2,47],"is_endless":false,"potions_floor_spawned":[5,12,14,16,18,25,41,44,45,46,48],"killed_by":"Time Eater","ascension_level":6}}