{"host":"h3ybbam5olp21xet","time":1612043045,"event":{"mods":["BaseMod","Downfall","Hermit","Hubris","Infinite Spire","Minty Spire (QoL Compilation)","StSLib","The Bug Knight"],"gold_per_floor":[116,38,138,153,170,170,47,47,127,167,167,167,188,188,188,301,301,319,319,319],"floor_reached":19,"language":"ENG","playtime":889,"items_purged":["downfall:Haunted"],"score":165,"play_id":"4458ecb4-5e73-4881-90c8-6ba9521c2d38","local_time":"20210130154405","is_ascension_mode":false,"campfire_choices":[{"floor":6,"key":"REST"},{"floor":12,"key":"REST"},{"floor":15,"key":"REST"}],"circlet_count":0,"master_deck":["hermit:Strike_Hermit","hermit:Strike_Hermit","hermit:Strike_Hermit","hermit:Strike_Hermit","hermit:Defend_Hermit","hermit:Defend_Hermit","hermit:Defend_Hermit","hermit:Defend_Hermit","hermit:Snapshot","hermit:Covet+1","hermit:TrackingShot","hermit:Showdown+1","CurseOfTheBell","CurseOfTheBell","hermit:Purgatory","hubris:Greed","hermit:Misfire","hermit:Feint","hermit:Headshot","hermit:TakeAim","hermit:Desperado","hermit:RoundhouseKick","hermit:FullyLoaded"],"relics":["hermit:Momento","downfall:ExtraCursedBell","Boot","hubris:TinFlute","hermit:RedScarf","Matryoshka","The Courier","Pocketwatch","Empty Cage"],"acts_visited":["Exordium","TheCity"],"potions_floor_usage":[],"damage_taken":[{"damage":0,"enemies":"2 Louse","floor":1,"turns":3},{"damage":5,"enemies":"Small Slimes","floor":4,"turns":3},{"damage":31,"enemies":"Jaw Worm","floor":5,"turns":2},{"damage":31,"enemies":"Gremlin Nob","floor":10,"turns":3},{"damage":8,"enemies":"Large Slime","floor":13,"turns":5},{"damage":38,"enemies":"Slime Boss","floor":16,"turns":10},{"damage":47,"enemies":"Shell Parasite","floor":18,"turns":3},{"damage":40,"enemies":"Spheric Guardian","floor":19,"turns":4}],"seed_played":"2802421548954913327","potions_obtained":[{"floor":1,"key":"sneckomod:MuddlingPotion"},{"floor":13,"key":"champ:CounterPotion"},{"floor":18,"key":"GamblersBrew"}],"is_trial":false,"path_per_floor":["M","$","?","M","M","R","$","?","T","E","?","R","M","?","R","B",null,"M","M"],"character_chosen":"HERMIT","items_purchased":["hermit:Showdown","hermit:Headshot"],"campfire_rested":3,"item_purchase_floors":[2,7],"current_hp_per_floor":[82,82,87,82,51,77,77,60,60,29,11,37,29,29,55,17,87,40,0,0],"gold":319,"neow_bonus":"TEN_PERCENT_HP_BONUS","is_daily":false,"chose_seed":false,"campfire_upgraded":0,"win_rate":0.0,"timestamp":1612043045,"path_taken":["M","$","?","M","M","R","$","?","T","E","?","R","M","?","R","BOSS","M","M"],"items_purchased_type":["Card","Card"],"build_version":"2020-12-22","purchased_purges":1,"victory":false,"max_hp_per_floor":[82,82,87,87,87,87,87,87,87,87,87,87,87,87,87,87,87,87,87,87],"card_choices":[{"not_picked":["hermit:BodyArmor","hermit:HoleUp"],"picked":"hermit:TrackingShot","floor":1},{"not_picked":["hermit:Roulette","hermit:Maintenance"],"picked":"hermit:Misfire","floor":4},{"not_picked":["hermit:Maintenance","hermit:HoleUp"],"picked":"hermit:Feint","floor":5},{"not_picked":["hermit:FatalDesire","hermit:Manifest"],"picked":"hermit:TakeAim","floor":10},{"not_picked":["hermit:Coalescence","hermit:CalledShot"],"picked":"hermit:Desperado","floor":13},{"not_picked":["hermit:Dissolve","hermit:HighNoon"],"picked":"hermit:RoundhouseKick","floor":16},{"not_picked":["hermit:TrackingShot","hermit:NoHoldsBarred+1"],"picked":"hermit:FullyLoaded","floor":18}],"player_experience":603256,"relics_obtained":[{"floor":3,"key":"Boot"},{"floor":3,"key":"hubris:TinFlute"},{"floor":3,"key":"hermit:RedScarf"},{"floor":9,"key":"Matryoshka"},{"floor":10,"key":"The Courier"}],"event_choices":[{"damage_healed":0,"gold_gain":0,"player_choice":"Entered Light","damage_taken":17,"max_hp_gain":0,"max_hp_loss":0,"event_name":"Shining Light","floor":8,"gold_loss":0,"cards_upgraded":["hermit:Showdown","hermit:Covet"]},{"damage_healed":0,"gold_gain":0,"player_choice":"Success","damage_taken":18,"relics_obtained":["Pocketwatch"],"max_hp_gain":0,"max_hp_loss":0,"event_name":"Scrap Ooze","floor":11,"gold_loss":0},{"damage_healed":0,"gold_gain":0,"player_choice":"Ignored","damage_taken":0,"max_hp_gain":0,"max_hp_loss":0,"event_name":"NoteForYourself","floor":14,"gold_loss":0}],"is_beta":false,"boss_relics":[{"not_picked":["Runic Dome","hubris:GrandSneckoEye"],"picked":"Empty Cage"}],"items_purged_floors":[7],"is_endless":false,"potions_floor_spawned":[1,13,18],"killed_by":"Spheric Guardian","ascension_level":0}}