{"host":"q6ff4ns2kep02ti6","time":1612002612,"event":{"mods":["AchievementEnabler","BaseMod","Minty Spire (QoL Compilation)","Relic Stats","StSLib","Unceasing Turn Reminder"],"gold_per_floor":[110,124,124,124,124,149,149,174,174,189,189,203,21,36,36,109,109,119,149,164,183,183,212,223,256,283,294,47,47,59,88,88,88,88],"floor_reached":33,"language":"ENG","playtime":1976,"items_purged":["Defend_R"],"score":709,"play_id":"e5fc1488-fcc1-470b-93e2-0b1a36fbfa6a","local_time":"20210130113012","is_ascension_mode":true,"campfire_choices":[{"data":"Bash","floor":7,"key":"SMITH"},{"data":"Evolve","floor":11,"key":"SMITH"},{"data":"Cleave","floor":15,"key":"SMITH"},{"data":"Feed","floor":29,"key":"SMITH"},{"data":"Metamorphosis","floor":32,"key":"SMITH"}],"circlet_count":0,"master_deck":["AscendersBane","Strike_R+1","Strike_R","Strike_R","Strike_R","Strike_R","Defend_R","Defend_R","Defend_R+1","Bash+1","Cleave+1","Evolve+1","Anger","Shrug It Off","Wild Strike","Metamorphosis+1","Feed+1","Metallicize","Armaments+1","Disarm","Power Through","Brutality"],"relics":["Burning Blood","NeowsBlessing","Blue Candle","Potion Belt","Meat on the Bone","Happy Flower","Coffee Dripper","Red Mask","Boot","Du-Vu Doll","Orichalcum","Sling","PreservedInsect"],"acts_visited":["Exordium","TheCity"],"potions_floor_usage":[16,19,25,25,31,31],"damage_taken":[{"damage":0,"enemies":"2 Louse","floor":1,"turns":1},{"damage":0,"enemies":"Small Slimes","floor":2,"turns":1},{"damage":0,"enemies":"Gremlin Nob","floor":6,"turns":1},{"damage":32,"enemies":"Lagavulin","floor":8,"turns":7},{"damage":6,"enemies":"Cultist","floor":10,"turns":3},{"damage":6,"enemies":"Exordium Thugs","floor":12,"turns":4},{"damage":7,"enemies":"Large Slime","floor":14,"turns":5},{"damage":38,"enemies":"Slime Boss","floor":16,"turns":4},{"damage":16,"enemies":"3 Byrds","floor":18,"turns":5},{"damage":44,"enemies":"Masked Bandits","floor":19,"turns":5},{"damage":27,"enemies":"2 Thieves","floor":20,"turns":5},{"damage":15,"enemies":"Centurion and Healer","floor":21,"turns":5},{"damage":56,"enemies":"Book of Stabbing","floor":23,"turns":5},{"damage":47,"enemies":"Snake Plant","floor":24,"turns":5},{"damage":24,"enemies":"Gremlin Leader","floor":25,"turns":8},{"damage":29,"enemies":"Shelled Parasite and Fungi","floor":27,"turns":5},{"damage":22,"enemies":"Chosen and Byrds","floor":30,"turns":4},{"damage":23,"enemies":"Book of Stabbing","floor":31,"turns":5},{"damage":61,"enemies":"Collector","floor":33,"turns":5}],"seed_played":"8261228450305433235","potions_obtained":[{"floor":8,"key":"SteroidPotion"},{"floor":12,"key":"CultistPotion"},{"floor":14,"key":"BloodPotion"},{"floor":20,"key":"EssenceOfSteel"},{"floor":25,"key":"Swift Potion"},{"floor":30,"key":"ColorlessPotion"}],"is_trial":false,"path_per_floor":["M","M","?","?","?","E","R","E","T","M","R","M","$","M","R","B",null,"M","?","M","M","?","E","M","E","T","M","$","R","M","E","R","B"],"character_chosen":"IRONCLAD","items_purchased":["Metamorphosis","Sling"],"campfire_rested":0,"item_purchase_floors":[13,28],"current_hp_per_floor":[74,75,52,57,57,63,63,37,37,49,49,49,49,48,48,28,67,57,34,28,34,99,61,35,49,49,41,41,41,41,36,36,0,0],"gold":88,"neow_bonus":"THREE_ENEMY_KILL","is_daily":false,"chose_seed":false,"campfire_upgraded":5,"win_rate":0.0,"timestamp":1612002612,"path_taken":["M","M","?","?","?","E","R","E","T","M","R","M","$","?","R","BOSS","M","?","M","M","?","E","M","E","T","M","$","R","?","E","R","BOSS"],"items_purchased_type":["Card","Relic"],"build_version":"2020-12-22","purchased_purges":1,"victory":false,"max_hp_per_floor":[75,75,75,80,80,80,80,80,80,80,80,80,80,80,80,80,80,80,83,86,89,99,99,102,102,102,105,105,105,109,109,109,109,109],"relic_stats":{"Happy Flower":[24],"counters":[19,83],"Blue Candle":[0],"PreservedInsect":0,"Orichalcum":[36],"Boot":[9],"obtain_stats":[{"Potion Belt":6,"NeowsBlessing":0,"Happy Flower":9,"Blue Candle":5,"PreservedInsect":31,"Orichalcum":26,"Boot":23,"Sling":28,"Burning Blood":0,"Du-Vu Doll":25,"Coffee Dripper":17,"Red Mask":19,"Meat on the Bone":8},{"Potion Belt":3,"NeowsBlessing":0,"Happy Flower":4,"Blue Candle":2,"PreservedInsect":18,"Orichalcum":15,"Boot":13,"Sling":16,"Burning Blood":0,"Du-Vu Doll":15,"Coffee Dripper":8,"Red Mask":10,"Meat on the Bone":4},{"Potion Belt":3,"NeowsBlessing":0,"Happy Flower":10,"Blue Candle":2,"PreservedInsect":78,"Orichalcum":64,"Boot":51,"Sling":69,"Burning Blood":0,"Du-Vu Doll":64,"Coffee Dripper":26,"Red Mask":36,"Meat on the Bone":10}],"Burning Blood":103,"Meat on the Bone":132},"card_choices":[{"not_picked":["True Grit","Iron Wave"],"picked":"Havoc","floor":1},{"not_picked":["Pommel Strike","Bloodletting"],"picked":"Cleave","floor":2},{"not_picked":["Havoc","Seeing Red"],"picked":"Evolve","floor":6},{"not_picked":["True Grit","Thunderclap"],"picked":"Anger","floor":8},{"not_picked":["Dual Wield","Iron Wave"],"picked":"Shrug It Off","floor":10},{"not_picked":["Heavy Blade","Feel No Pain"],"picked":"Wild Strike","floor":12},{"not_picked":["Pommel Strike","Armaments"],"picked":"Limit Break","floor":14},{"not_picked":["Corruption","Offering"],"picked":"Feed","floor":16},{"not_picked":["Heavy Blade","Cleave"],"picked":"Metallicize","floor":18},{"not_picked":["Dual Wield","Ghostly Armor"],"picked":"Armaments+1","floor":19},{"not_picked":["Clothesline","Dark Embrace","Twin Strike"],"picked":"SKIP","floor":20},{"not_picked":["Perfected Strike","Bloodletting","Second Wind"],"picked":"SKIP","floor":21},{"not_picked":["Heavy Blade","Perfected Strike","Body Slam"],"picked":"SKIP","floor":23},{"not_picked":["Clothesline","Body Slam"],"picked":"Disarm","floor":24},{"not_picked":["Evolve+1","Perfected Strike","Second Wind"],"picked":"SKIP","floor":25},{"not_picked":["Body Slam","Ghostly Armor"],"picked":"Power Through","floor":27},{"not_picked":["Searing Blow","Dropkick"],"picked":"Brutality","floor":30},{"not_picked":["Sever Soul","Bloodletting","Hemokinesis"],"picked":"SKIP","floor":31}],"player_experience":1023070,"relics_obtained":[{"floor":6,"key":"Potion Belt"},{"floor":8,"key":"Meat on the Bone"},{"floor":9,"key":"Happy Flower"},{"floor":19,"key":"Red Mask"},{"floor":23,"key":"Boot"},{"floor":25,"key":"Du-Vu Doll"},{"floor":26,"key":"Orichalcum"},{"floor":31,"key":"PreservedInsect"}],"event_choices":[{"damage_healed":0,"gold_gain":0,"player_choice":"Entered Light","damage_taken":23,"max_hp_gain":0,"max_hp_loss":0,"event_name":"Shining Light","floor":3,"gold_loss":0,"cards_upgraded":["Strike_R","Defend_R"]},{"damage_healed":0,"gold_gain":0,"player_choice":"Donut","damage_taken":0,"max_hp_gain":5,"max_hp_loss":0,"event_name":"Big Fish","floor":4,"gold_loss":0},{"cards_removed":["Havoc"],"damage_healed":0,"gold_gain":0,"player_choice":"Gave Card","damage_taken":0,"relics_obtained":["Blue Candle"],"max_hp_gain":0,"max_hp_loss":0,"event_name":"WeMeetAgain","floor":5,"gold_loss":0},{"damage_healed":0,"gold_gain":0,"player_choice":"Fought Bandits","damage_taken":0,"max_hp_gain":0,"max_hp_loss":0,"event_name":"Masked Bandits","floor":19,"gold_loss":0},{"cards_removed":["Limit Break"],"damage_healed":55,"gold_gain":0,"player_choice":"Offered Rare","damage_taken":0,"max_hp_gain":10,"max_hp_loss":0,"event_name":"Bonfire Elementals","floor":22,"gold_loss":0}],"is_beta":false,"boss_relics":[{"not_picked":["Calling Bell","Mark of Pain"],"picked":"Coffee Dripper"}],"items_purged_floors":[28],"is_endless":false,"potions_floor_spawned":[8,12,14,20,25,30],"killed_by":"Collector","ascension_level":20}}