{"host":"x3xr1fzypq6qqz5s","time":1612017740,"event":{"mods":["BaseMod","Better Vampires","Colored Powertips","DeckTracker","Highlight Path","Minty Spire (QoL Compilation)","Quick Restart","Rare Cards Sparkle","Relic Stats"],"gold_per_floor":[114,132,149,160,160,191,191,191,191,206,206,131,144,160,160,160,160],"floor_reached":16,"language":"ZHS","playtime":548,"items_purged":["Defend_B"],"score":104,"play_id":"2a84d68a-c8ef-48fb-8794-082c4e5628b9","local_time":"20210130224220","is_ascension_mode":false,"campfire_choices":[{"data":"Fusion","floor":8.0,"key":"SMITH"},{"data":"Defragment","floor":11,"key":"SMITH"},{"floor":15,"key":"REST"}],"circlet_count":0,"master_deck":["Strike_B","Strike_B","Strike_B","Defend_B","Defend_B","Defend_B","Zap+1","Dualcast","Conserve Battery","Double Energy","Fusion+1","Auto Shields","Defragment+1","Genetic Algorithm"],"relics":["Cracked Core","Regal Pillow","Blue Candle"],"acts_visited":["Exordium"],"potions_floor_usage":[14,16],"damage_taken":[{"damage":0.0,"enemies":"Cultist","floor":1.0,"turns":3.0},{"damage":0.0,"enemies":"2 Louse","floor":2.0,"turns":3.0},{"damage":3.0,"enemies":"Small Slimes","floor":3.0,"turns":3.0},{"damage":2.0,"enemies":"Blue Slaver","floor":4.0,"turns":3.0},{"damage":28.0,"enemies":"Gremlin Nob","floor":6.0,"turns":5.0},{"damage":8,"enemies":"2 Fungi Beasts","floor":10,"turns":3},{"damage":6,"enemies":"3 Louse","floor":13,"turns":3},{"damage":8,"enemies":"Exordium Thugs","floor":14,"turns":4},{"damage":52,"enemies":"Slime Boss","floor":16,"turns":8}],"seed_played":"6126882092210540336","potions_obtained":[{"floor":4.0,"key":"Dexterity Potion"},{"floor":6.0,"key":"Explosive Potion"},{"floor":14,"key":"FocusPotion"}],"is_trial":false,"path_per_floor":["M","M","M","M","?","E","?","R","T","M","R","$","M","M","R","B"],"character_chosen":"DEFECT","items_purchased":[],"campfire_rested":1,"item_purchase_floors":[],"current_hp_per_floor":[75,75,72,70,63,35,35,35,35,27,27,27,21,13,50,0,0],"gold":160,"neow_bonus":"UPGRADE_CARD","is_daily":false,"chose_seed":false,"campfire_upgraded":2,"win_rate":0.0,"timestamp":1612017740,"path_taken":["M","?","M","M","?","E","?","R","T","M","R","?","M","M","R","BOSS"],"items_purchased_type":[],"build_version":"2020-12-22","purchased_purges":1,"victory":false,"max_hp_per_floor":[75,75,75,75,75,75,75,75,75,75,75,75,75,75,75,75,75],"relic_stats":{"Regal Pillow":15,"counters":[9,35],"Blue Candle":[0],"obtain_stats":[{"Regal Pillow":6,"Blue Candle":7,"Cracked Core":0},{"Regal Pillow":5,"Blue Candle":5,"Cracked Core":0},{"Regal Pillow":17,"Blue Candle":17,"Cracked Core":0}]},"card_choices":[{"not_picked":["Gash","Reprogram"],"picked":"Conserve Battery","floor":1.0},{"not_picked":["Gash","Hologram","Lockon"],"picked":"SKIP","floor":2.0},{"not_picked":["Static Discharge","Scrape"],"picked":"Double Energy","floor":3.0},{"not_picked":["Barrage","Chaos"],"picked":"Fusion","floor":4.0},{"not_picked":["Reprogram","Heatsinks"],"picked":"Auto Shields","floor":6.0},{"not_picked":["Genetic Algorithm","Redo"],"picked":"Defragment","floor":10},{"not_picked":["Leap","Conserve Battery"],"picked":"Genetic Algorithm","floor":13},{"not_picked":["Coolheaded","Glacier","Stack"],"picked":"SKIP","floor":14}],"player_experience":660770,"relics_obtained":[{"floor":6.0,"key":"Regal Pillow"}],"event_choices":[{"cards_removed":["Strike_B"],"damage_healed":0.0,"max_hp_gain":0.0,"max_hp_loss":0.0,"gold_gain":0.0,"event_name":"Golden Wing","player_choice":"Card Removal","floor":5.0,"gold_loss":0.0,"damage_taken":7.0},{"damage_healed":0.0,"max_hp_gain":0.0,"max_hp_loss":0.0,"gold_gain":0.0,"event_name":"Dead Adventurer","player_choice":"Searched \u00271\u0027 times","floor":7.0,"gold_loss":0.0,"damage_taken":0.0,"relics_obtained":["Blue Candle"]}],"is_beta":false,"boss_relics":[],"items_purged_floors":[12],"is_endless":false,"potions_floor_spawned":[4,6,14],"killed_by":"Slime Boss","ascension_level":0}}