{"host":"5jdby9iqu3ct6557","time":1612050397,"event":{"mods":["BaseMod","DeckTracker","Highlight Path","Minty Spire (QoL Compilation)","Relic Stats","StSLib"],"gold_per_floor":[216,230,230,250,0,0,29,29,55,55,55],"floor_reached":10,"language":"ENG","playtime":905,"items_purged":[],"score":132,"play_id":"26b95b88-5a87-43a0-8ad1-e21597100b2f","local_time":"20210130184637","is_ascension_mode":true,"campfire_choices":[{"data":"Eruption","floor":6,"key":"SMITH"},{"floor":8,"key":"REST"}],"circlet_count":0,"master_deck":["AscendersBane","Strike_P","Strike_P","Strike_P","Strike_P","Defend_P","Defend_P","Defend_P","Defend_P","Eruption+1","Vigilance","PathToVictory","FollowUp","CutThroughFate","Consecrate","EmptyBody","EmptyFist"],"relics":["PureWater","Blood Vial","Potion Belt","Toxic Egg 2","Smiling Mask"],"acts_visited":["Exordium"],"potions_floor_usage":[7,10,10],"damage_taken":[{"damage":9,"enemies":"Jaw Worm","floor":1,"turns":7},{"damage":6,"enemies":"Small Slimes","floor":2,"turns":6},{"damage":0,"enemies":"2 Louse","floor":4,"turns":3},{"damage":18,"enemies":"Lagavulin","floor":7,"turns":4},{"damage":41,"enemies":"3 Sentries","floor":10,"turns":8}],"seed_played":"6304994082175379212","potions_obtained":[{"floor":1,"key":"DuplicationPotion"},{"floor":2,"key":"Energy Potion"},{"floor":7,"key":"DuplicationPotion"}],"is_trial":false,"path_per_floor":["M","M","?","M","$","R","E","R","T","E"],"character_chosen":"WATCHER","items_purchased":["Potion Belt","Consecrate","EmptyBody"],"campfire_rested":1,"item_purchase_floors":[5,5,5],"current_hp_per_floor":[52,46,35,37,37,37,21,41,41,2,2],"gold":55,"neow_bonus":"HUNDRED_GOLD","is_daily":false,"chose_seed":false,"campfire_upgraded":1,"win_rate":0.0,"timestamp":1612050397,"path_taken":["M","M","?","M","$","R","E","R","T","E"],"items_purchased_type":["Relic","Card","Card"],"build_version":"2020-12-22","purchased_purges":0,"victory":false,"max_hp_per_floor":[68,68,68,68,68,68,68,68,68,68,68],"relic_stats":{"Blood Vial":6,"counters":[5,28],"Smiling Mask":0,"obtain_stats":[{"Blood Vial":3,"Potion Belt":5,"PureWater":0,"Toxic Egg 2":7,"Smiling Mask":9},{"Blood Vial":2,"Potion Belt":3,"PureWater":0,"Toxic Egg 2":4,"Smiling Mask":4},{"Blood Vial":13,"Potion Belt":16,"PureWater":0,"Toxic Egg 2":20,"Smiling Mask":20}]},"card_choices":[{"not_picked":["Pray","Swivel"],"picked":"PathToVictory","floor":1},{"not_picked":["PathToVictory","Crescendo"],"picked":"FollowUp","floor":2},{"not_picked":["Wireheading","ClearTheMind"],"picked":"CutThroughFate","floor":4},{"not_picked":["ReachHeaven","BattleHymn"],"picked":"EmptyFist","floor":7}],"player_experience":2449385,"relics_obtained":[{"floor":7,"key":"Toxic Egg 2"},{"floor":9,"key":"Smiling Mask"}],"event_choices":[{"damage_healed":0,"gold_gain":0,"player_choice":"Success","damage_taken":11,"relics_obtained":["Blood Vial"],"max_hp_gain":0,"max_hp_loss":0,"event_name":"Scrap Ooze","floor":3,"gold_loss":0}],"is_beta":false,"boss_relics":[],"items_purged_floors":[],"is_endless":false,"potions_floor_spawned":[1,2,7],"killed_by":"3 Sentries","ascension_level":20}}