{"host":"gobyjzz6xbwq9f9i","time":1612001254,"event":{"mods":["AchievementEnabler","BaseMod","Bestiary","Colored Map","Minty Spire (QoL Compilation)","Relic Stats"],"gold_per_floor":[113,129,129,147,170,205,228,228,252,252,267,301,319,319,319,440,440,463,481,495,495,510,510,554,554,622,647,647,667,698,718,718,849,849,872,893,240,263,287,327,327,327,403,426,461,479,479,191,191,191,191,191,35,76,76,76],"floor_reached":55,"language":"ENG","playtime":3737,"items_purged":["Strike_P","Defend_P","Strike_P"],"score":933,"play_id":"7e22a4a6-881a-4d85-98c9-a70de5d765ac","local_time":"20210130020734","is_ascension_mode":false,"campfire_choices":[{"data":"Eruption","floor":8,"key":"SMITH"},{"data":"CutThroughFate","floor":10,"key":"SMITH"},{"data":"CrushJoints","floor":15,"key":"SMITH"},{"floor":23,"key":"REST"},{"floor":32,"key":"REST"},{"floor":42,"key":"REST"},{"floor":47,"key":"RECALL"},{"floor":49,"key":"REST"},{"floor":52,"key":"REST"}],"circlet_count":0,"master_deck":["Strike_P+1","Strike_P+1","Defend_P","Defend_P","Defend_P+1","Eruption+1","Vigilance+1","Protect+1","CutThroughFate+1","WindmillStrike","CutThroughFate+1","Adaptation+1","FlurryOfBlows+1","Consecrate","CrushJoints+1","ThirdEye+1","LessonLearned","Wallop","Crescendo+1","Tantrum+1","WaveOfTheHand+1","FlurryOfBlows+1","Halt+1","Nirvana+1","BowlingBash","Halt+1","Scrawl","Halt+1","Meditate+1","Nirvana","Secret Weapon","EmptyFist","ClearTheMind","CrushJoints+1","Vengeance","MentalFortress+1","MentalFortress","Good Instincts","CutThroughFate+1","ThirdEye+1","Fasting2","TalkToTheHand"],"relics":["PureWater","Golden Idol","Blood Vial","Art of War","Regal Pillow","Dream Catcher","Fusion Hammer","Gambling Chip","Sundial","Eternal Feather","Black Star","Membership Card","Turnip","Bottled Flame","Pear","War Paint","Orichalcum","Darkstone Periapt","Pantograph","OrangePellets","Omamori","Damaru","Ginger"],"acts_visited":["Exordium","TheCity","TheBeyond","TheEnding"],"potions_floor_usage":[19,29,33,35,37,39,40,50,53,54,54,54,55],"damage_taken":[{"damage":5,"enemies":"Small Slimes","floor":1,"turns":4},{"damage":0,"enemies":"Jaw Worm","floor":2,"turns":3},{"damage":0,"enemies":"2 Louse","floor":4,"turns":1},{"damage":2,"enemies":"Looter","floor":5,"turns":2},{"damage":11,"enemies":"Lagavulin","floor":6,"turns":6},{"damage":7,"enemies":"Lots of Slimes","floor":7,"turns":4},{"damage":1,"enemies":"2 Fungi Beasts","floor":11,"turns":3},{"damage":13,"enemies":"3 Sentries","floor":12,"turns":7},{"damage":9,"enemies":"Exordium Wildlife","floor":13,"turns":3},{"damage":0,"enemies":"Slime Boss","floor":16,"turns":6},{"damage":10,"enemies":"Shell Parasite","floor":18,"turns":4},{"damage":3,"enemies":"Spheric Guardian","floor":19,"turns":3},{"damage":0,"enemies":"Centurion and Healer","floor":20,"turns":5},{"damage":14,"enemies":"Shelled Parasite and Fungi","floor":22,"turns":4},{"damage":56,"enemies":"Slavers","floor":24,"turns":6},{"damage":0,"enemies":"Snake Plant","floor":27,"turns":2},{"damage":5,"enemies":"Cultist and Chosen","floor":29,"turns":6},{"damage":0,"enemies":"Gremlin Leader","floor":30,"turns":3},{"damage":0,"enemies":"Centurion and Healer","floor":31,"turns":5},{"damage":57,"enemies":"Automaton","floor":33,"turns":9},{"damage":0,"enemies":"3 Shapes","floor":35,"turns":2},{"damage":16,"enemies":"Orb Walker","floor":36,"turns":4},{"damage":12,"enemies":"Writhing Mass","floor":38,"turns":7},{"damage":0,"enemies":"Transient","floor":39,"turns":5},{"damage":14,"enemies":"Giant Head","floor":40,"turns":6},{"damage":0,"enemies":"Reptomancer","floor":45,"turns":3},{"damage":1,"enemies":"3 Darklings","floor":46,"turns":5},{"damage":76,"enemies":"Time Eater","floor":50,"turns":11},{"damage":106,"enemies":"Shield and Spear","floor":54,"turns":8},{"damage":37,"enemies":"The Heart","floor":55,"turns":3}],"seed_played":"3485465103940691744","potions_obtained":[{"floor":2,"key":"StancePotion"},{"floor":6,"key":"SkillPotion"},{"floor":7,"key":"EntropicBrew"},{"floor":13,"key":"FearPotion"},{"floor":19,"key":"Fruit Juice"},{"floor":25,"key":"Regen Potion"},{"floor":31,"key":"BottledMiracle"},{"floor":35,"key":"Fruit Juice"},{"floor":45,"key":"BottledMiracle"},{"floor":46,"key":"SteroidPotion"},{"floor":54,"key":"Ancient Potion"}],"is_trial":false,"path_per_floor":["M","M","?","M","M","E","M","R","T","R","M","E","M","?","R","B",null,"M","M","M","?","M","R","E","?","T","M","?","M","E","M","R","B",null,"M","M","$","M","M","E","?","R","T","T","E","M","R","$","R","B",null,"R","$","E","B"],"character_chosen":"WATCHER","items_purchased":["Membership Card","Turnip","Nirvana","Secret Weapon","Fruit Juice","Bottled Flame","Weak Potion","OrangePellets","MentalFortress","Omamori","Good Instincts","Fasting2","Fruit Juice","Swift Potion"],"campfire_rested":5,"item_purchase_floors":[37,37,37,37,37,37,37,48,48,48,48,53,53,53],"current_hp_per_floor":[60,60,60,60,58,47,42,42,42,42,43,32,25,22,22,24,80,70,74,76,76,64,85,29,29,29,31,31,43,45,47,85,28,85,90,74,79,69,71,69,69,105,105,105,105,104,105,105,105,29,105,105,110,4,0,0],"gold":76,"neow_bonus":"TWENTY_PERCENT_HP_BONUS","is_daily":false,"chose_seed":false,"campfire_upgraded":3,"win_rate":0.0,"timestamp":1612001254,"path_taken":["M","M","?","M","M","E","M","R","T","R","M","E","M","?","R","BOSS","M","M","M","?","M","R","E","?","T","?","?","M","E","M","R","BOSS","M","?","$","M","M","E","?","R","T","?","E","M","R","$","R","BOSS","R","$","E","BOSS"],"items_purchased_type":["Relic","Relic","Card","Card","Potion","Relic","Potion","Relic","Card","Relic","Card","Card","Potion","Potion"],"build_version":"2020-12-22","purchased_purges":3,"victory":false,"max_hp_per_floor":[86,86,80,80,80,80,80,80,80,80,80,80,80,80,80,80,80,80,85,85,85,85,85,85,85,85,85,85,85,85,85,85,85,85,90,90,95,95,95,105,105,105,105,105,105,105,105,105,105,105,105,105,110,110,110,110],"relic_stats":{"Darkstone Periapt":0,"Regal Pillow":0,"counters":[30,140],"Golden Idol":199,"Eternal Feather":37,"Ginger":[2],"War Paint":["Halt","Crescendo"],"Orichalcum":[0],"Blood Vial":32,"OrangePellets":[4],"Dream Catcher":5,"Sundial":[6],"Gambling Chip":[37],"Pantograph":25,"Turnip":[2],"Art of War":[6],"Black Star":3,"obtain_stats":[{"Darkstone Periapt":45,"Regal Pillow":12,"Pear":40,"Golden Idol":3,"Damaru":54,"Eternal Feather":30,"Omamori":48,"Ginger":54,"War Paint":40,"Orichalcum":44,"Blood Vial":6,"OrangePellets":48,"Dream Catcher":14,"Bottled Flame":37,"Sundial":26,"Gambling Chip":24,"Pantograph":45,"Fusion Hammer":17,"Turnip":37,"Art of War":9,"Black Star":34,"Membership Card":37,"PureWater":0},{"Darkstone Periapt":26,"Regal Pillow":8,"Pear":25,"Golden Idol":2,"Damaru":29,"Eternal Feather":18,"Omamori":27,"Ginger":29,"War Paint":25,"Orichalcum":25,"Blood Vial":5,"OrangePellets":27,"Dream Catcher":9,"Bottled Flame":22,"Sundial":15,"Gambling Chip":15,"Pantograph":26,"Fusion Hammer":10,"Turnip":22,"Art of War":6,"Black Star":20,"Membership Card":22,"PureWater":0},{"Darkstone Periapt":113,"Regal Pillow":30,"Pear":110,"Golden Idol":7,"Damaru":137,"Eternal Feather":72,"Omamori":118,"Ginger":137,"War Paint":110,"Orichalcum":110,"Blood Vial":16,"OrangePellets":118,"Dream Catcher":33,"Bottled Flame":92,"Sundial":61,"Gambling Chip":61,"Pantograph":113,"Fusion Hammer":39,"Turnip":92,"Art of War":20,"Black Star":86,"Membership Card":92,"PureWater":0}]},"card_choices":[{"not_picked":["Crescendo","ClearTheMind"],"picked":"Protect","floor":1},{"not_picked":["Crescendo","ClearTheMind"],"picked":"CutThroughFate","floor":2},{"not_picked":["Protect","CutThroughFate"],"picked":"WindmillStrike","floor":4},{"not_picked":["JustLucky","FlurryOfBlows"],"picked":"CutThroughFate","floor":5},{"not_picked":["Alpha","EmptyBody"],"picked":"Adaptation","floor":6},{"not_picked":["BattleHymn","Protect"],"picked":"FlurryOfBlows","floor":7},{"not_picked":["Evaluate","EmptyMind"],"picked":"Consecrate","floor":11},{"not_picked":["CutThroughFate","Adaptation"],"picked":"CrushJoints","floor":12},{"not_picked":["Consecrate","Protect"],"picked":"ThirdEye","floor":13},{"not_picked":["DeusExMachina","Omniscience"],"picked":"LessonLearned","floor":16},{"not_picked":["ThirdEye","FollowUp+1"],"picked":"Wallop","floor":18},{"not_picked":["CutThroughFate","FlurryOfBlows"],"picked":"Crescendo","floor":19},{"not_picked":["Prostrate","FollowUp","ForeignInfluence"],"picked":"SKIP","floor":20},{"not_picked":["Perseverance","Collect","FollowUp+1"],"picked":"SKIP","floor":22},{"not_picked":["InnerPeace","PathToVictory"],"picked":"WaveOfTheHand","floor":23},{"not_picked":["BowlingBash","SandsOfTime"],"picked":"FlurryOfBlows","floor":24},{"not_picked":["FollowUp","Crescendo"],"picked":"Halt","floor":27},{"not_picked":["Perseverance","EmptyBody+1"],"picked":"Nirvana+1","floor":29},{"not_picked":["SignatureMove","Establishment","CarveReality"],"picked":"SKIP","floor":30},{"not_picked":["SashWhip","Evaluate"],"picked":"BowlingBash","floor":31},{"not_picked":["JustLucky","Collect+1"],"picked":"Halt+1","floor":32},{"not_picked":["Wish","Devotion"],"picked":"Scrawl","floor":33},{"not_picked":["Worship+1","ReachHeaven"],"picked":"Halt+1","floor":35},{"not_picked":["EmptyFist+1","CrushJoints"],"picked":"Meditate+1","floor":36},{"not_picked":["ThirdEye","FollowUp+1"],"picked":"EmptyFist","floor":38},{"not_picked":["CutThroughFate+1","CrushJoints"],"picked":"ClearTheMind","floor":39},{"not_picked":["PathToVictory+1","JustLucky+1"],"picked":"CrushJoints+1","floor":40},{"not_picked":["JustLucky","Halt"],"picked":"Vengeance","floor":42},{"not_picked":["Ragnarok","WheelKick"],"picked":"MentalFortress+1","floor":45},{"not_picked":["BowlingBash","Halt","Consecrate+1"],"picked":"SKIP","floor":46},{"not_picked":["CrushJoints","PathToVictory+1"],"picked":"CutThroughFate+1","floor":49},{"not_picked":["SignatureMove","Conclude"],"picked":"ThirdEye+1","floor":52},{"not_picked":["SpiritShield","WindmillStrike+1"],"picked":"TalkToTheHand","floor":54}],"player_experience":1213862,"relics_obtained":[{"floor":6,"key":"Blood Vial"},{"floor":9,"key":"Art of War"},{"floor":12,"key":"Regal Pillow"},{"floor":24,"key":"Gambling Chip"},{"floor":26,"key":"Sundial"},{"floor":30,"key":"Eternal Feather"},{"floor":40,"key":"Pear"},{"floor":40,"key":"War Paint"},{"floor":44,"key":"Orichalcum"},{"floor":45,"key":"Darkstone Periapt"},{"floor":45,"key":"Pantograph"},{"floor":54,"key":"Damaru"},{"floor":54,"key":"Ginger"}],"event_choices":[{"damage_healed":0,"gold_gain":0,"player_choice":"Lose Max HP","damage_taken":0,"relics_obtained":["Golden Idol"],"max_hp_gain":0,"max_hp_loss":6,"event_name":"Golden Idol","floor":3,"gold_loss":0},{"damage_healed":0,"gold_gain":0,"player_choice":"Success","damage_taken":3,"relics_obtained":["Dream Catcher"],"max_hp_gain":0,"max_hp_loss":0,"event_name":"Scrap Ooze","floor":14,"gold_loss":0},{"damage_healed":0,"gold_gain":0,"player_choice":"Read","damage_taken":0,"max_hp_gain":0,"max_hp_loss":0,"event_name":"The Library","floor":21,"gold_loss":0,"cards_obtained":["Tantrum"]},{"damage_healed":0,"gold_gain":0,"player_choice":"Got Potions","damage_taken":0,"max_hp_gain":0,"max_hp_loss":0,"event_name":"Lab","floor":25,"gold_loss":0},{"damage_healed":0,"gold_gain":0,"player_choice":"Ignored","damage_taken":0,"max_hp_gain":0,"max_hp_loss":0,"event_name":"NoteForYourself","floor":28,"gold_loss":0},{"damage_healed":0,"gold_gain":0,"player_choice":"Ignored","damage_taken":0,"max_hp_gain":0,"max_hp_loss":0,"event_name":"Mysterious Sphere","floor":41,"gold_loss":0}],"is_beta":false,"boss_relics":[{"not_picked":["HolyWater","SacredBark"],"picked":"Fusion Hammer"},{"not_picked":["Calling Bell","Snecko Eye"],"picked":"Black Star"}],"items_purged_floors":[37,48,53],"is_endless":false,"potions_floor_spawned":[2,6,7,13,16,18,19,27,31,35,45,46,54],"killed_by":"The Heart","ascension_level":0}}