{"host":"k2mw1od0xoi9pcfj","time":1612040916,"event":{"mods":["AchievementEnabler","Act Like it!","Aspiration","BaseMod","Beaked The Cultist","Downfall","Energized Spire","Highlight Path","Minty Spire (QoL Compilation)","Permanent Neow","Relic Stats","Reliquary","Replay The Spire","Retaliation","StSLib","The Death Knight"],"gold_per_floor":[110,122,169,169,187,222,236,34,80,80,96,106,175,194,194,297,297,297],"floor_reached":17,"language":"ENG","playtime":1143,"items_purged":[],"score":159,"play_id":"55cef09e-c3d3-4c49-ab1b-37ef73da05dd","local_time":"20210130150836","is_ascension_mode":false,"campfire_choices":[{"floor":10,"key":"RECALL"},{"floor":15,"key":"REST"}],"circlet_count":0,"master_deck":["DeathKnight:Strike_DeathKnight","DeathKnight:Strike_DeathKnight","DeathKnight:Strike_DeathKnight","DeathKnight:Strike_DeathKnight","DeathKnight:Strike_DeathKnight","DeathKnight:Defend_DeathKnight","DeathKnight:Defend_DeathKnight","DeathKnight:Defend_DeathKnight","DeathKnight:Defend_DeathKnight","DeathKnight:Defend_DeathKnight","DeathKnight:RuneTap","DeathKnight:RuneStrike","DeathKnight:MutagenicPlague","DeathKnight:MutagenicPlague","DeathKnight:FrosPresence","DeathKnight:UnholyFrenzy","DeathKnight:Contagion","DeathKnight:IceboundArmor","DeathKnight:DeathAndDecay","DeathKnight:IcyTouch","DeathKnight:UnholyPresence","DeathKnight:ReapingStrike"],"relics":["DeathKnight:BrokenRuneblade","aspiration:Nostalgia","Ring of the Snake","reliquary:Aerogel","reliquary:BoilingFlask","reliquary:Stiletto","DeathKnight:SylvanasMusicBox","energizedSpire:CursedPentagram"],"acts_visited":["Exordium","TheCity"],"potions_floor_usage":[],"damage_taken":[{"damage":0,"enemies":"Small Slimes","floor":1,"turns":3},{"damage":1,"enemies":"Cultist","floor":2,"turns":4},{"damage":0,"enemies":"2 Louse","floor":5,"turns":4},{"damage":15,"enemies":"Lagavulin","floor":6,"turns":8},{"damage":16,"enemies":"Gremlin Gang","floor":7,"turns":7},{"damage":12,"enemies":"Lots of Slimes","floor":11,"turns":7},{"damage":10,"enemies":"Looter","floor":12,"turns":3},{"damage":0,"enemies":"Red Slaver","floor":14,"turns":5},{"damage":30,"enemies":"Fading Forest","floor":16,"turns":11}],"seed_played":"7791432037019533713","potions_obtained":[{"floor":1,"key":"CultistPotion"},{"floor":3,"key":"Weak Potion"},{"floor":5,"key":"Cursed Concoction"}],"is_trial":false,"path_per_floor":["M","M","?","$","M","E","M","$","T","R","M","M","?","M","R","B",null],"character_chosen":"DEATH_KNIGHT","items_purchased":["reliquary:Stiletto","DeathKnight:IceboundArmor"],"campfire_rested":1,"item_purchase_floors":[8,8],"current_hp_per_floor":[75,74,56,56,56,41,25,25,25,25,13,3,3,3,25,13,75,75],"gold":297,"neow_bonus":"NOSTALGIA","is_daily":false,"chose_seed":false,"campfire_upgraded":0,"win_rate":0.0,"timestamp":1612040916,"path_taken":["M","M","?","$","M","E","M","$","T","R","M","?","?","M","R","BOSS"],"items_purchased_type":["Relic","Card"],"build_version":"2020-12-22","purchased_purges":0,"victory":false,"max_hp_per_floor":[75,75,75,75,75,75,75,75,75,75,75,75,75,75,75,75,75,75],"relic_stats":{"counters":[9,52],"obtain_stats":[{"energizedSpire:CursedPentagram":17,"aspiration:Nostalgia":0,"reliquary:Aerogel":3,"reliquary:BoilingFlask":6,"DeathKnight:SylvanasMusicBox":9,"reliquary:Stiletto":8,"DeathKnight:BrokenRuneblade":0,"Ring of the Snake":0},{"energizedSpire:CursedPentagram":9,"aspiration:Nostalgia":0,"reliquary:Aerogel":2,"reliquary:BoilingFlask":4,"DeathKnight:SylvanasMusicBox":5,"reliquary:Stiletto":5,"DeathKnight:BrokenRuneblade":0,"Ring of the Snake":0},{"energizedSpire:CursedPentagram":52,"aspiration:Nostalgia":0,"reliquary:Aerogel":7,"reliquary:BoilingFlask":19,"DeathKnight:SylvanasMusicBox":26,"reliquary:Stiletto":26,"DeathKnight:BrokenRuneblade":0,"Ring of the Snake":0}],"Ring of the Snake":[18]},"card_choices":[{"not_picked":["DeathKnight:DeathCoil","DeathKnight:RaiseAlly"],"picked":"DeathKnight:MutagenicPlague","floor":1},{"not_picked":["DeathKnight:ChainsOfIce","DeathKnight:Marrowrend"],"picked":"DeathKnight:MutagenicPlague","floor":2},{"not_picked":["DeathKnight:ShatteringStrikes","DeathKnight:ChainsOfIce"],"picked":"DeathKnight:FrosPresence","floor":5},{"not_picked":["DeathKnight:Lichborne","DeathKnight:RunicCorruption"],"picked":"DeathKnight:UnholyFrenzy","floor":6},{"not_picked":["DeathKnight:DreadStrike","DeathKnight:ShatteringStrikes"],"picked":"DeathKnight:Contagion","floor":7},{"not_picked":["DeathKnight:IceboundArmor","DeathKnight:HornOfWinter"],"picked":"DeathKnight:DeathAndDecay","floor":11},{"not_picked":["DeathKnight:BoneSpear","DeathKnight:UnholyExperiment"],"picked":"DeathKnight:IcyTouch","floor":12},{"not_picked":["DeathKnight:PathOfFrost","DeathKnight:BoneSpear"],"picked":"DeathKnight:UnholyPresence","floor":14},{"not_picked":["DeathKnight:UnholyExperiment","DeathKnight:MarkOfBlood"],"picked":"DeathKnight:ReapingStrike","floor":16}],"player_experience":734378,"relics_obtained":[{"floor":3,"key":"reliquary:Aerogel"},{"floor":6,"key":"reliquary:BoilingFlask"},{"floor":9,"key":"DeathKnight:SylvanasMusicBox"}],"event_choices":[{"damage_healed":0,"gold_gain":69,"player_choice":"Gained Gold","damage_taken":0,"max_hp_gain":0,"max_hp_loss":0,"event_name":"Golden Wing","floor":13,"gold_loss":0}],"is_beta":false,"boss_relics":[{"not_picked":["Busted Crown","energizedSpire:NeverEndingSparkler"],"picked":"energizedSpire:CursedPentagram"}],"items_purged_floors":[],"is_endless":false,"potions_floor_spawned":[1,5,11,14],"ascension_level":0}}