{"host":"kh6fvhxn285ncg0o","time":1612038602,"event":{"mods":["Act Like it!","BaseMod","Colored Map","Friendly Minions","Keyboard Shortcuts","Minty Spire (QoL Compilation)","Quick Restart","Relic Stats","StSLib","SuperFastMode","UnlockEverythingMod"],"gold_per_floor":[114,114,389,409,426,426,426,11,38,38,69,100,112,159,171,260,272,299,311,503,526,553,596,608,646,685,726,767,879,891,920,932,944,944],"floor_reached":33,"language":"KOR","playtime":756,"items_purged":["Regret"],"score":647,"play_id":"301b8a37-2089-4733-be9e-48d6451ff791","local_time":"20210131053002","is_ascension_mode":true,"campfire_choices":[{"data":"Body Slam","floor":6.0,"key":"SMITH"},{"data":"Battle Trance","floor":13,"key":"SMITH"},{"data":"Barricade","floor":15,"key":"SMITH"},{"floor":24,"key":"REST"},{"floor":30,"key":"REST"},{"floor":32,"key":"REST"}],"circlet_count":0,"master_deck":["AscendersBane","Strike_R","Strike_R","Strike_R","Strike_R","Strike_R+1","Defend_R","Defend_R","Defend_R","Defend_R","Bash+1","Body Slam+1","Evolve","Pain","Battle Trance+1","Barricade+1","Immolate","Rage+1","Power Through","Seeing Red+1","Shrug It Off"],"relics":["Burning Blood","NeowsBlessing","WarpedTongs","Bag of Preparation","Red Skull","Strawberry","MawBank","Bag of Marbles","Fusion Hammer","Bottled Lightning","Bronze Scales","Red Mask","Prayer Wheel","Turnip","Molten Egg 2"],"acts_visited":["Exordium","TheCity"],"potions_floor_usage":[11,14,23,28,28,33,33],"damage_taken":[{"damage":0.0,"enemies":"2 Louse","floor":1.0,"turns":1.0},{"damage":0.0,"enemies":"Jaw Worm","floor":4.0,"turns":1.0},{"damage":0.0,"enemies":"Cultist","floor":5.0,"turns":1.0},{"damage":14,"enemies":"3 Sentries","floor":11,"turns":10},{"damage":15,"enemies":"Blue Slaver","floor":12,"turns":3},{"damage":16,"enemies":"Lagavulin","floor":14,"turns":4},{"damage":34,"enemies":"The Guardian","floor":16,"turns":12},{"damage":17,"enemies":"3 Byrds","floor":18,"turns":4},{"damage":4,"enemies":"2 Thieves","floor":21,"turns":2},{"damage":2,"enemies":"3 Cultists","floor":22,"turns":3},{"damage":7,"enemies":"Gremlin Leader","floor":23,"turns":4},{"damage":21,"enemies":"Slavers","floor":25,"turns":4},{"damage":8,"enemies":"Masked Bandits","floor":27,"turns":2},{"damage":34,"enemies":"Gremlin Leader","floor":28,"turns":4},{"damage":11,"enemies":"Colosseum Slavers","floor":29,"turns":2},{"damage":9,"enemies":"Colosseum Nobs","floor":29,"turns":3},{"damage":21,"enemies":"Cultist and Chosen","floor":31,"turns":4},{"damage":66,"enemies":"Collector","floor":33,"turns":8}],"seed_played":"2216333825818342609","potions_obtained":[{"floor":1.0,"key":"ElixirPotion"},{"floor":4.0,"key":"SteroidPotion"},{"floor":16,"key":"SkillPotion"},{"floor":22,"key":"ElixirPotion"},{"floor":25,"key":"GamblersBrew"},{"floor":27,"key":"Regen Potion"},{"floor":29,"key":"Strength Potion"},{"floor":31,"key":"LiquidBronze"}],"is_trial":false,"path_per_floor":["M","?","?","M","M","R","?","$","T","?","E","M","R","E","R","B",null,"M","$","?","M","M","E","R","E","T","?","E","?","R","M","R","B"],"character_chosen":"IRONCLAD","items_purchased":["Bag of Preparation","Red Skull"],"campfire_rested":3,"item_purchase_floors":[8,8],"current_hp_per_floor":[74,51,51,57,63,63,63,63,70,70,62,53,53,43,43,15,65,54,54,35,37,41,40,64,49,49,47,31,23,47,32,56,0,0],"gold":944,"neow_bonus":"THREE_ENEMY_KILL","is_daily":false,"chose_seed":false,"campfire_upgraded":3,"win_rate":0.0,"timestamp":1612038602,"path_taken":["M","?","?","?","M","R","?","?","T","?","E","?","R","E","R","BOSS","M","$","?","M","?","E","R","E","T","?","E","?","R","M","R","BOSS"],"items_purchased_type":["Relic","Relic"],"build_version":"2020-12-22","purchased_purges":1,"victory":false,"max_hp_per_floor":[75,75,75,75,75,75,75,75,82,82,82,82,82,82,82,82,82,82,82,82,82,82,82,82,82,82,82,82,82,82,82,82,82,82],"relic_stats":{"counters":[18,72],"Bronze Scales":[63],"Prayer Wheel":1,"Turnip":[5],"Bag of Preparation":[30],"MawBank":264,"obtain_stats":[{"NeowsBlessing":0,"Bag of Preparation":8,"MawBank":11,"Burning Blood":0,"WarpedTongs":7,"Strawberry":9,"Bronze Scales":25,"Prayer Wheel":28,"Molten Egg 2":29,"Fusion Hammer":17,"Turnip":29,"Bag of Marbles":14,"Red Mask":27,"Bottled Lightning":23,"Red Skull":8},{"NeowsBlessing":0,"Bag of Preparation":3,"MawBank":4,"Burning Blood":0,"WarpedTongs":3,"Strawberry":3,"Bronze Scales":12,"Prayer Wheel":14,"Molten Egg 2":16,"Fusion Hammer":7,"Turnip":16,"Bag of Marbles":6,"Red Mask":13,"Bottled Lightning":11,"Red Skull":3},{"NeowsBlessing":0,"Bag of Preparation":3,"MawBank":13,"Burning Blood":0,"WarpedTongs":3,"Strawberry":3,"Bronze Scales":49,"Prayer Wheel":55,"Molten Egg 2":60,"Fusion Hammer":32,"Turnip":60,"Bag of Marbles":20,"Red Mask":51,"Bottled Lightning":45,"Red Skull":3}],"Burning Blood":102,"WarpedTongs":[62]},"card_choices":[{"not_picked":["Inflame","Heavy Blade"],"picked":"Body Slam","floor":1.0},{"not_picked":["Havoc","Sword Boomerang","Thunderclap"],"picked":"SKIP","floor":4.0},{"not_picked":["Feel No Pain","Heavy Blade"],"picked":"Evolve","floor":5.0},{"not_picked":["Perfected Strike","Evolve","Intimidate"],"picked":"SKIP","floor":11},{"not_picked":["Shrug It Off","Clothesline"],"picked":"Battle Trance","floor":12},{"not_picked":["Perfected Strike","Bludgeon"],"picked":"Barricade","floor":14},{"not_picked":["Juggernaut","Fiend Fire"],"picked":"Immolate","floor":16},{"not_picked":["Anger+1","Infernal Blade"],"picked":"Rage+1","floor":18},{"not_picked":["Thunderclap","Carnage"],"picked":"Power Through","floor":21},{"not_picked":["Clothesline+1","Sword Boomerang","Pummel"],"picked":"SKIP","floor":22},{"not_picked":["Flame Barrier","Evolve"],"picked":"Seeing Red+1","floor":23},{"not_picked":["Clash","Pommel Strike","Body Slam"],"picked":"SKIP","floor":25},{"not_picked":["Carnage","True Grit","Cleave"],"picked":"SKIP","floor":28},{"not_picked":["Carnage+1","Warcry"],"picked":"Shrug It Off","floor":29},{"not_picked":["Clash+1","Spot Weakness","Inflame"],"picked":"SKIP","floor":31},{"not_picked":["Iron Wave+1","Limit Break","Warcry"],"picked":"SKIP","floor":31}],"player_experience":1304198,"relics_obtained":[{"floor":9.0,"key":"Strawberry"},{"floor":11,"key":"MawBank"},{"floor":14,"key":"Bag of Marbles"},{"floor":23,"key":"Bottled Lightning"},{"floor":25,"key":"Bronze Scales"},{"floor":27,"key":"Red Mask"},{"floor":28,"key":"Prayer Wheel"},{"floor":29,"key":"Turnip"},{"floor":29,"key":"Molten Egg 2"}],"event_choices":[{"damage_healed":0.0,"max_hp_gain":0.0,"max_hp_loss":0.0,"gold_gain":0.0,"event_name":"Shining Light","player_choice":"Entered Light","floor":2.0,"gold_loss":0.0,"damage_taken":23.0,"cards_upgraded":["Bash","Strike_R"]},{"damage_healed":0.0,"max_hp_gain":0.0,"max_hp_loss":0.0,"gold_gain":275.0,"event_name":"Golden Shrine","player_choice":"Desecrate","floor":3.0,"gold_loss":0.0,"damage_taken":0.0,"cards_obtained":["Regret"]},{"damage_healed":0.0,"max_hp_gain":0.0,"max_hp_loss":0.0,"gold_gain":0.0,"event_name":"Accursed Blacksmith","player_choice":"Rummage","floor":7.0,"gold_loss":0.0,"damage_taken":0.0,"relics_obtained":["WarpedTongs"],"cards_obtained":["Pain"]},{"damage_healed":0.0,"max_hp_gain":0.0,"max_hp_loss":0.0,"gold_gain":0.0,"event_name":"Liars Game","player_choice":"Ignored","floor":10.0,"gold_loss":0.0,"damage_taken":0.0},{"damage_healed":0,"gold_gain":180,"player_choice":"GOLD GOLD ","damage_taken":19,"max_hp_gain":0,"max_hp_loss":0,"event_name":"Knowing Skull","floor":20,"potions_obtained":[],"gold_loss":0,"cards_obtained":[]},{"damage_healed":0,"gold_gain":0,"player_choice":"Fought Bandits","damage_taken":0,"max_hp_gain":0,"max_hp_loss":0,"event_name":"Masked Bandits","floor":27,"gold_loss":0},{"damage_healed":0,"gold_gain":0,"player_choice":"Fight","damage_taken":0,"max_hp_gain":0,"max_hp_loss":0,"event_name":"Colosseum","floor":29,"gold_loss":0},{"damage_healed":0,"gold_gain":0,"player_choice":"Fought Nobs","damage_taken":0,"max_hp_gain":0,"max_hp_loss":0,"event_name":"Colosseum","floor":29,"gold_loss":0}],"is_beta":false,"boss_relics":[{"not_picked":["Calling Bell","Runic Cube"],"picked":"Fusion Hammer"}],"items_purged_floors":[8],"is_endless":false,"potions_floor_spawned":[1,4,16,22,25,27,29,31],"killed_by":"Collector","ascension_level":20}}