{"host":"ifcf0cy5l3qbxi8r","time":1612000808,"event":{"mods":["Act Like it!","Arknights The Spire","BaseMod","Gensokyo","Minty Spire (QoL Compilation)","StSLib"],"gold_per_floor":[116,116,116,130,147,181,194,119,119,119,48,48,58,72,72,72,72],"floor_reached":16,"language":"ZHS","playtime":502,"items_purged":["ats:Strike V"],"score":111,"play_id":"ae8a380f-602e-4907-bfd6-312306025c1e","local_time":"20210130180008","is_ascension_mode":true,"campfire_choices":[{"floor":10,"key":"REST"},{"data":"ats:Serious Mode","floor":15,"key":"SMITH"}],"circlet_count":0,"master_deck":["ats:Strike C","ats:Strike G","ats:Strike S","ats:Defend","ats:Defend","ats:Defend","ats:Defend","ats:Emotion Absorption","ats:Blood Oath","ats:Serious Mode+1","ats:Nebulous Foxfire","ats:Apocalypse","ats:Part Time Job+1","ats:Cat Scratch+1","ats:Absolute Focus","ats:Apocalypse"],"relics":["ats:Sanity","NeowsBlessing","Gensokyo:PortableGap","Gensokyo:Mercy","ats:Originium","Frozen Egg 2","Shuriken"],"acts_visited":["Exordium"],"potions_floor_usage":[7,16],"damage_taken":[{"damage":0,"enemies":"Gensokyo:3_Fairies","floor":1,"turns":1},{"damage":0,"enemies":"Gensokyo:Python","floor":4,"turns":1},{"damage":0,"enemies":"Gensokyo:2_Kodama","floor":5,"turns":1},{"damage":49,"enemies":"Gensokyo:Cirno","floor":6,"turns":7},{"damage":19,"enemies":"Gensokyo:5_Fairies","floor":7,"turns":6},{"damage":13,"enemies":"Gensokyo:Python_and_Kodama","floor":13,"turns":4},{"damage":9,"enemies":"Gensokyo:Kitsune","floor":14,"turns":4},{"damage":68,"enemies":"Gensokyo:Reimu","floor":16,"turns":4}],"seed_played":"1904848762343241317","potions_obtained":[{"floor":1,"key":"SpeedPotion"},{"floor":6,"key":"Dexterity Potion"},{"floor":13,"key":"Regen Potion"}],"is_trial":false,"path_per_floor":["M","?","?","M","M","E","M","$","T","R","$","?","M","M","R","B"],"character_chosen":"DOCTOR_CLASS","items_purchased":["ats:Part Time Job+1"],"campfire_rested":1,"item_purchase_floors":[11],"current_hp_per_floor":[72,65,65,65,65,22,15,15,15,34,34,34,33,38,38,0,0],"gold":72,"neow_bonus":"THREE_ENEMY_KILL","is_daily":false,"chose_seed":false,"campfire_upgraded":1,"win_rate":0.0,"timestamp":1612000808,"path_taken":["M","?","?","?","M","E","M","?","T","R","$","?","M","M","R","BOSS"],"items_purchased_type":["Card"],"build_version":"2020-12-22","purchased_purges":1,"victory":false,"max_hp_per_floor":[72,65,65,65,65,65,65,65,65,65,65,65,65,65,65,65,65],"card_choices":[{"not_picked":["ats:Sword Rain","ats:Closed Bolt Burst Fire"],"picked":"ats:Blood Oath","floor":1},{"not_picked":["ats:Leaping Hammer","ats:Curse Doll"],"picked":"ats:Serious Mode","floor":4},{"not_picked":["ats:Absolute Focus","ats:Assault Order","ats:Explosion Area Strengthen"],"picked":"SKIP","floor":5},{"not_picked":["ats:Shell Defense","ats:Burning Ground+1"],"picked":"ats:Nebulous Foxfire","floor":6},{"not_picked":["ats:Guard Mode","ats:Powerful Strike"],"picked":"ats:Apocalypse","floor":7},{"not_picked":["ats:Assault Order","ats:Consecutive Shot Auto"],"picked":"ats:Absolute Focus","floor":13},{"not_picked":["ats:Chain Hook","ats:Absolute Focus"],"picked":"ats:Apocalypse","floor":14}],"player_experience":97079,"relics_obtained":[{"floor":6,"key":"ats:Originium"},{"floor":6,"key":"Frozen Egg 2"},{"floor":9,"key":"Shuriken"}],"event_choices":[],"is_beta":false,"boss_relics":[],"items_purged_floors":[8],"is_endless":false,"potions_floor_spawned":[1,6,13],"killed_by":"Gensokyo:Reimu","ascension_level":2}}