{"host":"gmrw3hv4wligmwgo","time":1612005593,"event":{"mods":["2.2 Compatiblity","BaseMod","Colored Map","Highlight Path","Minty Spire (QoL Compilation)","Relic Stats","StSLib","Synergy Search","Td1madao Mod","The Animator"],"gold_per_floor":[109,109,1,16,16,16,46,104,104,104,114,148,162,177,177,251,251,263,263,274,274,8,8,34,34,34,34,34,34],"floor_reached":28,"language":"ENG","playtime":5169,"items_purged":["Writhe"],"score":538,"play_id":"fdc14175-de53-4e37-93ae-01116a6e2645","local_time":"20210130121953","is_ascension_mode":true,"campfire_choices":[{"data":"Bash","floor":6.0,"key":"SMITH"},{"data":"True Grit","floor":10.0,"key":"SMITH"},{"data":"Perfected Strike","floor":15.0,"key":"SMITH"},{"data":"Demon Form","floor":23.0,"key":"SMITH"},{"floor":25.0,"key":"REST"}],"circlet_count":0,"master_deck":["AscendersBane","Strike_R+1","Strike_R+1","Strike_R+1","Strike_R+1","Strike_R+1","Defend_R+1","Defend_R+1","Defend_R+1","Defend_R+1","Bash+1","Wild Strike","Perfected Strike+1","Clothesline","True Grit+1","Pommel Strike","Perfected Strike+1","Twin Strike","Demon Form+1","Fire Breathing+1","Flame Barrier","Twin Strike"],"relics":["Burning Blood","NeowsBlessing","Centennial Puzzle","White Beast Statue","War Paint","Runic Cube","Ornamental Fan","Pen Nib","Bottled Tornado"],"acts_visited":["Exordium","TheCity"],"potions_floor_usage":[28],"damage_taken":[{"damage":0.0,"enemies":"Jaw Worm","floor":1.0,"turns":1.0},{"damage":0.0,"enemies":"Small Slimes","floor":4.0,"turns":1.0},{"damage":0.0,"enemies":"Lagavulin","floor":7.0,"turns":1.0},{"damage":1.0,"enemies":"2 Louse","floor":11.0,"turns":2.0},{"damage":24.0,"enemies":"Gremlin Nob","floor":12.0,"turns":4.0},{"damage":14.0,"enemies":"Exordium Thugs","floor":13.0,"turns":5.0},{"damage":4.0,"enemies":"Blue Slaver","floor":14.0,"turns":2.0},{"damage":32.0,"enemies":"Slime Boss","floor":16.0,"turns":10.0},{"damage":26.0,"enemies":"Shell Parasite","floor":18.0,"turns":4.0},{"damage":6.0,"enemies":"3 Byrds","floor":20.0,"turns":4.0},{"damage":31.0,"enemies":"Book of Stabbing","floor":24.0,"turns":4.0},{"damage":19,"enemies":"Colosseum Slavers","floor":27,"turns":5},{"damage":34,"enemies":"Slavers","floor":28,"turns":3}],"seed_played":"-1297139851021501940","potions_obtained":[{"floor":7.0,"key":"EntropicBrew"},{"floor":11.0,"key":"SpeedPotion"},{"floor":16.0,"key":"Fire Potion"},{"floor":18.0,"key":"Block Potion"},{"floor":20.0,"key":"SmokeBomb"},{"floor":24.0,"key":"Dexterity Potion"}],"is_trial":false,"path_per_floor":["M","?","$","M","?","R","E","?","T","R","M","E","M","M","R","B",null,"M","?","M","?","$","R","E","R","T","?","E"],"character_chosen":"IRONCLAD","items_purchased":["Perfected Strike","AttackPotion","Twin Strike","Weak Potion","CultistPotion"],"campfire_rested":1,"item_purchase_floors":[3,3,22,22,22],"current_hp_per_floor":[74,74,74,75,75,75,75,75,75,75,75,57,49,51,51,25,63,43,43,43,43,43,43,18,40,40,27,0,0],"gold":34,"neow_bonus":"THREE_ENEMY_KILL","is_daily":false,"chose_seed":false,"campfire_upgraded":4,"win_rate":0.0,"timestamp":1612005593,"path_taken":["M","?","$","M","?","R","E","?","T","R","M","E","M","M","R","BOSS","M","?","M","?","$","R","E","R","T","?","E"],"items_purchased_type":["Card","Potion","Card","Potion","Potion"],"build_version":"2020-12-22","purchased_purges":1,"victory":false,"max_hp_per_floor":[75,75,75,75,75,75,75,75,75,75,75,75,75,75,75,75,75,75,75,75,75,75,75,75,75,75,75,75,75],"relic_stats":{"Centennial Puzzle":[30],"counters":[13,46],"Ornamental Fan":[0],"Pen Nib":[0],"War Paint":["Defend_R","Defend_R"],"obtain_stats":[{"Centennial Puzzle":7,"NeowsBlessing":0,"Ornamental Fan":21,"Pen Nib":24,"War Paint":12,"Bottled Tornado":26,"Burning Blood":0,"White Beast Statue":9,"Runic Cube":17},{"Centennial Puzzle":3,"NeowsBlessing":0,"Ornamental Fan":10,"Pen Nib":11,"War Paint":5,"Bottled Tornado":11,"Burning Blood":0,"White Beast Statue":3,"Runic Cube":8},{"Centennial Puzzle":3,"NeowsBlessing":0,"Ornamental Fan":34,"Pen Nib":38,"War Paint":9,"Bottled Tornado":38,"Burning Blood":0,"White Beast Statue":3,"Runic Cube":26}],"Burning Blood":56,"Runic Cube":[21]},"card_choices":[{"not_picked":["Clash","Twin Strike"],"picked":"Wild Strike","floor":1.0},{"not_picked":["Seeing Red","Carnage"],"picked":"Clothesline","floor":4.0},{"not_picked":["Cleave","Anger"],"picked":"True Grit","floor":7.0},{"not_picked":["Carnage","Warcry"],"picked":"Pommel Strike","floor":11.0},{"not_picked":["Feel No Pain","Iron Wave"],"picked":"Perfected Strike","floor":12.0},{"not_picked":["Headbutt","Armaments","Reckless Charge"],"picked":"SKIP","floor":13.0},{"not_picked":["Rampage","Clash"],"picked":"Twin Strike","floor":14.0},{"not_picked":["Double Tap","Juggernaut"],"picked":"Demon Form","floor":16.0},{"not_picked":["True Grit","Combust"],"picked":"Fire Breathing+1","floor":18.0},{"not_picked":["Havoc+1","Blood for Blood"],"picked":"Flame Barrier","floor":20.0},{"not_picked":["Havoc","Corruption","Rampage"],"picked":"SKIP","floor":24.0}],"player_experience":667797,"relics_obtained":[{"floor":7.0,"key":"Centennial Puzzle"},{"floor":9.0,"key":"White Beast Statue"},{"floor":12.0,"key":"War Paint"},{"floor":24.0,"key":"Pen Nib"},{"floor":26.0,"key":"Bottled Tornado"}],"event_choices":[{"damage_healed":0.0,"max_hp_gain":0.0,"max_hp_loss":0.0,"gold_gain":0.0,"event_name":"The Cleric","player_choice":"Leave","floor":2.0,"gold_loss":0.0,"damage_taken":0.0},{"damage_healed":0.0,"max_hp_gain":0.0,"max_hp_loss":0.0,"gold_gain":0.0,"event_name":"Living Wall","player_choice":"Grow","floor":5.0,"gold_loss":0.0,"damage_taken":0.0,"cards_upgraded":["Perfected Strike"]},{"damage_healed":0.0,"max_hp_gain":0.0,"max_hp_loss":0.0,"gold_gain":58.0,"event_name":"Golden Wing","player_choice":"Gained Gold","floor":8.0,"gold_loss":0.0,"damage_taken":0.0},{"damage_healed":0.0,"max_hp_gain":0.0,"max_hp_loss":0.0,"gold_gain":0.0,"event_name":"Back to Basics","player_choice":"Simplicity","floor":19.0,"gold_loss":0.0,"damage_taken":0.0,"cards_upgraded":["Strike_R","Strike_R","Strike_R","Strike_R","Strike_R","Defend_R","Defend_R"]},{"damage_healed":0.0,"max_hp_gain":0.0,"max_hp_loss":0.0,"gold_gain":0.0,"event_name":"The Mausoleum","player_choice":"Opened","floor":21.0,"gold_loss":0.0,"damage_taken":0.0,"relics_obtained":["Ornamental Fan"],"cards_obtained":["Writhe"]},{"damage_healed":0,"gold_gain":0,"player_choice":"Fight","damage_taken":0,"max_hp_gain":0,"max_hp_loss":0,"event_name":"Colosseum","floor":27,"gold_loss":0},{"damage_healed":0,"gold_gain":0,"player_choice":"Fled From Nobs","damage_taken":0,"max_hp_gain":0,"max_hp_loss":0,"event_name":"Colosseum","floor":27,"gold_loss":0}],"is_beta":false,"boss_relics":[{"not_picked":["Busted Crown","Astrolabe"],"picked":"Runic Cube"}],"items_purged_floors":[22],"is_endless":false,"potions_floor_spawned":[7,11,12,13,14,16,18,20,24,27],"killed_by":"Slavers","ascension_level":20}}