{"host":"22tt21bn45sbv98g","time":1612011398,"event":{"mods":["Act Like it!","BaseMod","Downfall","Gensokyo","Minty Spire (QoL Compilation)","Remilia（蕾米莉亚）","StSLib","The Blackbeard","The Servant 0.9.4","Youmu（魂魄妖梦）","【功能Mod】聪明的最终Boss"],"gold_per_floor":[99,109,109,109,43,56,56,27,46,46,127,157,7,242,258,363,363,263,278,290,0,0,27,53,53,64,64,76,105,118,128,143,247,247,47,63,79,96,14,26,26,35,35,35,78,78,102,21,45,45,45,85,43,43,43,43],"floor_reached":57,"language":"ZHS","playtime":4916,"items_purged":[],"score":1614,"play_id":"a5df0598-796c-4a99-b9f6-26db1845eae0","local_time":"20210130205638","is_ascension_mode":true,"campfire_choices":[{"floor":1,"key":"RECALL"},{"data":"ScarletDevilSign","floor":10,"key":"SMITH"},{"data":"BatForm","floor":18,"key":"SMITH"},{"floor":25,"key":"REST"},{"data":"VampireClaw","floor":27,"key":"SMITH"},{"floor":35,"key":"DIG"},{"data":"BloodyMagicSquare","floor":46,"key":"SMITH"},{"data":"QueenOfMidnight","floor":54,"key":"SMITH"}],"circlet_count":0,"master_deck":["Strike_RM+1","Strike_RM+1","Defend_RM","Defend_RM","Defend_RM","Defend_RM","RedMoon","LeisurelyOfLord","RedRainbow","ScarletDevilSign+1","NightDance+1","CharismaGuard","DevilSight","Septette","BatForm+1","VampireClaw+1","BloodyMagicSquare+1","ForecastOfChange","ScarletDream+1","StarOfDavid","KillingBlow","VampireKiss","MiserableFate","Stigmanizer","SuperhumanBloodyKnife","Stigmanizer","ForecastOfChange","RedRainbow+1","EndlessAdversity+1","AfternoonTea","DiffusionOfMisfortune","HeartBreak+1","QueenOfMidnight+1","DiffusionOfMisfortune+1","RedRainbow+1","Gensokyo:CustomPotion","Ultimatum+1","MastersStateliness+1","RedRainbow+1"],"relics":["ScarletHat","NeowsBlessing","Happy Flower","Torii","Nunchaku","Bottled Lightning","Du-Vu Doll","Anchor","Blood Vial","Philosopher\u0027s Stone","downfall:HeartBlessingRed","Gensokyo:MosesMiracle","Oddly Smooth Stone","Shovel","Coffee Dripper","downfall:HeartBlessingGreen","downfall:HeartBlessingBlue","Matryoshka","Molten Egg 2","CeramicFish","StoneCalendar","Pen Nib","Pear"],"acts_visited":["Exordium","Gensokyo:Gensokyo","Gensokyo:Gensokyoer","TheEnding"],"potions_floor_usage":[16,23,23,29,31,33,33,52],"damage_taken":[{"damage":0,"enemies":"Gensokyo:Gryphon","floor":2,"turns":1},{"damage":0,"enemies":"downfall:FleeingMerchant","floor":5,"turns":1},{"damage":0,"enemies":"Gensokyo:3_Fairies","floor":6,"turns":1},{"damage":0,"enemies":"Gensokyo:2_Kodama","floor":9,"turns":4},{"damage":1,"enemies":"Gensokyo:Cirno","floor":12,"turns":7},{"damage":1,"enemies":"Gensokyo:Mamizou","floor":14,"turns":9},{"damage":4,"enemies":"Gensokyo:CorruptedTreant","floor":15,"turns":2},{"damage":48,"enemies":"DF_ARCHETYPE_STREAMLINE","floor":16,"turns":8},{"damage":38,"enemies":"Gensokyo:2_Gloops","floor":19,"turns":3},{"damage":22,"enemies":"Gensokyo:Chomper","floor":20,"turns":5},{"damage":13,"enemies":"Gensokyo:Reisen","floor":23,"turns":3},{"damage":28,"enemies":"Gensokyo:Wraith","floor":26,"turns":4},{"damage":19,"enemies":"Gensokyo:Chomper_and_Gloop","floor":28,"turns":3},{"damage":11,"enemies":"Gensokyo:Koishi","floor":29,"turns":4},{"damage":80,"enemies":"Gensokyo:Mirror_and_Dog","floor":30,"turns":4},{"damage":77,"enemies":"Gensokyo:Slime_Group","floor":31,"turns":2},{"damage":3,"enemies":"Gensokyo:Wraith","floor":32,"turns":2},{"damage":81,"enemies":"WA_ARCHETYPE_CALM","floor":33,"turns":4},{"damage":47,"enemies":"Gensokyo:AncientGuardian","floor":36,"turns":4},{"damage":95,"enemies":"Gensokyo:3_Boulders","floor":37,"turns":2},{"damage":4,"enemies":"Gensokyo:SeedOfUnknown","floor":38,"turns":2},{"damage":75,"enemies":"Gensokyo:Sharpion","floor":40,"turns":5},{"damage":26,"enemies":"Gensokyo:Doremy","floor":45,"turns":6},{"damage":12,"enemies":"Gensokyo:4_Bats","floor":47,"turns":3},{"damage":13,"enemies":"Gensokyo:Rafflesia","floor":49,"turns":4},{"damage":18,"enemies":"SI_POISON_ARCHETYPE","floor":50,"turns":5},{"damage":91,"enemies":"downfall:CharBossMerchant","floor":52,"turns":7},{"damage":46,"enemies":"downfall:NeowBoss","floor":55,"turns":12},{"damage":98,"enemies":"downfall:NeowBossFinal","floor":56,"turns":5}],"seed_played":"2898032730232729963","potions_obtained":[{"floor":2,"key":"DuplicationPotion"},{"floor":9,"key":"bronze:BurnAndBuffPotion"},{"floor":15,"key":"Dexterity Potion"},{"floor":16,"key":"FairyPotion"},{"floor":19,"key":"SkillPotion"},{"floor":23,"key":"Fruit Juice"},{"floor":26,"key":"SpeedPotion"},{"floor":30,"key":"LiquidBronze"},{"floor":31,"key":"Fire Potion"},{"floor":32,"key":"EssenceOfSteel"},{"floor":36,"key":"champ:CounterPotion"},{"floor":45,"key":"Dexterity Potion"}],"is_trial":false,"path_per_floor":["R","M","?","?","$","M","T","COS","M","R","T","E","$","E","M","B",null,"R","M","M","?","?","E","T","R","M","R","M","E","M","M","M","B",null,"R","M","M","M","COS","M","T","?","?","$","E","R","M","?","M","B",null,"E","$","R","B","B",null],"character_chosen":"REMILIA","items_purchased":["NightDance","Torii","CharismaGuard","Anchor","RedRainbow+1"],"campfire_rested":1,"item_purchase_floors":[5,5,5,13,53],"current_hp_per_floor":[75,75,75,75,75,75,75,75,75,75,75,74,74,75,71,39,75,75,42,24,24,24,29,29,53,29,29,19,20,1,3,12,22,84,94,52,28,37,37,27,27,27,27,27,22,22,24,24,34,59,98,82,82,82,108,56],"gold":43,"neow_bonus":"THREE_ENEMY_KILL","is_daily":false,"chose_seed":false,"campfire_upgraded":5,"win_rate":0.0,"timestamp":1612011398,"path_taken":["R","M","?","?","?","M","T","COS","M","R","?","E","$","E","M","BOSS","R","M","M","?","?","E","T","R","M","R","M","E","M","?","M","BOSS","R","M","M","M","COS","M","T","?","?","?","E","R","M","?","M","BOSS","E","$","R","BOSS","BOSS"],"items_purchased_type":["Card","Relic","Card","Relic","Card"],"build_version":"2020-12-22","purchased_purges":0,"victory":true,"max_hp_per_floor":[75,75,75,75,75,75,75,75,75,75,75,75,75,75,75,75,75,75,75,75,75,75,80,80,80,80,80,80,80,80,80,84,84,84,94,94,94,94,94,94,94,94,94,94,94,94,94,94,94,98,98,108,108,108,108,108],"card_choices":[{"not_picked":["BombardNight","EndlessAdversity"],"picked":"LeisurelyOfLord","floor":2},{"not_picked":["FavorOfDestiny","MastersStateliness"],"picked":"RedRainbow","floor":4},{"not_picked":["DiffusionOfMisfortune","LeisurelyOfLord"],"picked":"ScarletDevilSign","floor":4},{"not_picked":["FavorOfDestiny","UnstableMagic"],"picked":"BloodHunter","floor":5},{"not_picked":["ScarletDream","UltimateOffering"],"picked":"DevilSight","floor":6},{"not_picked":["FavorOfDestiny","DiffusionOfMisfortune"],"picked":"Septette","floor":9},{"not_picked":["MillenniumVampire","ScarletDevil"],"picked":"BatForm","floor":12},{"not_picked":["CurseOfVladTepes","ScarletDevil"],"picked":"VampireClaw","floor":14},{"not_picked":["ScarletDevil","BlasphemousPunishment"],"picked":"BloodyMagicSquare","floor":15},{"not_picked":["TransientEternity","DemonKingCradle"],"picked":"ForecastOfChange","floor":16},{"not_picked":["BombardNight","AfternoonTea"],"picked":"ScarletDream+1","floor":19},{"not_picked":["ScarletGensokyo+1","FavorOfDestiny"],"picked":"StarOfDavid","floor":20},{"not_picked":["UnstableMagic","Septette"],"picked":"KillingBlow","floor":23},{"not_picked":["BombardNight+1","CharismaGuard"],"picked":"VampireKiss","floor":26},{"not_picked":["ScarletDevil","RedRainbow"],"picked":"EmergencyRegeneration","floor":28},{"not_picked":["BloodHunter","ScarletDevil"],"picked":"MiserableFate","floor":29},{"not_picked":["BombardNight","ScarletSymphony"],"picked":"Stigmanizer","floor":30},{"not_picked":["TricksterDevil","ScarletImprint"],"picked":"SuperhumanBloodyKnife","floor":31},{"not_picked":["VampireFantasy+1","BlasphemousPunishment+1"],"picked":"Stigmanizer","floor":32},{"not_picked":["ChaoticDestiny","DemonKingCradle"],"picked":"ForecastOfChange","floor":33},{"not_picked":["ScarletDevil","UnderTheZenith"],"picked":"RedRainbow+1","floor":36},{"not_picked":["CharismaGuard","NightDance"],"picked":"EndlessAdversity+1","floor":37},{"not_picked":["FitfulNightmare","MillenniumVampire"],"picked":"AfternoonTea","floor":38},{"not_picked":["NightDance","FitfulNightmare"],"picked":"DiffusionOfMisfortune","floor":40},{"not_picked":["CeilingFear","BloodySeventeenLaser"],"picked":"QueenOfMidnight","floor":45},{"not_picked":["BloodRain","EndlessAdversity+1"],"picked":"DiffusionOfMisfortune+1","floor":45},{"not_picked":["RedNightlessCastle+1","BloodHunter+1"],"picked":"RedRainbow+1","floor":47},{"not_picked":["ScarletDream","ScarletDevil+1"],"picked":"Ultimatum+1","floor":49},{"not_picked":["UnderTheZenith","TransientEternity"],"picked":"MastersStateliness+1","floor":52}],"player_experience":296324,"relics_obtained":[{"floor":7,"key":"Nunchaku"},{"floor":11,"key":"Bottled Lightning"},{"floor":12,"key":"Du-Vu Doll"},{"floor":14,"key":"Blood Vial"},{"floor":23,"key":"Oddly Smooth Stone"},{"floor":28,"key":"Gensokyo:MosesMiracle"},{"floor":29,"key":"Shovel"},{"floor":35,"key":"Matryoshka"},{"floor":41,"key":"Molten Egg 2"},{"floor":41,"key":"CeramicFish"},{"floor":45,"key":"StoneCalendar"},{"floor":52,"key":"Pear"}],"event_choices":[],"is_beta":false,"boss_relics":[{"not_picked":["Ectoplasm","Empty Cage"],"picked":"Philosopher\u0027s Stone"},{"not_picked":["Snecko Eye","Pandora\u0027s Box"],"picked":"Coffee Dripper"}],"items_purged_floors":[],"is_endless":false,"potions_floor_spawned":[2,9,15,16,19,23,26,30,31,32,36,45,49],"ascension_level":1}}