{"host":"oxttf2o6jwqrmkaz","time":1612030766,"event":{"mods":["100% Spire Juice","Act Like it!","BaseMod","CapriCore","Colored Map","Minty Spire (QoL Compilation)","StSLib","SuperFastMode","The Immortal"],"gold_per_floor":[114,64,79,91,110,110,136,136,136,211,17,33,43,62,62,159,159,171,185,201,126,51,79,79,97,97,97,9,9,9,22,22,119,119,145,145,170,79,107,107,19,19,46,46,78,96,19,19,19,39],"floor_reached":51,"language":"KOR","playtime":3520,"items_purged":["MokouMod:Strike","MokouMod:Defend","MokouMod:Defend","MokouMod:Strike","MokouMod:RadiantBlade"],"score":770,"play_id":"5aa2f078-53e4-4133-8cb8-61bbd4d4e266","local_time":"20210131031926","is_ascension_mode":false,"campfire_choices":[{"data":"MokouMod:IgneousBlow","floor":6.0,"key":"SMITH"},{"data":"MokouMod:Scorch","floor":8.0,"key":"SMITH"},{"data":"MokouMod:FlareStarter","floor":15,"key":"SMITH"},{"floor":24,"key":"REST"},{"data":"MokouMod:Extinguish","floor":29,"key":"SMITH"},{"data":"MokouMod:Strike","floor":32,"key":"PURGE"},{"data":"MokouMod:HeatSpark","floor":40,"key":"PURGE"},{"data":"MokouMod:RetainTemperature","floor":44,"key":"PURGE"},{"data":"MokouMod:ResoluteFlare+1","floor":49,"key":"PURGE"}],"circlet_count":0,"master_deck":["MokouMod:Defend+1","MokouMod:TemporalFireSeal+1","MokouMod:Scorch+1","MokouMod:IgneousBlow+1","MokouMod:ScorchingColumn+1","MokouMod:Firecracker+1","MokouMod:BlazingComet+1","MokouMod:FlareStarter+1","MokouMod:Extinguish+1","MokouMod:IndiscriminateIgnition+1","MokouMod:TemporalFireSeal+1","MokouMod:BurningDraft+1","MokouMod:PhoenixFeathers+1","MokouMod:InfernalWave+1","Jack Of All Trades+1","MokouMod:BurningDraft+1","MokouMod:Refresh+1","MokouMod:Geothermal+1","CurseOfTheBell","MokouMod:BlazingComet+1","MokouMod:BurningDraft+1","MokouMod:BurningDraft+1","MokouMod:Stoke+1","Madness+1","Madness+1"],"relics":["MokouMod:PhoenixFeather","NeowsBlessing","Thread and Needle","CaptainsWheel","Membership Card","Sozu","Molten Egg 2","Peace Pipe","Bottled Lightning","Lizard Tail","Shovel","ClockworkSouvenir","Calling Bell","CeramicFish","Gremlin Horn","Torii","Incense Burner","TheAbacus","Bird Faced Urn","Lee\u0027s Waffle","Art of War","Unceasing Top","Toolbox","Eternal Feather","Juzu Bracelet","Mark of the Bloom"],"acts_visited":["Exordium","TheCity","TheBeyond"],"potions_floor_usage":[23,50],"damage_taken":[{"damage":0.0,"enemies":"2 Louse","floor":1.0,"turns":1.0},{"damage":0.0,"enemies":"Small Slimes","floor":3.0,"turns":1.0},{"damage":0.0,"enemies":"Cultist","floor":4.0,"turns":1.0},{"damage":9.0,"enemies":"Looter","floor":5.0,"turns":2.0},{"damage":19.0,"enemies":"Lagavulin","floor":7.0,"turns":6.0},{"damage":4,"enemies":"Red Slaver","floor":12,"turns":4},{"damage":3,"enemies":"Exordium Thugs","floor":13,"turns":3},{"damage":1,"enemies":"Looter","floor":14,"turns":2},{"damage":4,"enemies":"The Guardian","floor":16,"turns":8},{"damage":19,"enemies":"Shell Parasite","floor":18,"turns":6},{"damage":0,"enemies":"Spheric Guardian","floor":19,"turns":1},{"damage":0,"enemies":"Centurion and Healer","floor":20,"turns":5},{"damage":24,"enemies":"Gremlin Leader","floor":23,"turns":7},{"damage":30,"enemies":"Shelled Parasite and Fungi","floor":25,"turns":12},{"damage":40,"enemies":"Cultist and Chosen","floor":31,"turns":10},{"damage":51,"enemies":"Champ","floor":33,"turns":10},{"damage":8,"enemies":"3 Shapes","floor":35,"turns":19},{"damage":11,"enemies":"3 Darklings","floor":37,"turns":4},{"damage":26,"enemies":"Maw","floor":39,"turns":12},{"damage":0,"enemies":"Giant Head","floor":45,"turns":5},{"damage":19,"enemies":"Awakened One","floor":50,"turns":10}],"seed_played":"7461919994479652200","potions_obtained":[{"floor":4.0,"key":"CultistPotion"},{"floor":5.0,"key":"Ancient Potion"},{"floor":13,"key":"SpeedPotion"},{"floor":16,"key":"Fire Potion"}],"is_trial":false,"path_per_floor":["M","?","M","M","M","R","E","R","T","?","$","M","M","M","R","B",null,"M","M","M","?","$","E","R","M","T","?","$","R","$","M","R","B",null,"M","?","M","$","M","R","$","?","T","R","E","?","$","?","R","B",null],"character_chosen":"MKU","items_purchased":["Membership Card","MokouMod:BlazingComet","MokouMod:BurningDraft","MokouMod:BurningDraft","MokouMod:BurningDraft","Juzu Bracelet"],"campfire_rested":1,"item_purchase_floors":[11,11,22,28,38,47],"current_hp_per_floor":[75,75,75,75,66,66,47,47,47,40,40,36,33,32,32,28,75,56,56,56,56,56,32,54,24,24,24,24,24,24,4,4,18,75,67,67,56,56,82,82,82,82,82,82,82,72,72,72,72,53],"gold":39,"neow_bonus":"THREE_ENEMY_KILL","is_daily":false,"chose_seed":false,"campfire_upgraded":4,"win_rate":0.0,"timestamp":1612030766,"path_taken":["M","?","M","M","M","R","E","R","T","?","$","M","M","M","R","BOSS","M","M","M","?","$","E","R","M","T","?","$","R","$","M","R","BOSS","M","?","M","$","M","R","?","?","T","R","E","?","$","?","R","BOSS"],"items_purchased_type":["Relic","Card","Card","Card","Card","Relic"],"build_version":"2020-12-22","purchased_purges":5,"victory":true,"max_hp_per_floor":[75,75,75,75,75,75,75,75,75,75,75,75,75,75,75,75,75,75,75,75,75,75,75,75,75,75,75,75,75,75,75,75,75,75,75,75,75,75,82,82,82,82,82,82,82,82,82,82,82,82],"card_choices":[{"not_picked":["MokouMod:HeartofFire","MokouMod:FlickeringFlame"],"picked":"MokouMod:TemporalFireSeal","floor":1.0},{"not_picked":["MokouMod:Meltdown","MokouMod:BlazingComet"],"picked":"MokouMod:Scorch","floor":3.0},{"not_picked":["MokouMod:FujiyamaVolcano","MokouMod:HeatCyclone"],"picked":"MokouMod:IgneousBlow","floor":4.0},{"not_picked":["MokouMod:Trailblazer","MokouMod:SubterraneanCore"],"picked":"MokouMod:ScorchingColumn","floor":5.0},{"not_picked":["MokouMod:ScorchingColumn","MokouMod:Overheat"],"picked":"MokouMod:Firecracker","floor":7.0},{"not_picked":["MokouMod:BurningDraft","MokouMod:Sear"],"picked":"MokouMod:RadiantBlade","floor":12},{"not_picked":["MokouMod:Firecracker","MokouMod:RoaringFlare"],"picked":"MokouMod:RetainTemperature","floor":13},{"not_picked":["MokouMod:FlickeringFlame","MokouMod:Trailblazer"],"picked":"MokouMod:FlareStarter","floor":14},{"not_picked":["MokouMod:ExplosiveFlame","MokouMod:RadiantBlade"],"picked":"MokouMod:Extinguish","floor":16},{"not_picked":["MokouMod:Combust","MokouMod:RoaringFlare"],"picked":"MokouMod:IndiscriminateIgnition","floor":18},{"not_picked":["MokouMod:Ember","MokouMod:CrimsonFlare"],"picked":"MokouMod:ResoluteFlare","floor":19},{"not_picked":["MokouMod:Firecracker+1","MokouMod:Singe+1"],"picked":"MokouMod:TemporalFireSeal+1","floor":20},{"not_picked":["MokouMod:Meltdown+1","MokouMod:HeatTransfer"],"picked":"MokouMod:PhoenixFeathers","floor":23},{"not_picked":["MokouMod:Firecracker","MokouMod:Meltdown"],"picked":"MokouMod:InfernalWave+1","floor":25},{"not_picked":["MokouMod:Singe+1","MokouMod:Stoke+1"],"picked":"MokouMod:Refresh","floor":31},{"not_picked":["MokouMod:Extinguish","MokouMod:RadiantBlade+1"],"picked":"MokouMod:Geothermal+1","floor":33},{"not_picked":["MokouMod:InfernalWave+1","MokouMod:Sear"],"picked":"MokouMod:BlazingComet+1","floor":35},{"not_picked":["MokouMod:BlazingComet+1","MokouMod:AdaptivePyromancy+1"],"picked":"MokouMod:BurningDraft+1","floor":37},{"not_picked":["MokouMod:ScorchingColumn+1","MokouMod:SearingShot+1"],"picked":"MokouMod:Stoke+1","floor":39},{"not_picked":["MokouMod:ScorchingColumn+1","MokouMod:HeartofFire","MokouMod:ExplosiveFlame"],"picked":"SKIP","floor":45}],"player_experience":884878,"relics_obtained":[{"floor":7.0,"key":"Thread and Needle"},{"floor":9.0,"key":"CaptainsWheel"},{"floor":23,"key":"Molten Egg 2"},{"floor":25,"key":"Peace Pipe"},{"floor":26,"key":"Bottled Lightning"},{"floor":31,"key":"Lizard Tail"},{"floor":33,"key":"Shovel"},{"floor":33,"key":"ClockworkSouvenir"},{"floor":34,"key":"CeramicFish"},{"floor":34,"key":"Gremlin Horn"},{"floor":34,"key":"Torii"},{"floor":35,"key":"Incense Burner"},{"floor":35,"key":"TheAbacus"},{"floor":39,"key":"Bird Faced Urn"},{"floor":39,"key":"Lee\u0027s Waffle"},{"floor":43,"key":"Art of War"},{"floor":45,"key":"Unceasing Top"},{"floor":45,"key":"Toolbox"},{"floor":45,"key":"Eternal Feather"}],"event_choices":[{"cards_removed":["MokouMod:Strike"],"damage_healed":0.0,"max_hp_gain":0.0,"max_hp_loss":0.0,"gold_gain":0.0,"event_name":"The Cleric","player_choice":"Card Removal","floor":2.0,"gold_loss":50.0,"damage_taken":0.0},{"damage_healed":0,"gold_gain":75,"player_choice":"Touch","damage_taken":7,"max_hp_gain":0,"max_hp_loss":0,"event_name":"FaceTrader","floor":10,"gold_loss":0},{"cards_removed":["MokouMod:Strike"],"damage_healed":0,"gold_gain":0,"player_choice":"Gave Gold","damage_taken":0,"max_hp_gain":0,"max_hp_loss":0,"event_name":"Beggar","floor":21,"gold_loss":75},{"damage_healed":0,"gold_gain":0,"player_choice":"1 cards matched","damage_taken":0,"max_hp_gain":0,"max_hp_loss":0,"event_name":"Match and Keep!","floor":27,"gold_loss":0,"cards_obtained":["Jack Of All Trades"]},{"damage_healed":0,"gold_gain":0,"player_choice":"Ignored","damage_taken":0,"max_hp_gain":0,"max_hp_loss":0,"event_name":"SecretPortal","floor":36,"gold_loss":0},{"cards_removed":["MokouMod:Defend"],"damage_healed":0,"gold_gain":0,"player_choice":"Removed Skill","damage_taken":0,"max_hp_gain":0,"max_hp_loss":0,"event_name":"Falling","floor":42,"gold_loss":0},{"damage_healed":0,"gold_gain":0,"player_choice":"Embrace Madness","damage_taken":10,"max_hp_gain":0,"max_hp_loss":0,"event_name":"Winding Halls","floor":46,"gold_loss":0,"cards_obtained":["Madness","Madness"]},{"damage_healed":0,"gold_gain":0,"player_choice":"Upgrade","damage_taken":0,"relics_obtained":["Mark of the Bloom"],"max_hp_gain":0,"max_hp_loss":0,"event_name":"MindBloom","floor":48,"gold_loss":0,"cards_upgraded":["MokouMod:Defend","MokouMod:TemporalFireSeal","MokouMod:ScorchingColumn","MokouMod:Firecracker","MokouMod:BlazingComet","MokouMod:IndiscriminateIgnition","MokouMod:ResoluteFlare","MokouMod:BurningDraft","MokouMod:PhoenixFeathers","Jack Of All Trades","MokouMod:BurningDraft","MokouMod:Refresh","MokouMod:BurningDraft","Madness","Madness"]}],"is_beta":false,"boss_relics":[{"not_picked":["SacredBark","Snecko Eye"],"picked":"Sozu"},{"not_picked":["Coffee Dripper","SlaversCollar"],"picked":"Calling Bell"}],"items_purged_floors":[11,22,28,38,41],"is_endless":false,"potions_floor_spawned":[4,5,13,16,18,23,25,31,37],"ascension_level":0}}