{"host":"0b7urydaxuefbgpn","time":1612027519,"event":{"mods":["Bard","BaseMod","Colored Powertips","Dio Mod","Downfall","Hermit","Jorbs\u0027s Wanderer Trilogy","Marisa????????","Minty Spire (QoL Compilation)","Replay The Spire","StSLib","The Bladedancer","The Cursed","The Disciple","The Poker Player","The Servant 0.9.4"],"gold_per_floor":[110,123,138,138,138,138,168,168,194,219,231,256,288,300,312,324,324],"floor_reached":16,"language":"RUS","playtime":394,"items_purged":[],"score":102,"play_id":"e5b26812-a24b-44d3-9cff-383f7580d050","local_time":"20210130202519","is_ascension_mode":false,"campfire_choices":[{"data":"MilkyWay","floor":6,"key":"SMITH"},{"floor":11,"key":"REST"},{"floor":15,"key":"REST"}],"circlet_count":0,"master_deck":["Strike_MRS","Strike_MRS+1","Strike_MRS","Strike_MRS","Defend_MRS","Defend_MRS","Defend_MRS","MasterSpark","UpSweep","DC","GravityBeat","MilkyWay+1","GravityBeat+1","SporeBomb+1","Occultation","ManaRampage","GalacticHalo"],"relics":["MiniHakkero","NeowsBlessing","Nunchaku","Replay:WaspNest","MawBank"],"acts_visited":["Exordium"],"potions_floor_usage":[],"damage_taken":[{"damage":0,"enemies":"Cultist","floor":1,"turns":1},{"damage":0,"enemies":"Jaw Worm","floor":2,"turns":1},{"damage":0,"enemies":"2 Louse","floor":3,"turns":1},{"damage":14,"enemies":"Gremlin Nob","floor":7,"turns":3},{"damage":12,"enemies":"Blue Slaver","floor":10,"turns":2},{"damage":5,"enemies":"3 Louse","floor":12,"turns":3},{"damage":0,"enemies":"Large Slime","floor":13,"turns":2},{"damage":15,"enemies":"Fading Forest","floor":16,"turns":4}],"seed_played":"7775473752910367152","potions_obtained":[{"floor":2,"key":"FairyPotion"},{"floor":3,"key":"AttackPotion"},{"floor":7,"key":"StarNLove"}],"is_trial":false,"path_per_floor":["M","M","M","?","?","R","E","?","T","M","R","M","M","$","R","B"],"character_chosen":"MARISA","items_purchased":[],"campfire_rested":2,"item_purchase_floors":[],"current_hp_per_floor":[75,75,75,63,63,63,49,34,34,22,44,39,39,39,61,46,46],"gold":324,"neow_bonus":"THREE_ENEMY_KILL","is_daily":false,"chose_seed":false,"campfire_upgraded":1,"win_rate":0.0,"timestamp":1612027519,"path_taken":["M","?","M","?","?","R","E","?","T","M","R","M","?","$","R","BOSS"],"items_purchased_type":[],"build_version":"2020-12-13","purchased_purges":0,"victory":false,"max_hp_per_floor":[75,75,75,75,75,75,75,75,75,75,75,75,75,75,75,75,75],"card_choices":[{"not_picked":["DoubleSpark","MagicAbsorber"],"picked":"DC","floor":1},{"not_picked":["PropBag","BlazeAway"],"picked":"GravityBeat","floor":2},{"not_picked":["AsteroidBelt","6A"],"picked":"MilkyWay","floor":3},{"not_picked":["StarlightTyphoon","PropBag"],"picked":"SporeBomb","floor":7},{"not_picked":["WitchOfGreed","MachineGunSpark"],"picked":"Occultation","floor":10},{"not_picked":["DoubleSpark","BlazeAway"],"picked":"ManaRampage","floor":12},{"not_picked":["SuperPerseids","UnstableBomb"],"picked":"GalacticHalo","floor":13}],"player_experience":15334,"relics_obtained":[{"floor":7,"key":"Replay:WaspNest"},{"floor":9,"key":"MawBank"}],"event_choices":[{"damage_healed":0,"gold_gain":0,"player_choice":"Success","damage_taken":12,"relics_obtained":["Nunchaku"],"max_hp_gain":0,"max_hp_loss":0,"event_name":"Scrap Ooze","floor":4,"gold_loss":0},{"damage_healed":0,"gold_gain":0,"player_choice":"Entered Light","damage_taken":15,"max_hp_gain":0,"max_hp_loss":0,"event_name":"Shining Light","floor":8,"gold_loss":0,"cards_upgraded":["SporeBomb","Strike_MRS"]}],"is_beta":false,"boss_relics":[],"items_purged_floors":[],"is_endless":false,"potions_floor_spawned":[2,3,7],"killed_by":"Fading Forest","ascension_level":0}}