{"host":"xc18ixkpjvqrt8st","time":1612045787,"event":{"mods":["Act Like it!","BaseMod","Better Match","Better Third Choice","Conspire","Downfall","Hallownest","Hermit","Hubris","Infinite Spire","JesterMod","Minty Spire (QoL Compilation)","Reliquary","Replay The Spire","Robot Space Explorer","Shop Mod","Spicy Shops","Spire Arcade","StSLib","The Animator","The Edgeheg","The Jungle","The Marked","The Sage"],"gold_per_floor":[109,121,138,108,83,83,118,118,142,195,208,208,222,268,268,387,387,410,410,410,431,445,445,445,445,471,30,30,30,30,46,46,65,65,65,65],"floor_reached":35,"language":"ENG","playtime":1545,"items_purged":[],"score":267,"play_id":"1d82ff65-e34a-4501-994f-6cf20d0a9518","local_time":"20210130162947","is_ascension_mode":false,"campfire_choices":[{"floor":6,"key":"REST"},{"floor":8,"key":"REST"},{"floor":15,"key":"REST"},{"floor":23,"key":"REST"},{"floor":25,"key":"RECALL"},{"floor":30,"key":"REST"},{"floor":34,"key":"REST"}],"circlet_count":0,"master_deck":["jesterMod:Strike","jesterMod:Strike","jesterMod:Strike","jesterMod:Strike","jesterMod:Sickle","jesterMod:Defend","jesterMod:Defend","jesterMod:Defend","jesterMod:Defend","jesterMod:Dodge","jesterMod:Anticipation","jesterMod:Contradiction","jesterMod:Hide","jesterMod:ButterKnife","jesterMod:Pillage","jesterMod:Tinker","jesterMod:SmokeScreen","Injury","jesterMod:HedgehogForm","jesterMod:Overthink","jesterMod:Exasperation+1","infinitespire:Punishment","jesterMod:Illness+1","jesterMod:Anticipation","Replay:BasicMightCard","jesterMod:Precipitation","jesterMod:Juggler","infinitespire:Execution","jesterMod:TrickyDodge+1"],"relics":["jesterMod:JesterCap","NeowsBlessing","Anchor","Pen Nib","Golden Idol","Replay:Wax Seal","Black Star","reliquary:QuartzCube","reliquary:RoseTintedGlasses","Du-Vu Doll","reliquary:OuijaBoard"],"acts_visited":["Exordium","TheCity"],"potions_floor_usage":[10,16,35],"damage_taken":[{"damage":0,"enemies":"Cultist","floor":1,"turns":1},{"damage":0,"enemies":"2 Louse","floor":2,"turns":1},{"damage":0,"enemies":"Jaw Worm","floor":3,"turns":1},{"damage":0,"enemies":"Looter","floor":4,"turns":4},{"damage":19,"enemies":"Exordium Thugs","floor":5,"turns":5},{"damage":18,"enemies":"3 Sentries","floor":7,"turns":12},{"damage":26,"enemies":"Lagavulin","floor":10,"turns":9},{"damage":0,"enemies":"2 Fungi Beasts","floor":11,"turns":4},{"damage":18,"enemies":"Gremlin Gang","floor":13,"turns":7},{"damage":27,"enemies":"Slime Boss","floor":16,"turns":9},{"damage":32,"enemies":"Chosen","floor":18,"turns":6},{"damage":2,"enemies":"Shell Parasite","floor":21,"turns":3},{"damage":10,"enemies":"3 Cultists","floor":22,"turns":6},{"damage":25,"enemies":"Sentry and Sphere","floor":31,"turns":4},{"damage":7,"enemies":"conspire:HollyBat","floor":33,"turns":7},{"damage":49,"enemies":"hubris:MusketHawk","floor":35,"turns":7}],"seed_played":"7695207047025126529","potions_obtained":[{"floor":2,"key":"Ancient Potion"},{"floor":7,"key":"DuplicationPotion"},{"floor":11,"key":"PowerPotion"},{"floor":18,"key":"bronze:BurnAndBuffPotion"},{"floor":33,"key":"Energy Potion"}],"is_trial":false,"path_per_floor":["M","M","M","M","M","R","E","R","T","E","M","?","M","T","R","B",null,"M","?","T","M","M","R","?","R","T","$","PTL","PTL","R","M","AVR","M","R","B"],"character_chosen":"THE_JESTER","items_purchased":["Du-Vu Doll","Replay:BasicMightCard","jesterMod:Precipitation"],"campfire_rested":6,"item_purchase_floors":[27,27,27],"current_hp_per_floor":[70,70,70,70,51,70,52,70,70,44,44,44,29,29,50,23,73,41,24,24,22,12,33,38,38,38,38,38,38,59,34,34,27,48,0,0],"gold":65,"neow_bonus":"THREE_ENEMY_KILL","is_daily":false,"chose_seed":false,"campfire_upgraded":0,"win_rate":0.0,"timestamp":1612045787,"path_taken":["M","M","?","M","M","R","E","R","T","E","M","?","M","?","R","BOSS","M","?","?","M","M","R","?","R","T","$","PTL","PTL","R","?","AVR","M","R","BOSS"],"items_purchased_type":["Relic","Card","Card"],"build_version":"2020-12-22","purchased_purges":0,"victory":false,"max_hp_per_floor":[70,70,70,70,70,70,70,70,70,70,70,70,73,73,73,73,73,73,73,73,73,73,73,73,73,73,73,73,73,73,73,73,73,73,73,73],"card_choices":[{"not_picked":["jesterMod:DancingMad","jesterMod:DanceOfChaos"],"picked":"jesterMod:Anticipation","floor":1},{"not_picked":["jesterMod:RecklessStrike","jesterMod:Discretion"],"picked":"jesterMod:Contradiction","floor":2},{"not_picked":["jesterMod:Rebuff","jesterMod:JugglerBlade"],"picked":"jesterMod:Hide","floor":3},{"not_picked":["jesterMod:Procrastination","jesterMod:TrickyDodge"],"picked":"jesterMod:ButterKnife","floor":4},{"not_picked":["jesterMod:Disposophobia","jesterMod:Patience"],"picked":"jesterMod:ButterKnife","floor":5},{"not_picked":["jesterMod:Arrythmia","jesterMod:Prankster"],"picked":"jesterMod:Pillage","floor":7},{"not_picked":["jesterMod:DaggerRain","jesterMod:RecklessStrike"],"picked":"jesterMod:Tinker","floor":10},{"not_picked":["jesterMod:Feint","jesterMod:Anticipation"],"picked":"jesterMod:SmokeScreen","floor":11},{"not_picked":["jesterMod:SmokeScreen","jesterMod:Hide"],"picked":"jesterMod:HedgehogForm","floor":13},{"not_picked":["jesterMod:ButterflyDance","jesterMod:Encore"],"picked":"jesterMod:Overthink","floor":16},{"not_picked":["jesterMod:Feint","jesterMod:SwiftDodge"],"picked":"jesterMod:Exasperation+1","floor":18},{"not_picked":["ReplayTheSpireMod:Book of Names","infinitespire:UltimateForm"],"picked":"infinitespire:Punishment","floor":19},{"not_picked":["jesterMod:Prankster","jesterMod:Hide"],"picked":"jesterMod:Illness+1","floor":21},{"not_picked":["jesterMod:Illness+1","jesterMod:Patience"],"picked":"jesterMod:Anticipation","floor":22},{"not_picked":["jesterMod:Contradiction","jesterMod:ButterKnife+1"],"picked":"jesterMod:Juggler","floor":31},{"not_picked":["jesterMod:Rebuff","jesterMod:Disposophobia"],"picked":"jesterMod:TrickyDodge+1","floor":33}],"player_experience":683509,"relics_obtained":[{"floor":7,"key":"Anchor"},{"floor":10,"key":"Pen Nib"},{"floor":14,"key":"Replay:Wax Seal"},{"floor":20,"key":"reliquary:QuartzCube"},{"floor":26,"key":"reliquary:RoseTintedGlasses"}],"event_choices":[{"damage_healed":0,"gold_gain":0,"player_choice":"Take Wound","damage_taken":0,"relics_obtained":["Golden Idol"],"max_hp_gain":0,"max_hp_loss":0,"event_name":"Golden Idol","floor":12,"gold_loss":0,"cards_obtained":["Injury"]},{"cards_removed":["jesterMod:ButterKnife"],"damage_healed":5,"gold_gain":0,"player_choice":"Offered Common","damage_taken":0,"max_hp_gain":0,"max_hp_loss":0,"event_name":"Bonfire Elementals","floor":24,"gold_loss":0},{"cards_removed":["jesterMod:ButterKnife"],"damage_healed":5,"gold_gain":0,"player_choice":"Offered Special","damage_taken":0,"max_hp_gain":0,"max_hp_loss":0,"event_name":"Bonfire Elementals","floor":24,"gold_loss":0}],"is_beta":false,"boss_relics":[{"not_picked":["Empty Cage","Replay:Bronze Core"],"picked":"Black Star"}],"items_purged_floors":[],"is_endless":false,"potions_floor_spawned":[2,7,11,13,18,22,33],"killed_by":"hubris:MusketHawk","ascension_level":0}}