{"host":"78ng8b0jg92p48rp","time":1612029724,"event":{"mods":["Aspiration","BaseMod","Minty Spire (QoL Compilation)","Quick Restart","Replay The Spire","StSLib"],"gold_per_floor":[113,127,127,202,202,229,229,28,52,52,78,105,105,125,125,228,228,248,323,342,163,182,212,232,232,256,273,303,402,502,522,522,624,624,644,644,694,343,443,443,471,488,488,523,539,554,573,258,258,258],"floor_reached":51,"language":"ZHS","playtime":3074,"items_purged":["Regret","Hallucinations","Sickly","Clumsy"],"score":828,"play_id":"945bbccc-a08f-4111-9917-78ea0576d51f","local_time":"20210131020204","is_ascension_mode":false,"campfire_choices":[{"data":"Storm","floor":7,"key":"SMITH"},{"data":"Self Repair","floor":10,"key":"SMITH"},{"data":"Loop","floor":13,"key":"SMITH"},{"data":"Mirror Shield","floor":15,"key":"SMITH"},{"data":"Electrodynamics","floor":25,"key":"SMITH"},{"data":"Loop","floor":32,"key":"SMITH"},{"data":"Enlightenment","floor":40,"key":"SMITH"},{"data":"Storm","floor":49,"key":"SMITH"}],"circlet_count":0,"master_deck":["Strike_B","Defend_B","Defend_B","Defend_B","Defend_B","Zap","Dualcast","Storm+1","Mirror Shield+1","Self Repair+1","Conserve Battery","Loop+1","Electrodynamics+1","Force Field","Heatsinks","Consume","Loop+1","Hello World","FIFO Queue","Machine Learning","Enlightenment+1","Loop+1","Hello World","Melter","Storm+1","Crystallizer+1","Storm+1","Hello World","Specialist","Crystallizer","Amplify"],"relics":["Cracked Core","NeowsBlessing","HornCleat","Bag of Preparation","Bag of Marbles","Lantern","Regal Pillow","Replay:Ancient Bell","Replay:Wax Seal","aspiration:FrozenJewel","aspiration:MysteriousAuxiliaryCore","ReplayFunnel","Boot","Letter Opener","Replay:PocketPolymizer","InkBottle","Inserter","Replay:Rubber Ducky","BranchBurnRelic","Potion Belt","Replay:Accelerometer","Solar Panel"],"acts_visited":["Exordium","TheCity","TheBeyond"],"potions_floor_usage":[23],"damage_taken":[{"damage":0,"enemies":"Cultist","floor":1,"turns":1},{"damage":0,"enemies":"Small Slimes","floor":2,"turns":1},{"damage":0,"enemies":"Lagavulin","floor":6,"turns":1},{"damage":6,"enemies":"Gremlin Nob","floor":12,"turns":4},{"damage":0,"enemies":"2 Louse","floor":14,"turns":2},{"damage":17,"enemies":"The Guardian","floor":16,"turns":12},{"damage":4,"enemies":"3 Byrds","floor":18,"turns":2},{"damage":3,"enemies":"Spheric Guardian","floor":20,"turns":4},{"damage":15,"enemies":"Chosen and Byrds","floor":22,"turns":6},{"damage":0,"enemies":"Gremlin Leader","floor":23,"turns":9},{"damage":8,"enemies":"Centurion and Healer","floor":24,"turns":11},{"damage":7,"enemies":"Snake Plant","floor":27,"turns":3},{"damage":18,"enemies":"Replay:Snechameleon","floor":28,"turns":5},{"damage":9,"enemies":"Colosseum Slavers","floor":30,"turns":2},{"damage":3,"enemies":"Colosseum Nobs","floor":30,"turns":4},{"damage":3,"enemies":"Chosen and Byrds","floor":31,"turns":4},{"damage":13,"enemies":"Pondfish","floor":33,"turns":9},{"damage":0,"enemies":"3 Darklings","floor":35,"turns":2},{"damage":16,"enemies":"Mind Bloom Boss Battle","floor":37,"turns":6},{"damage":0,"enemies":"R_Hoarder","floor":41,"turns":7},{"damage":10,"enemies":"Orb Walker","floor":42,"turns":3},{"damage":3,"enemies":"Giant Head","floor":44,"turns":7},{"damage":0,"enemies":"Maw","floor":45,"turns":6},{"damage":0,"enemies":"Jaw Worm Horde","floor":46,"turns":2},{"damage":2,"enemies":"Spire Growth","floor":47,"turns":4},{"damage":0,"enemies":"Replay:Hell Engine","floor":50,"turns":9}],"seed_played":"7907667189248167222","potions_obtained":[{"floor":2,"key":"FocusPotion"},{"floor":6,"key":"Explosive Potion"},{"floor":14,"key":"Elixir"},{"floor":23,"key":"FearPotion"},{"floor":24,"key":"DistilledChaos"},{"floor":35,"key":"LiquidMemories"},{"floor":42,"key":"FearPotion"},{"floor":45,"key":"BlessingOfTheForge"}],"is_trial":false,"path_per_floor":["M","M","?","?","?","E","R","$","T","R","T","E","R","M","R","B",null,"M","?","M","$","M","E","M","R","T","M","E","?","?","M","R","B",null,"M","?","?","$","?","R","E","M","T","E","M","M","M","$","R","B",null],"character_chosen":"DEFECT","items_purchased":["Self Repair","Conserve Battery","Heatsinks","Replay:Rubber Ducky","Hello World","Specialist","Crystallizer"],"campfire_rested":0,"item_purchase_floors":[8,8,21,38,38,48,48],"current_hp_per_floor":[75,75,75,64,64,64,64,64,64,64,64,68,68,68,68,61,75,71,64,61,61,56,66,68,68,68,61,53,53,51,58,58,55,75,75,75,69,69,69,69,75,65,65,72,75,75,75,75,75,75],"gold":258,"neow_bonus":"THREE_ENEMY_KILL","is_daily":false,"chose_seed":false,"campfire_upgraded":8,"win_rate":0.0,"timestamp":1612029724,"path_taken":["M","?","?","?","?","E","R","$","T","R","?","E","R","M","R","BOSS","M","?","M","$","M","E","?","R","T","M","E","?","?","M","R","BOSS","M","?","?","$","?","R","E","M","T","E","?","M","M","?","R","BOSS"],"items_purchased_type":["Card","Card","Card","Relic","Card","Card","Card"],"build_version":"2020-12-22","purchased_purges":4,"victory":true,"max_hp_per_floor":[75,75,75,75,75,75,75,75,75,75,75,75,75,75,75,75,75,75,75,75,75,75,75,75,75,75,75,75,75,75,75,75,75,75,75,75,75,75,75,75,75,75,75,75,75,75,75,75,75,75],"card_choices":[{"not_picked":["Redo","Steam","Reinforced Body"],"picked":"SKIP","floor":1},{"not_picked":["ReplayTheSpireMod:Repulse","Streamline"],"picked":"Storm","floor":2},{"not_picked":["Streamline","Barrage"],"picked":"Mirror Shield","floor":6},{"not_picked":["Cold Snap","Mirror Shield"],"picked":"Loop","floor":12},{"not_picked":["Conserve Battery","Steam","Sunder"],"picked":"SKIP","floor":14},{"not_picked":["Echo Form","Biased Cognition"],"picked":"Electrodynamics","floor":16},{"not_picked":["Overencumbered","Looming Evil"],"picked":"Sickly","floor":17},{"not_picked":["Injury","Languid"],"picked":"Clumsy","floor":17},{"not_picked":["Looming Evil","Normality"],"picked":"Hallucinations","floor":17},{"not_picked":["Cold Snap","Leap"],"picked":"Force Field","floor":18},{"not_picked":["Beam Cell","Tempest","ReplayRNGCard"],"picked":"SKIP","floor":20},{"not_picked":["Panic Button","Streamline"],"picked":"Consume","floor":22},{"not_picked":["Gash","Sunder","Go for the Eyes"],"picked":"SKIP","floor":23},{"not_picked":["Redo","Beam Cell","Go for the Eyes"],"picked":"SKIP","floor":24},{"not_picked":["Stack+1","Go for the Eyes","Conserve Battery"],"picked":"SKIP","floor":27},{"not_picked":["Reinforced Body","ReplayRNGCard","Streamline"],"picked":"SKIP","floor":28},{"not_picked":["Ball Lightning","Melter"],"picked":"Loop","floor":30},{"not_picked":["ReplaySort+1","Fusion+1"],"picked":"Hello World","floor":31},{"not_picked":["Fission","Seek"],"picked":"Machine Learning","floor":33},{"not_picked":["Sweeping Beam","Redo","Beam Cell"],"picked":"SKIP","floor":35},{"not_picked":["Panacea","Dramatic Entrance"],"picked":"Enlightenment","floor":36},{"not_picked":["Barrage+1","Streamline+1"],"picked":"Loop+1","floor":37},{"not_picked":["Ball Lightning","BasicCrystalCard","Compile Driver"],"picked":"SKIP","floor":41},{"not_picked":["aspiration:Polymerization+1","Stack+1"],"picked":"Storm","floor":42},{"not_picked":["All For One","Skim"],"picked":"Crystallizer+1","floor":44},{"not_picked":["Tempest+1","Reprogram+1"],"picked":"Storm+1","floor":45},{"not_picked":["Redo+1","Chill+1"],"picked":"Hello World","floor":46},{"not_picked":["Sweeping Beam+1","Steam","Fusion"],"picked":"SKIP","floor":47}],"player_experience":70750,"relics_obtained":[{"floor":6,"key":"Bag of Preparation"},{"floor":9,"key":"Bag of Marbles"},{"floor":11,"key":"Lantern"},{"floor":12,"key":"Regal Pillow"},{"floor":23,"key":"ReplayFunnel"},{"floor":26,"key":"Boot"},{"floor":28,"key":"Letter Opener"},{"floor":30,"key":"Replay:PocketPolymizer"},{"floor":30,"key":"InkBottle"},{"floor":37,"key":"Dead Branch"},{"floor":41,"key":"Potion Belt"},{"floor":43,"key":"Replay:Accelerometer"},{"floor":44,"key":"Solar Panel"}],"event_choices":[{"damage_healed":0,"gold_gain":75,"player_choice":"Gather Gold","damage_taken":11,"max_hp_gain":0,"max_hp_loss":0,"event_name":"World of Goop","floor":4,"gold_loss":0},{"damage_healed":0,"gold_gain":0,"player_choice":"Box","damage_taken":0,"relics_obtained":["HornCleat"],"max_hp_gain":0,"max_hp_loss":0,"event_name":"Big Fish","floor":5,"gold_loss":0,"cards_obtained":["Regret"]},{"damage_healed":0,"gold_gain":75,"player_choice":"Touch","damage_taken":7,"max_hp_gain":0,"max_hp_loss":0,"event_name":"FaceTrader","floor":19,"gold_loss":0},{"damage_healed":0,"gold_gain":99,"player_choice":"Stole From Cult","damage_taken":0,"max_hp_gain":0,"max_hp_loss":0,"event_name":"Nest","floor":29,"gold_loss":0},{"damage_healed":0,"gold_gain":0,"player_choice":"Fight","damage_taken":0,"max_hp_gain":0,"max_hp_loss":0,"event_name":"Colosseum","floor":30,"gold_loss":0},{"damage_healed":0,"gold_gain":0,"player_choice":"Fought Nobs","damage_taken":0,"max_hp_gain":0,"max_hp_loss":0,"event_name":"Colosseum","floor":30,"gold_loss":0},{"damage_healed":0,"gold_gain":0,"player_choice":"Memory 1","damage_taken":0,"max_hp_gain":0,"max_hp_loss":0,"event_name":"SensoryStone","floor":36,"gold_loss":0},{"damage_healed":0,"gold_gain":0,"player_choice":"Fight","damage_taken":0,"max_hp_gain":0,"max_hp_loss":0,"event_name":"MindBloom","floor":37,"gold_loss":0},{"damage_healed":0,"gold_gain":100,"player_choice":"Pray","damage_taken":0,"max_hp_gain":0,"max_hp_loss":0,"event_name":"Golden Shrine","floor":39,"gold_loss":0}],"is_beta":false,"boss_relics":[{"not_picked":["Runic Dome","Astrolabe"],"picked":"Replay:Ancient Bell"},{"not_picked":["Juzu Bracelet","Nunchaku"],"picked":"Replay:Wax Seal"},{"not_picked":["Golden Egg","Garlic"],"picked":"aspiration:FrozenJewel"},{"not_picked":["StoneCalendar","Lizard Tail"],"picked":"aspiration:MysteriousAuxiliaryCore"},{"not_picked":["aspiration:SecretTechniqueScroll","aspiration:RitualDagger"],"picked":"Inserter"}],"items_purged_floors":[8,21,38,48],"is_endless":false,"potions_floor_spawned":[2,6,14,20,22,23,24,30,35,42,45,47],"ascension_level":0}}