{"host":"6dypmz777xraikqf","time":1612014837,"event":{"mods":["AchievementEnabler","BaseMod","BetterRewards","Colored Map","Colored Powertips","Downfall","Highlight Path","Hubris","Infinite Spire","Minty Spire (QoL Compilation)","Replay The Spire","StSLib"],"gold_per_floor":[114,131,151,167,177,203,203,108,161,161,173,202,214,233,233,338,438,452,452,452,465,475,508,508,539,539,573,573,573,601,615,615,720,770,790,790,842,856,856,891,911,942,942,959,959,959,994,571,571,571,571,571,571,597,597],"floor_reached":56,"language":"ENG","playtime":1748,"items_purged":["hubris:InfiniteBlow+17"],"score":1850,"play_id":"8c225c89-c667-471a-8b7c-4752b0cf9efc","local_time":"20210130135357","is_ascension_mode":true,"campfire_choices":[{"data":"hubris:InfiniteBlow+25","floor":7,"key":"SMITH"},{"data":"hubris:InfiniteBlow+26","floor":10,"key":"SMITH"},{"data":"Survey Options","floor":32,"key":"SMITH"},{"floor":45,"key":"RECALL"},{"data":"hubris:InfiniteBlow+28","floor":49,"key":"SMITH"},{"data":"hubris:InfiniteBlow+29","floor":52,"key":"SMITH"}],"circlet_count":0,"master_deck":["hubris:InfiniteBlow+30","Strike_P+1","Strike_P+1","Defend_P+1","Defend_P+1","Defend_P+1","Defend_P+1","Eruption","Vigilance","Crescendo","Replay:ManipulateFuture+1","Sanctity","Survey Options+1","EmptyMind","Evaluate","DeusExMachina+1","Vault","InnerPeace","Swivel","Evaluate","Swivel+1","Devotion+1","Sanctity+1","Secret Technique","ReplayTheSpireMod:Private Reserves","Wireheading+1","CutThroughFate+1","LikeWater+1","Wireheading+1","Replay:Dark Deal","PanicButton","Panacea"],"relics":["PureWater","hubris:Teleporter","Frozen Egg 2","Orichalcum","Incense Burner","Replay:Wanted Poster","infinitespire:FocusingShard","Pet Ghost","Anchor","Molten Egg 2","Pondfish Scales","Tiny House","Pocketwatch","Matryoshka","Thread and Needle","hubris:DisguiseKit","hubris:ToyBattleship","BranchBurnRelic","hubris:Towel","hubris:SlimyHat","Gambling Chip","ReplayTheSpireMod:ShopPack","Strawberry"],"acts_visited":["Exordium","TheCity","TheBeyond","TheEnding"],"potions_floor_usage":[50,50,55,55],"damage_taken":[{"damage":0,"enemies":"Cultist","floor":1,"turns":1},{"damage":0,"enemies":"Small Slimes","floor":2,"turns":2},{"damage":0,"enemies":"2 Louse","floor":3,"turns":3},{"damage":0,"enemies":"Large Slime","floor":4,"turns":2},{"damage":0,"enemies":"Blue Slaver","floor":5,"turns":3},{"damage":0,"enemies":"Lagavulin","floor":6,"turns":2},{"damage":6,"enemies":"Exordium Wildlife","floor":11,"turns":4},{"damage":0,"enemies":"Replay:BlueRogue","floor":12,"turns":2},{"damage":0,"enemies":"Looter","floor":13,"turns":2},{"damage":0,"enemies":"Large Slime","floor":14,"turns":1},{"damage":0,"enemies":"Hexaghost","floor":16,"turns":1},{"damage":0,"enemies":"Spheric Guardian","floor":18,"turns":3},{"damage":0,"enemies":"2 Thieves","floor":21,"turns":4},{"damage":0,"enemies":"Chosen and Byrds","floor":22,"turns":4},{"damage":0,"enemies":"Nightmare","floor":23,"turns":1},{"damage":0,"enemies":"Replay:Snechameleon","floor":25,"turns":3},{"damage":2,"enemies":"Slavers","floor":27,"turns":5},{"damage":0,"enemies":"Replay:Snechameleon","floor":30,"turns":2},{"damage":0,"enemies":"Centurion and Healer","floor":31,"turns":3},{"damage":0,"enemies":"Automaton","floor":33,"turns":3},{"damage":0,"enemies":"3 Shapes","floor":35,"turns":8},{"damage":0,"enemies":"2 Orb Walkers","floor":37,"turns":4},{"damage":0,"enemies":"Orb Walker","floor":38,"turns":2},{"damage":0,"enemies":"Nemesis","floor":40,"turns":1},{"damage":0,"enemies":"Spire Growth","floor":41,"turns":2},{"damage":0,"enemies":"R_Hoarder","floor":42,"turns":4},{"damage":0,"enemies":"Transient","floor":44,"turns":1},{"damage":0,"enemies":"Giant Head","floor":47,"turns":1},{"damage":0,"enemies":"hubris:GrandSnecko","floor":50,"turns":3},{"damage":0,"enemies":"Shield and Spear","floor":54,"turns":4},{"damage":81,"enemies":"The Heart","floor":55,"turns":7}],"seed_played":"-3763837436177009527","potions_obtained":[{"floor":2,"key":"Flashbang"},{"floor":4,"key":"AttackPotion"},{"floor":6,"key":"Weak Potion"},{"floor":11,"key":"ColorlessPotion"},{"floor":14,"key":"Dexterity Potion"},{"floor":35,"key":"Block Potion"}],"is_trial":false,"path_per_floor":["M","M","M","M","M","E","R","$","T","R","M","E","M","M","R_BF","B",null,"M","?","T","M","M","NM","?","E","T","E","?","?","E","M","R","B",null,"M","?","?","M","T","E","M","E","T","M","R","?","E","$","R","B",null,"R","$","E","B",null],"character_chosen":"WATCHER","items_purchased":["Survey Options","Gambling Chip","ReplayTheSpireMod:ShopPack"],"campfire_rested":0,"item_purchase_floors":[8,48,48],"current_hp_per_floor":[58,58,58,58,58,58,58,58,58,58,52,52,52,52,72,72,72,72,72,72,72,72,72,72,72,72,70,70,70,70,70,70,70,77,77,72,72,72,72,72,72,72,72,72,72,72,72,72,72,77,77,77,77,84,13],"gold":597,"neow_bonus":"","is_daily":false,"chose_seed":false,"campfire_upgraded":5,"win_rate":0.0,"timestamp":1612014837,"path_taken":["M","M","M","M","M","E","R","?","T","R","M","E","?","M","R_BF","BOSS","M","?","?","M","M","NM","?","E","T","E","?","?","E","M","R","BOSS","M","?","?","M","?","E","?","E","T","M","R","?","E","?","R","BOSS","R","$","E","BOSS"],"items_purchased_type":["Card","Relic","Relic"],"build_version":"2020-12-22","purchased_purges":1,"victory":true,"max_hp_per_floor":[72,72,72,72,72,72,72,72,72,72,72,72,72,72,72,72,72,72,72,72,72,72,72,72,72,72,72,72,72,72,72,72,72,77,77,77,77,77,77,77,77,77,77,77,77,77,77,77,77,77,77,77,77,84,84],"card_choices":[{"not_picked":["FlurryOfBlows","SashWhip"],"picked":"Replay:ManipulateFuture","floor":1},{"not_picked":["PathToVictory","CrushJoints","SashWhip"],"picked":"SKIP","floor":2},{"not_picked":["Weave","FlurryOfBlows","EmptyBody"],"picked":"SKIP","floor":3},{"not_picked":["Brilliance","Halt","WreathOfFlame"],"picked":"SKIP","floor":4},{"not_picked":["FlurryOfBlows","EmptyBody"],"picked":"Sanctity","floor":5},{"not_picked":["CrushJoints","TalkToTheHand","Tantrum"],"picked":"SKIP","floor":6},{"not_picked":["WreathOfFlame","Crescendo"],"picked":"EmptyMind","floor":11},{"not_picked":["Replay:ManipulateFuture","Consecrate"],"picked":"Evaluate","floor":12},{"not_picked":["Consecrate","FlyingSleeves"],"picked":"DeusExMachina","floor":13},{"not_picked":["Replay:ManipulateFuture","Replay:BluntJabs","MasterReality+1"],"picked":"SKIP","floor":14},{"not_picked":["Replay:AllIn","ConjureBlade"],"picked":"Vault","floor":16},{"not_picked":["SandsOfTime","FlyingSleeves"],"picked":"InnerPeace","floor":18},{"not_picked":["Weave+1","Consecrate+1","CrushJoints"],"picked":"SKIP","floor":21},{"not_picked":["FollowUp+1","Replay:Vibes","JustLucky"],"picked":"SKIP","floor":22},{"not_picked":["EmptyBody","Wish","Halt"],"picked":"SKIP","floor":23},{"not_picked":["Replay:AtTheReady","FollowUp","Replay:LoomingThreat+1"],"picked":"SKIP","floor":25},{"not_picked":["EmptyMind","Perseverance","DeceiveReality"],"picked":"SKIP","floor":27},{"not_picked":["Replay:AtTheReady","FearNoEvil+1","EmptyFist+1"],"picked":"SKIP","floor":30},{"not_picked":["Evaluate","Replay:ManipulateFuture"],"picked":"Swivel+1","floor":31},{"not_picked":["MasterReality+1","Replay:AllIn"],"picked":"Devotion+1","floor":33},{"not_picked":["Prostrate+1","EmptyMind"],"picked":"Sanctity+1","floor":35},{"not_picked":["Replay:Bootleg Shield Generator","Replay:BasicMightCard+1"],"picked":"Secret Technique","floor":36},{"not_picked":["ReplayTheSpireMod:Uncanny Aura","Enlightenment"],"picked":"ReplayTheSpireMod:Private Reserves","floor":36},{"not_picked":["FlyingSleeves+1","Halt"],"picked":"Wireheading+1","floor":37},{"not_picked":["WindmillStrike+1","CrushJoints+1"],"picked":"CutThroughFate+1","floor":38},{"not_picked":["Replay:BluntJabs+1","Sanctity","Prostrate"],"picked":"SKIP","floor":40},{"not_picked":["Replay:Battleflow","EmptyBody+1","ThirdEye"],"picked":"SKIP","floor":41},{"not_picked":["FlurryOfBlows+1","ClearTheMind+1"],"picked":"LikeWater+1","floor":42},{"not_picked":["Prostrate","Collect","ThirdEye+1","champ:MurderStrike"],"picked":"SKIP","floor":44},{"not_picked":["DeceiveReality","Alpha","champ:SetATrap"],"picked":"Wireheading+1","floor":47},{"not_picked":["Apotheosis","Poisoned Strike","Chrysalis"],"picked":"Replay:Dark Deal","floor":48},{"not_picked":["Dramatic Entrance","Magnetism","Violence"],"picked":"PanicButton","floor":48},{"not_picked":["Bandage Up","Replay:Parry","Deep Breath"],"picked":"Panacea","floor":48},{"not_picked":["Worship","SignatureMove+1","FlurryOfBlows+1","champ:Haymaker"],"picked":"SKIP","floor":54}],"player_experience":179156,"relics_obtained":[{"floor":6,"key":"Frozen Egg 2"},{"floor":9,"key":"Orichalcum"},{"floor":12,"key":"Incense Burner"},{"floor":20,"key":"infinitespire:FocusingShard"},{"floor":23,"key":"Pet Ghost"},{"floor":25,"key":"Anchor"},{"floor":27,"key":"Molten Egg 2"},{"floor":30,"key":"Pondfish Scales"},{"floor":37,"key":"Pocketwatch"},{"floor":39,"key":"Matryoshka"},{"floor":40,"key":"Thread and Needle"},{"floor":42,"key":"Dead Branch"},{"floor":43,"key":"hubris:DisguiseKit"},{"floor":43,"key":"hubris:ToyBattleship"},{"floor":47,"key":"hubris:SlimyHat"},{"floor":54,"key":"Strawberry"}],"event_choices":[{"damage_healed":0,"gold_gain":0,"cards_transformed":["Strike_P","Strike_P"],"player_choice":"Became Test Subject","damage_taken":0,"max_hp_gain":0,"max_hp_loss":0,"event_name":"Drug Dealer","floor":24,"gold_loss":0,"cards_obtained":["Swivel","Evaluate"]},{"damage_healed":0,"gold_gain":0,"player_choice":"Simplicity","damage_taken":0,"max_hp_gain":0,"max_hp_loss":0,"event_name":"Back to Basics","floor":28,"gold_loss":0,"cards_upgraded":["Strike_P","Strike_P","Defend_P","Defend_P","Defend_P","Defend_P"]},{"damage_healed":0,"gold_gain":0,"player_choice":"Memory 2","damage_taken":5,"max_hp_gain":0,"max_hp_loss":0,"event_name":"SensoryStone","floor":36,"gold_loss":0},{"damage_healed":0,"gold_gain":0,"player_choice":"Fight","damage_taken":0,"max_hp_gain":0,"max_hp_loss":0,"event_name":"Mysterious Sphere","floor":37,"gold_loss":0}],"is_beta":false,"boss_relics":[{"not_picked":["hubris:HollowSoul","Kintsugi"],"picked":"Replay:Wanted Poster"},{"not_picked":["hubris:RunicObelisk","infinitespire:Cupcake"],"picked":"Tiny House"}],"items_purged_floors":[0],"is_endless":false,"potions_floor_spawned":[2,4,6,11,14,21,22,25,27,35,37,41,42],"ascension_level":1}}