{"host":"9eojso4kl4lidi9b","time":1612032500,"event":{"mods":["BaseMod","Beaked The Cultist","Better Skull","Colored Map","Colored Powertips","Conspire","Downfall","GifTheSpireLib","Minty Spire (QoL Compilation)","Random Character Button","Small Relic Pack","StSLib","Stuff the Spire","The Blackbeard","The Necromancer","The Poker Player","The Wild Card","Trackpad","Unceasing Turn Reminder","Yuri Mod"],"gold_per_floor":[99,114,114,129,144,244,294,294,129,144,159,174,174,189,204,304,304,304,320,420,435,270,295,345,345,375,188,203,218,27,27,42,142,142,42,57,57,57,57,57,57,57,10,10,60,60,60,60],"floor_reached":46,"language":"ENG","playtime":2664,"items_purged":[],"score":551,"play_id":"5af15614-23b7-4f87-ab9d-617d1c7f30b3","local_time":"20210130124820","daily_mods":["Allstar","ControlledChaos","Terminal"],"is_ascension_mode":false,"campfire_choices":[{"data":"Slimebound:Split","floor":1,"key":"SMITH"},{"data":"Magnetism","floor":8,"key":"SMITH"},{"data":"conspire:Banana","floor":18,"key":"SMITH"},{"data":"Slimebound:OneTwoCombo","floor":25,"key":"SMITH"},{"data":"Slimebound:Prepare","floor":35,"key":"SMITH"},{"floor":42,"key":"REST"},{"data":"StuffTheSpire:BrainWave","floor":44,"key":"SMITH"}],"circlet_count":0,"master_deck":["Slimebound:Strike_Slimebound","Slimebound:Strike_Slimebound","Slimebound:Strike_Slimebound","Slimebound:Tackle","Slimebound:Defend_Slimebound","Slimebound:Defend_Slimebound","Slimebound:Defend_Slimebound","Slimebound:Defend_Slimebound","Slimebound:Split+1","Slimebound:CorrosiveSpit","Magnetism+1","Discovery","Panache","Transmutation","Secret Weapon","Slimebound:SplitBruiser","PokerPlayerMod:Club2","PokerPlayerMod:Club3","PokerPlayerMod:Club4","PokerPlayerMod:Club5","PokerPlayerMod:Club6","Slimebound:PressTheAttack","Slimebound:GrowthPunch","Slimebound:SplitBruiser","Slimebound:PrepareCrush+1","Slimebound:GoopSpray","Slimebound:Prepare+1","Slimebound:LeechingTouch","Slimebound:Split","conspire:Banana+1","Slimebound:Schlurp","Slimebound:Prepare","Slimebound:TagTeam","Slimebound:SamplingLick","Slimebound:Schlurp","Slimebound:HauntingLick","Slimebound:OneTwoCombo+1","Slimebound:LivingWall","StuffTheSpire:BrainWave","Slimebound:SpikyOuterGoop","Slimebound:FormOfPuddle+1","Slimebound:SamplingLick+1","Slimebound:LeechingTouch","Slimebound:RainOfGoop","Slimebound:DouseInSlime","Slimebound:Schlurp+1","StuffTheSpire:BrainWave+1","expansioncontent:Hexaburn","Slimebound:SplitAcid+1","expansioncontent:DashGenerateEvil","Slimebound:Gluttony"],"relics":["Slimebound:AbsorbEndCombatUpgraded","Frozen Eye","Potion Belt","Toy Ornithopter","Vajra","conspire:TopHat","Mango","trackpad:BottledShadow","trackpad:AdjectivePendant","Juzu Bracelet","Ancient Tea Set","Tiny Chest","Strawberry","downfall:HeartBlessingGreen","Bag of Preparation","InkBottle","Oddly Smooth Stone","Art of War"],"acts_visited":["Exordium","TheCity","TheBeyond"],"potions_floor_usage":[9,11,16,16,16,20,30,33,33],"damage_taken":[{"damage":1,"enemies":"Jaw Worm","floor":2,"turns":3},{"damage":1,"enemies":"Cultist","floor":4,"turns":3},{"damage":2,"enemies":"conspire:RoseBush","floor":5,"turns":3},{"damage":13,"enemies":"downfall:LadyInBlue","floor":6,"turns":9},{"damage":5,"enemies":"downfall:FleeingMerchant","floor":9,"turns":4},{"damage":4,"enemies":"Exordium Wildlife","floor":10,"turns":3},{"damage":0,"enemies":"Blue Slaver","floor":11,"turns":3},{"damage":4,"enemies":"Large Slime","floor":12,"turns":3},{"damage":6,"enemies":"2 Fungi Beasts","floor":14,"turns":3},{"damage":0,"enemies":"conspire:2 RoseBushes","floor":15,"turns":3},{"damage":10,"enemies":"Hexaghost","floor":16,"turns":7},{"damage":17,"enemies":"conspire:MimicChest","floor":19,"turns":6},{"damage":7,"enemies":"WA_ARCHETYPE_RETAIN","floor":20,"turns":6},{"damage":2,"enemies":"3 Byrds","floor":21,"turns":4},{"damage":7,"enemies":"downfall:FleeingMerchant","floor":22,"turns":4},{"damage":0,"enemies":"conspire:SneckoGhost","floor":26,"turns":5},{"damage":0,"enemies":"3 Cultists","floor":28,"turns":3},{"damage":5,"enemies":"Cultist and Chosen","floor":29,"turns":5},{"damage":4,"enemies":"downfall:FleeingMerchant","floor":30,"turns":4},{"damage":0,"enemies":"Sentry and Sphere","floor":32,"turns":4},{"damage":66,"enemies":"SI_MIRROR_ARCHETYPE","floor":33,"turns":9},{"damage":26,"enemies":"3 Darklings","floor":36,"turns":4},{"damage":0,"enemies":"downfall:FleeingMerchant","floor":43,"turns":1},{"damage":58,"enemies":"Reptomancer","floor":46,"turns":6}],"seed_played":"-828330817948855686","potions_obtained":[{"floor":4,"key":"sneckomod:MuddlingPotion"},{"floor":6,"key":"LiquidMemories"},{"floor":6,"key":"SmokeBomb"},{"floor":6,"key":"EssenceOfSteel"},{"floor":6,"key":"Slimebound:ThreeZeroPotion"},{"floor":12,"key":"AttackPotion"},{"floor":16,"key":"LiquidBronze"},{"floor":21,"key":"Dexterity Potion"},{"floor":26,"key":"AttackPotion"},{"floor":28,"key":"sneckomod:MuddlingPotion"},{"floor":32,"key":"Swift Potion"}],"is_trial":false,"path_per_floor":["R","M","?","M","M","?","T","R","$","M","M","M","?","M","M","B",null,"R","?","?","M","$","T","T","R","E","?","M","M","$","?","M","B",null,"R","M","T","?","?","?","T","R","$","R","T","E"],"character_chosen":"SLIMEBOUND","items_purchased":["Vajra","trackpad:AdjectivePendant","Strawberry","Slimebound:LeechingTouch","Oddly Smooth Stone","expansioncontent:DashGenerateEvil","Slimebound:Gluttony"],"campfire_rested":1,"item_purchase_floors":[9,22,30,30,43,43,43],"current_hp_per_floor":[63,62,61,60,58,53,53,53,51,47,53,51,51,46,51,46,50,49,40,65,65,64,64,63,62,61,60,59,59,66,65,64,9,64,63,46,46,38,38,38,38,50,49,48,47,0,0,0],"gold":60,"neow_bonus":"","is_daily":true,"chose_seed":false,"campfire_upgraded":6,"win_rate":0.0,"timestamp":1612032500,"path_taken":["R","M","?","M","M","?","T","R","$","M","?","M","?","?","M","BOSS","R","?","?","M","?","?","T","R","E","?","M","M","?","?","M","BOSS","R","M","?","?","?","?","T","R","$","R","?","E"],"items_purchased_type":["Relic","Relic","Relic","Card","Relic","Card","Card"],"build_version":"2020-12-22","purchased_purges":0,"victory":false,"max_hp_per_floor":[63,62,61,60,59,58,57,56,55,54,53,52,51,51,51,51,50,49,50,65,66,65,64,63,62,61,60,59,60,66,65,64,65,64,63,62,61,60,53,52,51,50,49,48,47,49,49,49],"card_choices":[{"not_picked":["Slimebound:RollThrough","Slimebound:ViciousTackle"],"picked":"Slimebound:SplitBruiser","floor":2},{"not_picked":["Slimebound:Replication","Slimebound:LivingWall"],"picked":"Slimebound:PressTheAttack","floor":4},{"not_picked":["Slimebound:SplitBruiser","Slimebound:Equalize"],"picked":"Slimebound:GrowthPunch","floor":5},{"not_picked":["Slimebound:Replication","Slimebound:RollThrough"],"picked":"Slimebound:SplitBruiser","floor":6},{"not_picked":["Slimebound:BestDefense","Slimebound:SplitBruiser"],"picked":"Slimebound:PrepareCrush","floor":9},{"not_picked":["Slimebound:FormOfPuddle","Slimebound:BestDefense"],"picked":"Slimebound:GoopSpray","floor":10},{"not_picked":["Slimebound:LivingWall","Slimebound:LeechEnergy"],"picked":"Slimebound:Prepare","floor":11},{"not_picked":["Slimebound:HungryTackle","Slimebound:ForwardTackle"],"picked":"Slimebound:LeechingTouch","floor":12},{"not_picked":["Slimebound:SplitSpecialist","Slimebound:LeechingTouch"],"picked":"Slimebound:Schlurp","floor":14},{"not_picked":["Slimebound:SlimeBarrage","Slimebound:ItLooksTasty"],"picked":"Slimebound:Prepare","floor":15},{"not_picked":["Slimebound:RallyTheTroops","Slimebound:MassRepurpose"],"picked":"Slimebound:TagTeam","floor":16},{"not_picked":["Slimebound:ComboTackle","Slimebound:RollThrough"],"picked":"Slimebound:SamplingLick","floor":19},{"not_picked":["Slimebound:Grow","Slimebound:SplitBruiser"],"picked":"Slimebound:Schlurp","floor":20},{"not_picked":["Slimebound:DisruptingSlam","Slimebound:Dissolve"],"picked":"Slimebound:HauntingLick","floor":21},{"not_picked":["Slimebound:SlimeTap","Slimebound:LeechingTouch+1"],"picked":"Slimebound:OneTwoCombo","floor":22},{"not_picked":["Slimebound:GoopTackle","Slimebound:Prepare"],"picked":"Slimebound:LivingWall","floor":26},{"not_picked":["Slimebound:Prepare","Slimebound:GoopTackle"],"picked":"Slimebound:SpikyOuterGoop","floor":28},{"not_picked":["Slimebound:Recollect","Slimebound:SpikyOuterGoop"],"picked":"Slimebound:FormOfPuddle+1","floor":29},{"not_picked":["Slimebound:DisruptingSlam","Slimebound:SplitLeeching"],"picked":"Slimebound:SamplingLick+1","floor":30},{"not_picked":["Slimebound:FlameTackle","Slimebound:LeechingTouch"],"picked":"Slimebound:RainOfGoop","floor":32},{"not_picked":["Slimebound:Overexert","Slimebound:LeechLife"],"picked":"Slimebound:DouseInSlime","floor":33},{"not_picked":["Slimebound:Grow+1","Slimebound:SlimeSpikes+1"],"picked":"Slimebound:Schlurp+1","floor":36},{"not_picked":["expansioncontent:LastStand","expansioncontent:YouAreMine"],"picked":"expansioncontent:Hexaburn","floor":40},{"not_picked":["Slimebound:Chomp+1","Slimebound:TongueLash"],"picked":"Slimebound:SplitAcid+1","floor":43}],"player_experience":1086644,"relics_obtained":[{"floor":6,"key":"Potion Belt"},{"floor":7,"key":"Toy Ornithopter"},{"floor":19,"key":"conspire:TopHat"},{"floor":20,"key":"Mango"},{"floor":20,"key":"trackpad:BottledShadow"},{"floor":23,"key":"Juzu Bracelet"},{"floor":24,"key":"Ancient Tea Set"},{"floor":26,"key":"Tiny Chest"},{"floor":37,"key":"Bag of Preparation"},{"floor":41,"key":"InkBottle"},{"floor":45,"key":"Art of War"}],"event_choices":[{"damage_healed":0,"gold_gain":0,"player_choice":"Jackpot","damage_taken":0,"max_hp_gain":0,"max_hp_loss":0,"event_name":"PokerPlayerMod:ExordiumClub","floor":3,"gold_loss":0,"cards_obtained":["PokerPlayerMod:Club2","PokerPlayerMod:Club3","PokerPlayerMod:Club4","PokerPlayerMod:Club5","PokerPlayerMod:Club6"]},{"damage_healed":0,"gold_gain":0,"player_choice":"Jackpot","damage_taken":0,"max_hp_gain":0,"max_hp_loss":0,"event_name":"PokerPlayerMod:ExordiumClub","floor":3,"gold_loss":0,"cards_obtained":["PokerPlayerMod:Club2","PokerPlayerMod:Club3","PokerPlayerMod:Club4","PokerPlayerMod:Club5","PokerPlayerMod:Club6"]},{"damage_healed":0,"gold_gain":0,"player_choice":"Jackpot","damage_taken":0,"max_hp_gain":0,"max_hp_loss":0,"event_name":"PokerPlayerMod:ExordiumClub","floor":3,"gold_loss":0,"cards_obtained":["PokerPlayerMod:Club2","PokerPlayerMod:Club3","PokerPlayerMod:Club4","PokerPlayerMod:Club5","PokerPlayerMod:Club6"]},{"damage_healed":0,"gold_gain":0,"player_choice":"Jackpot","damage_taken":0,"max_hp_gain":0,"max_hp_loss":0,"event_name":"PokerPlayerMod:ExordiumClub","floor":3,"gold_loss":0,"cards_obtained":["PokerPlayerMod:Club2","PokerPlayerMod:Club3","PokerPlayerMod:Club4","PokerPlayerMod:Club5","PokerPlayerMod:Club6"]},{"damage_healed":0,"gold_gain":0,"player_choice":"Jackpot","damage_taken":0,"max_hp_gain":0,"max_hp_loss":0,"event_name":"PokerPlayerMod:ExordiumClub","floor":3,"gold_loss":0,"cards_obtained":["PokerPlayerMod:Club2","PokerPlayerMod:Club3","PokerPlayerMod:Club4","PokerPlayerMod:Club5","PokerPlayerMod:Club6"]},{"damage_healed":0,"gold_gain":0,"player_choice":"2 cards matched","damage_taken":0,"max_hp_gain":0,"max_hp_loss":0,"event_name":"Match and Keep!","floor":13,"gold_loss":0,"cards_obtained":["Slimebound:Split","conspire:Banana"]}],"is_beta":false,"boss_relics":[{"not_picked":["relicPack:ShieldShield","Runic Dome"],"picked":"Slimebound:AbsorbEndCombatUpgraded"},{"not_picked":["beaked:MawFillet","conspire:SlowCooker","Astrolabe"]}],"items_purged_floors":[],"is_endless":false,"potions_floor_spawned":[4,6,12,16,21,26,28,32],"killed_by":"Reptomancer","ascension_level":0}}