{"host":"gcl0wx4kxpuh49bt","time":1612003972,"event":{"mods":["AchievementEnabler","BaseMod","DeckTracker","Minty Spire (QoL Compilation)","StSLib"],"gold_per_floor":[118,88,107,38,38,38,73,84,84,99,99,131,145,164,164,269,269,287,299,157,257,268,268,296,296,296,296,307,307,307,322,322,419,419,437,437,487,487,504,504,107,107,157,157,191,191,206,238,238,238,238],"floor_reached":50,"language":"KOR","playtime":2598,"items_purged":["Strike_G","Calculated Gamble+1"],"score":696,"play_id":"535a4bb2-b8fe-45f7-8687-b873e897b42d","local_time":"20210130195252","is_ascension_mode":true,"campfire_choices":[{"data":"Infinite Blades","floor":6.0,"key":"SMITH"},{"data":"Envenom","floor":11.0,"key":"SMITH"},{"floor":15.0,"key":"REST"},{"data":"Tools of the Trade","floor":23.0,"key":"SMITH"},{"floor":25.0,"key":"REST"},{"data":"Bouncing Flask","floor":27.0,"key":"SMITH"},{"data":"Bullet Time","floor":29.0,"key":"SMITH"},{"floor":32.0,"key":"REST"},{"floor":40.0,"key":"REST"},{"floor":42.0,"key":"DIG"},{"floor":49.0,"key":"DIG"}],"circlet_count":0,"master_deck":["Strike_G","Strike_G","Strike_G","Defend_G","Defend_G","Defend_G","Survivor+1","Neutralize","Dagger Spray","Leg Sweep","Infinite Blades+1","Envenom+1","Dodge and Roll","Deflect","Bullet Time+1","Poisoned Stab","Deadly Poison","Tools of the Trade+1","Corpse Explosion+1","Choke+1","Poisoned Stab+1","Bouncing Flask+1","Cloak And Dagger","Malaise+1","Venomology","PiercingWail","Parasite","Backflip+1","Accuracy"],"relics":["Ring of the Snake","NeowsBlessing","Lizard Tail","Pantograph","Mummified Hand","Bag of Preparation","Astrolabe","Regal Pillow","Mercury Hourglass","Art of War","Snecko Eye","Shovel","Nunchaku","Anchor","Darkstone Periapt","Orichalcum","War Paint","Omamori","Bronze Scales"],"acts_visited":["Exordium","TheCity","TheBeyond"],"potions_floor_usage":[50],"damage_taken":[{"damage":0.0,"enemies":"Cultist","floor":1.0,"turns":1.0},{"damage":0.0,"enemies":"Small Slimes","floor":3.0,"turns":1.0},{"damage":0.0,"enemies":"Lagavulin","floor":7.0,"turns":1.0},{"damage":2.0,"enemies":"Jaw Worm","floor":8.0,"turns":4.0},{"damage":11.0,"enemies":"2 Fungi Beasts","floor":10.0,"turns":4.0},{"damage":26.0,"enemies":"Gremlin Nob","floor":12.0,"turns":4.0},{"damage":2.0,"enemies":"3 Louse","floor":13.0,"turns":2.0},{"damage":0.0,"enemies":"Exordium Thugs","floor":14.0,"turns":3.0},{"damage":29.0,"enemies":"Slime Boss","floor":16.0,"turns":9.0},{"damage":13.0,"enemies":"Shell Parasite","floor":18.0,"turns":7.0},{"damage":0.0,"enemies":"2 Thieves","floor":19.0,"turns":3.0},{"damage":14.0,"enemies":"Snecko","floor":22.0,"turns":4.0},{"damage":27.0,"enemies":"Book of Stabbing","floor":24.0,"turns":5.0},{"damage":0.0,"enemies":"3 Cultists","floor":28.0,"turns":1.0},{"damage":25.0,"enemies":"Snake Plant","floor":31.0,"turns":4.0},{"damage":45.0,"enemies":"Collector","floor":33.0,"turns":7.0},{"damage":6.0,"enemies":"3 Shapes","floor":35.0,"turns":2.0},{"damage":19.0,"enemies":"Mind Bloom Boss Battle","floor":37.0,"turns":7.0},{"damage":0.0,"enemies":"3 Darklings","floor":38.0,"turns":2.0},{"damage":13.0,"enemies":"Writhing Mass","floor":39.0,"turns":4.0},{"damage":3.0,"enemies":"Giant Head","floor":45.0,"turns":8.0},{"damage":0.0,"enemies":"Jaw Worm Horde","floor":46.0,"turns":1.0},{"damage":23.0,"enemies":"Spire Growth","floor":47.0,"turns":4.0},{"damage":60.0,"enemies":"Nemesis","floor":48.0,"turns":7.0},{"damage":105,"enemies":"Time Eater","floor":50,"turns":9}],"seed_played":"3192975461827862189","potions_obtained":[{"floor":2.0,"key":"Swift Potion"},{"floor":2.0,"key":"EntropicBrew"},{"floor":3.0,"key":"LiquidMemories"},{"floor":8.0,"key":"BlessingOfTheForge"},{"floor":10.0,"key":"Explosive Potion"},{"floor":19.0,"key":"DuplicationPotion"},{"floor":28.0,"key":"Explosive Potion"},{"floor":31.0,"key":"Block Potion"},{"floor":33.0,"key":"SmokeBomb"},{"floor":35.0,"key":"Weak Potion"},{"floor":39.0,"key":"FearPotion"},{"floor":44.0,"key":"GhostInAJar"},{"floor":44.0,"key":"Explosive Potion"},{"floor":45.0,"key":"SmokeBomb"},{"floor":48.0,"key":"LiquidMemories"}],"is_trial":false,"path_per_floor":["M","?","M","$","?","R","E","M","T","M","R","E","M","M","R","B",null,"M","M","$","?","M","R","E","R","T","R","M","R","T","M","R","B",null,"M","?","?","M","M","R","$","R","T","?","E","M","M","E","R","B"],"character_chosen":"THE_SILENT","items_purchased":["Infinite Blades","Bouncing Flask","Nunchaku","Anchor"],"campfire_rested":4,"item_purchase_floors":[4,20,41,41],"current_hp_per_floor":[70,70,70,70,70,70,70,68,68,57,57,31,29,29,50,41,63,50,50,50,50,36,36,9,45,45,45,45,45,45,20,56,25,59,53,53,51,51,38,70,70,70,70,70,67,67,44,36,36,0,0],"gold":238,"neow_bonus":"THREE_ENEMY_KILL","is_daily":false,"chose_seed":false,"campfire_upgraded":5,"win_rate":0.0,"timestamp":1612003972,"path_taken":["M","?","?","?","?","R","E","M","T","?","R","E","M","?","R","BOSS","M","M","$","?","?","R","E","R","T","R","M","R","?","M","R","BOSS","M","?","?","M","M","R","$","R","T","?","E","M","M","E","R","BOSS"],"items_purchased_type":["Card","Card","Relic","Relic"],"build_version":"2020-12-22","purchased_purges":2,"victory":false,"max_hp_per_floor":[70,70,70,70,70,70,70,70,70,70,70,70,70,70,70,70,70,70,70,70,70,70,70,70,70,70,70,70,70,70,70,70,70,70,70,70,70,70,70,70,70,70,70,70,70,70,70,70,70,70,70],"card_choices":[{"not_picked":["Deflect","Slice"],"picked":"Dagger Spray","floor":1.0},{"not_picked":["Sucker Punch","Underhanded Strike"],"picked":"Leg Sweep","floor":3.0},{"not_picked":["Dash","Deflect"],"picked":"Envenom","floor":7.0},{"not_picked":["Finisher","Setup"],"picked":"Dodge and Roll","floor":8.0},{"not_picked":["Reflex","Outmaneuver"],"picked":"Deflect","floor":10.0},{"not_picked":["Slice","Leg Sweep"],"picked":"Bullet Time","floor":12.0},{"not_picked":["Quick Slash","Sucker Punch"],"picked":"Poisoned Stab","floor":13.0},{"not_picked":["Outmaneuver","Dagger Spray"],"picked":"Deadly Poison","floor":14.0},{"not_picked":["Doppelganger","Unload"],"picked":"Tools of the Trade","floor":16.0},{"not_picked":["Sucker Punch","Outmaneuver","Underhanded Strike"],"picked":"SKIP","floor":18.0},{"not_picked":["Calculated Gamble","Deflect"],"picked":"Poisoned Stab+1","floor":19.0},{"not_picked":["Outmaneuver","Underhanded Strike"],"picked":"Cloak And Dagger","floor":22.0},{"not_picked":["Caltrops","Dagger Spray","Poisoned Stab"],"picked":"SKIP","floor":24.0},{"not_picked":["Finisher","Setup+1","Heel Hook+1"],"picked":"SKIP","floor":28.0},{"not_picked":["Blade Dance","Finisher"],"picked":"Malaise","floor":31.0},{"not_picked":["Malaise","Envenom"],"picked":"Venomology","floor":33.0},{"not_picked":["Dash+1","Bane+1"],"picked":"PiercingWail","floor":35.0},{"not_picked":["Well Laid Plans","Footwork+1"],"picked":"Backflip+1","floor":39.0},{"not_picked":["Underhanded Strike","Escape Plan"],"picked":"Accuracy","floor":45.0},{"not_picked":["Outmaneuver+1","Skewer+1","Deflect"],"picked":"SKIP","floor":47.0},{"not_picked":["Well Laid Plans+1","Corpse Explosion","Slice+1"],"picked":"SKIP","floor":48.0}],"player_experience":162958,"relics_obtained":[{"floor":7.0,"key":"Pantograph"},{"floor":9.0,"key":"Mummified Hand"},{"floor":12.0,"key":"Bag of Preparation"},{"floor":24.0,"key":"Regal Pillow"},{"floor":26.0,"key":"Mercury Hourglass"},{"floor":30.0,"key":"Art of War"},{"floor":37.0,"key":"Shovel"},{"floor":42.0,"key":"Darkstone Periapt"},{"floor":43.0,"key":"Orichalcum"},{"floor":45.0,"key":"War Paint"},{"floor":48.0,"key":"Omamori"},{"floor":49.0,"key":"Bronze Scales"}],"event_choices":[{"damage_healed":0.0,"max_hp_gain":0.0,"max_hp_loss":0.0,"gold_gain":0.0,"event_name":"The Woman in Blue","player_choice":"Bought 2 Potions","floor":2.0,"gold_loss":0.0,"damage_taken":0.0},{"damage_healed":0.0,"max_hp_gain":0.0,"max_hp_loss":0.0,"gold_gain":0.0,"event_name":"WeMeetAgain","player_choice":"Gave Potion","floor":5.0,"gold_loss":0.0,"damage_taken":0.0,"relics_obtained":["Lizard Tail"]},{"damage_healed":0.0,"max_hp_gain":0.0,"max_hp_loss":0.0,"gold_gain":100.0,"event_name":"Golden Shrine","player_choice":"Pray","floor":21.0,"gold_loss":0.0,"damage_taken":0.0},{"damage_healed":0.0,"max_hp_gain":0.0,"max_hp_loss":0.0,"gold_gain":0.0,"event_name":"Tomb of Lord Red Mask","player_choice":"Ignored","floor":36.0,"gold_loss":0.0,"damage_taken":0.0},{"damage_healed":0.0,"max_hp_gain":0.0,"max_hp_loss":0.0,"gold_gain":0.0,"event_name":"MindBloom","player_choice":"Fight","floor":37.0,"gold_loss":0.0,"damage_taken":0.0},{"damage_healed":0.0,"max_hp_gain":0.0,"max_hp_loss":0.0,"gold_gain":0.0,"event_name":"Lab","player_choice":"Got Potions","floor":44.0,"gold_loss":0.0,"damage_taken":0.0}],"is_beta":false,"boss_relics":[{"not_picked":["Coffee Dripper","Cursed Key"],"picked":"Astrolabe"},{"not_picked":["HoveringKite","Fusion Hammer"],"picked":"Snecko Eye"}],"items_purged_floors":[20,41],"is_endless":false,"potions_floor_spawned":[3,8,10,19,28,31,33,35,39,45,48],"killed_by":"Time Eater","ascension_level":5}}