{"host":"ebj6lkgm8suah319","time":1612021162,"event":{"mods":["2.2 Compatiblity","AchievementEnabler","BaseMod","Block Reminder","Colored Map","Colored Powertips","Minty Spire (QoL Compilation)","Quick Restart","Rare Cards Sparkle","Relic Stats","SuperFastMode"],"gold_per_floor":[131,131,161,213,27,27,60,60,106,106,135,166,219,272,272,376,376,394,394,23,34,34,34,63,63,108,138,53,86,119,137,137,237,237,290,300,300,315,186,186,202,233,233,258,258,276,276,295,295,295,295,295,7,55,55],"floor_reached":56,"language":"ENG","playtime":1947,"items_purged":["Strike_G","Strike_G","Strike_G"],"score":1820,"play_id":"b01658b6-fed3-4140-8675-2e35fcb8bc4f","local_time":"20210130103922","is_ascension_mode":true,"campfire_choices":[{"data":"Neutralize","floor":6.0,"key":"SMITH"},{"floor":10.0,"key":"REST"},{"data":"Skewer","floor":15.0,"key":"SMITH"},{"data":"Catalyst","floor":23.0,"key":"SMITH"},{"data":"Ghostly","floor":32.0,"key":"SMITH"},{"data":"Night Terror","floor":40.0,"key":"SMITH"},{"data":"Ghostly","floor":47.0,"key":"SMITH"},{"floor":49,"key":"RECALL"},{"data":"Ghostly","floor":52,"key":"SMITH"}],"circlet_count":0,"master_deck":["Defend_G","Defend_G","Defend_G","Defend_G","Defend_G","Survivor","Neutralize+1","HandOfGreed","Deadly Poison","Backflip","Cloak And Dagger","All Out Attack","Adrenaline","Skewer+1","After Image","Catalyst+1","Noxious Fumes","Deflect","Ghostly+1","Ghostly+1","Ghostly","Ghostly","Ghostly+1","Caltrops+1","Leg Sweep","Deflect","Night Terror+1","Dodge and Roll+1","Crippling Poison","PiercingWail","Wraith Form v2"],"relics":["Ring of the Snake","TwistedFunnel","PreservedInsect","Smiling Mask","Singing Bowl","Black Star","Nloth\u0027s Gift","Frozen Eye","Snake Skull","Centennial Puzzle","Happy Flower","Blood Vial","Art of War","Ginger","Dream Catcher","Bottled Lightning","Sozu","Oddly Smooth Stone","Dead Branch","The Courier","Orichalcum","Bag of Preparation","Strawberry","Lantern","Blue Candle"],"acts_visited":["Exordium","TheCity","TheBeyond","TheEnding"],"potions_floor_usage":[55,55],"damage_taken":[{"damage":11.0,"enemies":"Jaw Worm","floor":1.0,"turns":4.0},{"damage":0.0,"enemies":"Cultist","floor":3.0,"turns":3.0},{"damage":3.0,"enemies":"Small Slimes","floor":4.0,"turns":4.0},{"damage":0.0,"enemies":"Looter","floor":7.0,"turns":4.0},{"damage":8.0,"enemies":"Gremlin Nob","floor":11.0,"turns":3.0},{"damage":0.0,"enemies":"Lots of Slimes","floor":12.0,"turns":1.0},{"damage":2.0,"enemies":"3 Sentries","floor":13.0,"turns":4.0},{"damage":3.0,"enemies":"Large Slime","floor":14.0,"turns":5.0},{"damage":13.0,"enemies":"The Guardian","floor":16.0,"turns":13.0},{"damage":11.0,"enemies":"Shell Parasite","floor":18.0,"turns":8.0},{"damage":0.0,"enemies":"Chosen","floor":21.0,"turns":4.0},{"damage":38.0,"enemies":"Slavers","floor":24.0,"turns":6.0},{"damage":2.0,"enemies":"Gremlin Leader","floor":27.0,"turns":5.0},{"damage":0.0,"enemies":"3 Cultists","floor":29.0,"turns":5.0},{"damage":0.0,"enemies":"Slavers","floor":30.0,"turns":5.0},{"damage":0.0,"enemies":"Centurion and Healer","floor":31.0,"turns":7.0},{"damage":31.0,"enemies":"Collector","floor":33.0,"turns":7.0},{"damage":4.0,"enemies":"3 Shapes","floor":35.0,"turns":6.0},{"damage":1.0,"enemies":"Orb Walker","floor":36.0,"turns":5.0},{"damage":0.0,"enemies":"Jaw Worm Horde","floor":38.0,"turns":5.0},{"damage":0.0,"enemies":"4 Shapes","floor":41.0,"turns":5.0},{"damage":0.0,"enemies":"Giant Head","floor":42.0,"turns":9.0},{"damage":1.0,"enemies":"Nemesis","floor":44.0,"turns":7.0},{"damage":1.0,"enemies":"Spire Growth","floor":46.0,"turns":6.0},{"damage":0,"enemies":"Sphere and 2 Shapes","floor":48,"turns":4},{"damage":15,"enemies":"Time Eater","floor":50,"turns":13},{"damage":0,"enemies":"Shield and Spear","floor":54,"turns":7},{"damage":32,"enemies":"The Heart","floor":55,"turns":11}],"seed_played":"-766519187623992202","potions_obtained":[{"floor":1.0,"key":"LiquidBronze"},{"floor":3.0,"key":"PowerPotion"},{"floor":11.0,"key":"LiquidBronze"},{"floor":13.0,"key":"Block Potion"},{"floor":16.0,"key":"Fruit Juice"},{"floor":24.0,"key":"Regen Potion"},{"floor":33.0,"key":"Explosive Potion"}],"is_trial":false,"path_per_floor":["M","?","M","M","$","R","M","T","T","R","E","M","E","M","R","B",null,"M","?","$","M","$","R","E","?","T","E","?","M","E","M","R","B",null,"M","M","?","M","$","R","M","E","T","E","?","M","R","M","R","B",null,"R","$","E","B",null],"character_chosen":"THE_SILENT","items_purchased":["TwistedFunnel","All Out Attack","Frozen Eye","Noxious Fumes","Deflect","PowerPotion","Crippling Poison","Bag of Preparation","Strawberry"],"campfire_rested":1,"item_purchase_floors":[5,5,20,20,20,20,39,53,53],"current_hp_per_floor":[34,34,34,31,31,31,31,31,31,52,46,48,56,53,53,45,78,67,67,67,69,69,69,33,33,33,31,31,35,37,39,39,10,39,37,40,40,44,44,44,48,52,52,55,55,56,56,60,60,45,56,56,63,65,50],"gold":55,"neow_bonus":"RANDOM_COLORLESS_2","is_daily":false,"chose_seed":false,"campfire_upgraded":7,"win_rate":0.0,"timestamp":1612021162,"path_taken":["M","?","M","M","$","R","?","?","T","R","E","M","E","M","R","BOSS","M","?","$","?","$","R","E","?","T","E","?","M","E","M","R","BOSS","M","M","?","M","$","R","?","E","T","E","?","M","R","M","R","BOSS","R","$","E","BOSS"],"items_purchased_type":["Relic","Card","Relic","Card","Card","Potion","Card","Relic","Relic"],"build_version":"2020-12-22","purchased_purges":3,"victory":true,"max_hp_per_floor":[70,70,70,70,70,70,70,70,70,70,72,74,84,84,84,89,89,89,89,89,91,91,91,93,46,46,46,46,48,48,48,48,48,48,48,50,50,52,52,52,54,56,56,58,58,58,58,60,60,60,60,60,67,67,67],"relic_stats":{"Singing Bowl":22,"Happy Flower":[35],"counters":[28,166],"Dead Branch":[80],"Blue Candle":[0],"PreservedInsect":428,"Snake Skull":[162],"Bag of Preparation":[4],"Ginger":[12],"Orichalcum":[24],"Smiling Mask":125,"Blood Vial":28,"Sozu":3,"Centennial Puzzle":[23],"Dream Catcher":0,"Black Star":6,"Nloth\u0027s Gift":5,"Art of War":[22],"obtain_stats":[{"TwistedFunnel":5,"Lantern":54,"Singing Bowl":11,"Snake Skull":24,"Bag of Preparation":53,"Ginger":28,"Smiling Mask":9,"Blood Vial":27,"Sozu":34,"Frozen Eye":20,"Centennial Puzzle":24,"Dream Catcher":30,"Strawberry":53,"Ring of the Snake":0,"Pear":13,"Happy Flower":26,"Dead Branch":42,"Blue Candle":54,"Oddly Smooth Stone":42,"PreservedInsect":8,"The Courier":44,"Orichalcum":44,"Black Star":17,"Nloth\u0027s Gift":19,"Art of War":27,"Bottled Lightning":30},{"TwistedFunnel":3,"Lantern":27,"Singing Bowl":5,"Snake Skull":12,"Bag of Preparation":26,"Ginger":13,"Smiling Mask":4,"Blood Vial":13,"Sozu":17,"Frozen Eye":10,"Centennial Puzzle":12,"Dream Catcher":15,"Strawberry":26,"Ring of the Snake":0,"Pear":7,"Happy Flower":12,"Dead Branch":22,"Blue Candle":27,"Oddly Smooth Stone":22,"PreservedInsect":4,"The Courier":23,"Orichalcum":23,"Black Star":9,"Nloth\u0027s Gift":10,"Art of War":13,"Bottled Lightning":15},{"TwistedFunnel":11,"Lantern":155,"Singing Bowl":18,"Snake Skull":59,"Bag of Preparation":148,"Ginger":64,"Smiling Mask":15,"Blood Vial":64,"Sozu":88,"Frozen Eye":49,"Centennial Puzzle":59,"Dream Catcher":74,"Strawberry":148,"Ring of the Snake":0,"Pear":23,"Happy Flower":59,"Dead Branch":118,"Blue Candle":155,"Oddly Smooth Stone":118,"PreservedInsect":15,"The Courier":125,"Orichalcum":125,"Black Star":41,"Nloth\u0027s Gift":49,"Art of War":64,"Bottled Lightning":74}],"Ring of the Snake":[56]},"card_choices":[{"not_picked":["Magnetism","Secret Weapon"],"picked":"HandOfGreed","floor":0.0},{"not_picked":["Flying Knee","Eviscerate"],"picked":"Deadly Poison","floor":1.0},{"not_picked":["Dodge and Roll","Sucker Punch"],"picked":"Backflip","floor":3.0},{"not_picked":["Quick Slash","Prepared"],"picked":"Cloak And Dagger","floor":4.0},{"not_picked":["Dagger Throw","Blade Dance","Cloak And Dagger"],"picked":"SKIP","floor":7.0},{"not_picked":["Bane","Sucker Punch","Backflip"],"picked":"Singing Bowl","floor":11.0},{"not_picked":["Endless Agony","Poisoned Stab","Tactician"],"picked":"Singing Bowl","floor":12.0},{"not_picked":["Cloak And Dagger","Catalyst"],"picked":"Adrenaline","floor":13.0},{"not_picked":["Underhanded Strike","Tactician"],"picked":"Skewer","floor":14.0},{"not_picked":["Unload","A Thousand Cuts"],"picked":"After Image","floor":16.0},{"not_picked":["Caltrops","Dagger Spray"],"picked":"Catalyst","floor":18.0},{"not_picked":["Slice+1","Dagger Spray","Acrobatics+1"],"picked":"Singing Bowl","floor":21.0},{"not_picked":["Blade Dance","Glass Knife","Quick Slash"],"picked":"Singing Bowl","floor":24.0},{"not_picked":["Dagger Spray","Acrobatics"],"picked":"Caltrops+1","floor":27.0},{"not_picked":["Flying Knee","Dagger Spray+1","Blade Dance"],"picked":"Singing Bowl","floor":29.0},{"not_picked":["Prepared","Phantasmal Killer"],"picked":"Leg Sweep","floor":30.0},{"not_picked":["Slice","Backflip"],"picked":"Deflect","floor":31.0},{"not_picked":["After Image","Adrenaline"],"picked":"Night Terror","floor":33.0},{"not_picked":["Deflect+1","Leg Sweep+1"],"picked":"Dodge and Roll+1","floor":35.0},{"not_picked":["Dagger Spray","Cloak And Dagger+1","Finisher"],"picked":"Singing Bowl","floor":36.0},{"not_picked":["Backstab","Eviscerate","Poisoned Stab+1"],"picked":"Singing Bowl","floor":38.0},{"not_picked":["Infinite Blades","Flying Knee+1","Calculated Gamble"],"picked":"Singing Bowl","floor":41.0},{"not_picked":["Caltrops+1","Eviscerate+1","Tactician"],"picked":"Singing Bowl","floor":42.0},{"not_picked":["Venomology","Glass Knife","Prepared"],"picked":"Singing Bowl","floor":44.0},{"not_picked":["Eviscerate","Noxious Fumes"],"picked":"PiercingWail","floor":46.0},{"not_picked":["Backstab","Concentrate+1","Sucker Punch"],"picked":"Singing Bowl","floor":48},{"not_picked":["PiercingWail","Corpse Explosion"],"picked":"Wraith Form v2","floor":54}],"player_experience":103149,"relics_obtained":[{"floor":8.0,"key":"PreservedInsect"},{"floor":9.0,"key":"Smiling Mask"},{"floor":11.0,"key":"Singing Bowl"},{"floor":13.0,"key":"Pear"},{"floor":24.0,"key":"Snake Skull"},{"floor":24.0,"key":"Centennial Puzzle"},{"floor":26.0,"key":"Happy Flower"},{"floor":27.0,"key":"Blood Vial"},{"floor":27.0,"key":"Art of War"},{"floor":30.0,"key":"Dream Catcher"},{"floor":30.0,"key":"Bottled Lightning"},{"floor":42.0,"key":"Oddly Smooth Stone"},{"floor":42.0,"key":"Dead Branch"},{"floor":44.0,"key":"The Courier"},{"floor":44.0,"key":"Orichalcum"},{"floor":54,"key":"Lantern"},{"floor":54,"key":"Blue Candle"}],"event_choices":[{"cards_removed":["Strike_G"],"damage_healed":0.0,"max_hp_gain":0.0,"max_hp_loss":0.0,"gold_gain":0.0,"event_name":"Bonfire Elementals","player_choice":"Offered Basic","floor":2.0,"gold_loss":0.0,"damage_taken":0.0},{"damage_healed":0.0,"max_hp_gain":0.0,"max_hp_loss":0.0,"gold_gain":0.0,"event_name":"N\u0027loth","player_choice":"Traded Relic","floor":19.0,"relics_lost":["Pear"],"gold_loss":0.0,"damage_taken":0.0,"relics_obtained":["Nloth\u0027s Gift"]},{"damage_healed":0.0,"max_hp_gain":0.0,"max_hp_loss":47.0,"gold_gain":0.0,"event_name":"Ghosts","player_choice":"Became a Ghost","floor":25.0,"gold_loss":0.0,"damage_taken":0.0,"cards_obtained":["Ghostly","Ghostly","Ghostly","Ghostly","Ghostly"]},{"damage_healed":0.0,"max_hp_gain":0.0,"max_hp_loss":0.0,"gold_gain":0.0,"event_name":"Addict","player_choice":"Obtained Relic","floor":28.0,"gold_loss":85.0,"damage_taken":0.0,"relics_obtained":["Ginger"]},{"damage_healed":0.0,"max_hp_gain":0.0,"max_hp_loss":0.0,"gold_gain":0.0,"event_name":"SecretPortal","player_choice":"Ignored","floor":37.0,"gold_loss":0.0,"damage_taken":0.0},{"cards_removed":["Strike_G"],"damage_healed":0.0,"max_hp_gain":0.0,"max_hp_loss":0.0,"gold_gain":0.0,"event_name":"Purifier","player_choice":"Purged","floor":45.0,"gold_loss":0.0,"damage_taken":0.0}],"is_beta":false,"boss_relics":[{"not_picked":["Astrolabe","Ring of the Serpent"],"picked":"Black Star"},{"not_picked":["Velvet Choker","Coffee Dripper"],"picked":"Sozu"}],"items_purged_floors":[20,39,53],"is_endless":false,"potions_floor_spawned":[1,3,11,13,16,21,24,33,35,38,46],"ascension_level":7}}