{"host":"6xsbn6ynqlzwllfm","time":1612007528,"event":{"mods":["2.2 Compatiblity","BaseMod","Bestiary","Colored Map","Colored Powertips","Curses Come First","Highlight Path","Keyboard Shortcuts","Minty Spire (QoL Compilation)","Relic Stats","Slay the Relics Exporter","StSLib","SuperFastMode"],"gold_per_floor":[113,128,48,48,63,63,89,89,161,176,192,219,231,247,247,318,318,338,338,353,278,278,278,278],"floor_reached":23,"language":"ENG","playtime":628,"items_purged":[],"score":506,"play_id":"43624e75-bf33-4c6d-8c42-b6ac2866d942","local_time":"20210130065208","is_ascension_mode":true,"campfire_choices":[{"data":"BattleHymn","floor":6,"key":"SMITH"},{"data":"Tantrum","floor":8,"key":"SMITH"},{"data":"CrushJoints","floor":15,"key":"SMITH"}],"circlet_count":0,"master_deck":["AscendersBane","Strike_P","Strike_P","Strike_P","Defend_P","Defend_P","Defend_P","Defend_P","Eruption","Vigilance","JustLucky","Swivel","BattleHymn+1","Wallop","Tantrum+1","CrushJoints+1","Adaptation","Wallop","DeusExMachina","Evaluate","Swivel"],"relics":["PureWater","NeowsBlessing","PreservedInsect","Bottled Lightning","Ancient Tea Set","VioletLotus","White Beast Statue"],"acts_visited":["Exordium","TheCity"],"potions_floor_usage":[7,13,16,16,20],"damage_taken":[{"damage":0,"enemies":"Small Slimes","floor":1,"turns":1},{"damage":0,"enemies":"Cultist","floor":2,"turns":1},{"damage":0,"enemies":"2 Louse","floor":5,"turns":1},{"damage":0,"enemies":"Lagavulin","floor":7,"turns":5},{"damage":4,"enemies":"Blue Slaver","floor":10,"turns":3},{"damage":36,"enemies":"Gremlin Gang","floor":11,"turns":5},{"damage":0,"enemies":"Gremlin Nob","floor":12,"turns":3},{"damage":0,"enemies":"Exordium Wildlife","floor":13,"turns":2},{"damage":5,"enemies":"Blue Slaver","floor":14,"turns":2},{"damage":4,"enemies":"Hexaghost","floor":16,"turns":6},{"damage":4,"enemies":"Chosen","floor":18,"turns":3},{"damage":26,"enemies":"2 Thieves","floor":20,"turns":5},{"damage":14,"enemies":"Gremlin Leader","floor":23,"turns":4}],"seed_played":"4286130255992046218","potions_obtained":[{"floor":2,"key":"Ambrosia"},{"floor":11,"key":"Fire Potion"},{"floor":12,"key":"SkillPotion"},{"floor":14,"key":"FearPotion"},{"floor":18,"key":"FearPotion"}],"is_trial":false,"path_per_floor":["M","M","$","?","M","R","E","R","T","M","M","E","M","M","R","B",null,"M","?","M","?","T","E"],"character_chosen":"WATCHER","items_purchased":["BattleHymn"],"campfire_rested":0,"item_purchase_floors":[3],"current_hp_per_floor":[61,61,61,68,68,68,68,68,68,64,28,28,28,23,23,19,56,52,33,7,7,7,0,0],"gold":278,"neow_bonus":"THREE_ENEMY_KILL","is_daily":false,"chose_seed":false,"campfire_upgraded":3,"win_rate":0.0,"timestamp":1612007528,"path_taken":["M","M","$","?","M","R","E","R","T","?","M","E","M","M","R","BOSS","M","?","M","?","?","E"],"items_purchased_type":["Card"],"build_version":"2020-12-22","purchased_purges":0,"victory":false,"max_hp_per_floor":[68,68,68,68,68,68,68,68,68,68,68,68,68,68,68,68,68,68,73,73,73,73,73,73],"relic_stats":{"counters":[13,41],"PreservedInsect":69,"VioletLotus":[2],"obtain_stats":[{"NeowsBlessing":0,"PreservedInsect":7,"VioletLotus":17,"Bottled Lightning":9,"PureWater":0,"Ancient Tea Set":12,"White Beast Statue":22},{"NeowsBlessing":0,"PreservedInsect":4,"VioletLotus":10,"Bottled Lightning":4,"PureWater":0,"Ancient Tea Set":7,"White Beast Statue":12},{"NeowsBlessing":0,"PreservedInsect":8,"VioletLotus":29,"Bottled Lightning":8,"PureWater":0,"Ancient Tea Set":19,"White Beast Statue":37}]},"card_choices":[{"not_picked":["ThirdEye","Evaluate"],"picked":"JustLucky","floor":1},{"not_picked":["Collect","Halt"],"picked":"Swivel","floor":2},{"not_picked":["Crescendo","CutThroughFate"],"picked":"Wallop","floor":5},{"not_picked":["Halt","Nirvana"],"picked":"Tantrum","floor":7},{"not_picked":["Protect","Adaptation"],"picked":"CrushJoints","floor":11},{"not_picked":["FlurryOfBlows","EmptyBody"],"picked":"Adaptation","floor":13},{"not_picked":["Judgement","JustLucky"],"picked":"Wallop","floor":14},{"not_picked":["Alpha","Vault"],"picked":"DeusExMachina","floor":16},{"not_picked":["EmptyBody","ClearTheMind"],"picked":"Evaluate","floor":18},{"not_picked":["PathToVictory","Nirvana"],"picked":"Swivel","floor":20}],"player_experience":1274536,"relics_obtained":[{"floor":7,"key":"PreservedInsect"},{"floor":9,"key":"Bottled Lightning"},{"floor":12,"key":"Ancient Tea Set"},{"floor":22,"key":"White Beast Statue"}],"event_choices":[{"damage_healed":7,"gold_gain":0,"player_choice":"Full Heal","damage_taken":0,"max_hp_gain":0,"max_hp_loss":0,"event_name":"Wheel of Change","floor":4,"gold_loss":0},{"damage_healed":0,"gold_gain":0,"player_choice":"Shed Blood","damage_taken":24,"max_hp_gain":5,"max_hp_loss":0,"event_name":"Forgotten Altar","floor":19,"gold_loss":0},{"cards_removed":["Strike_P"],"damage_healed":0,"gold_gain":0,"player_choice":"Gave Gold","damage_taken":0,"max_hp_gain":0,"max_hp_loss":0,"event_name":"Beggar","floor":21,"gold_loss":75}],"is_beta":false,"boss_relics":[{"not_picked":["Calling Bell","Coffee Dripper"],"picked":"VioletLotus"}],"items_purged_floors":[],"is_endless":false,"potions_floor_spawned":[2,11,12,14,18],"killed_by":"Gremlin Leader","ascension_level":20}}