{"host":"8dhn6p16jorj0i1s","time":1612036911,"event":{"mods":["AchievementEnabler","BaseMod","Colored Map","DeckTracker","Highlight Path","Minty Spire (QoL Compilation)","Permanent Neow","Quick Restart"],"gold_per_floor":[112,132,146,146,96,123,123,48,48,48,68,109,9,9,9],"floor_reached":14,"language":"ENG","playtime":724,"items_purged":["Injury","Defend_R"],"score":137,"play_id":"0340aa12-5c6b-42dc-ac2f-2336fd21e4bc","local_time":"20210130210151","is_ascension_mode":true,"campfire_choices":[{"data":"Bash","floor":10,"key":"SMITH"}],"circlet_count":0,"master_deck":["Strike_R+1","Strike_R","Strike_R+1","Defend_R","Defend_R","Bash+1","Wild Strike","Clash","Infernal Blade","Impervious"],"relics":["Burning Blood","Sundial","Golden Idol","Meat on the Bone","Strawberry"],"acts_visited":["Exordium"],"potions_floor_usage":[11,12,12],"damage_taken":[{"damage":8,"enemies":"Jaw Worm","floor":1,"turns":4},{"damage":3,"enemies":"2 Louse","floor":2,"turns":3},{"damage":1,"enemies":"Small Slimes","floor":3,"turns":3},{"damage":30,"enemies":"3 Sentries","floor":6,"turns":10},{"damage":1,"enemies":"Blue Slaver","floor":11,"turns":3},{"damage":5,"enemies":"Lagavulin","floor":12,"turns":5},{"damage":50,"enemies":"3 Sentries","floor":14,"turns":8}],"seed_played":"3935530321527447073","potions_obtained":[{"floor":2,"key":"Block Potion"},{"floor":3,"key":"EssenceOfSteel"},{"floor":11,"key":"SkillPotion"}],"is_trial":false,"path_per_floor":["M","M","M","?","?","E","?","$","T","R","M","E","$","E"],"character_chosen":"IRONCLAD","items_purchased":[],"campfire_rested":0,"item_purchase_floors":[],"current_hp_per_floor":[49,52,57,41,41,17,17,17,17,17,34,54,54,4,4],"gold":9,"neow_bonus":"REMOVE_TWO","is_daily":false,"chose_seed":false,"campfire_upgraded":1,"win_rate":0.0,"timestamp":1612036911,"path_taken":["M","M","M","?","?","E","?","?","T","R","M","E","$","E"],"items_purchased_type":[],"build_version":"2020-12-22","purchased_purges":2,"victory":false,"max_hp_per_floor":[80,80,80,80,80,80,80,80,80,80,80,87,87,87,87],"card_choices":[{"not_picked":["Combust","True Grit"],"picked":"Wild Strike","floor":1},{"not_picked":["Sword Boomerang","Perfected Strike"],"picked":"Clash","floor":2},{"not_picked":["Flex","Thunderclap","Blood for Blood"],"picked":"SKIP","floor":3},{"not_picked":["Sentinel","Exhume"],"picked":"Infernal Blade","floor":6},{"not_picked":["Anger","Pummel","Warcry"],"picked":"SKIP","floor":11},{"not_picked":["Anger","Twin Strike"],"picked":"Impervious","floor":12}],"player_experience":498320,"relics_obtained":[{"floor":6,"key":"Sundial"},{"floor":9,"key":"Meat on the Bone"},{"floor":12,"key":"Strawberry"}],"event_choices":[{"damage_healed":0,"gold_gain":0,"player_choice":"Entered Light","damage_taken":16,"max_hp_gain":0,"max_hp_loss":0,"event_name":"Shining Light","floor":4,"gold_loss":0,"cards_upgraded":["Strike_R","Strike_R"]},{"cards_removed":["Strike_R"],"damage_healed":0,"gold_gain":0,"player_choice":"Card Removal","damage_taken":0,"max_hp_gain":0,"max_hp_loss":0,"event_name":"The Cleric","floor":5,"gold_loss":50},{"damage_healed":0,"gold_gain":0,"player_choice":"Take Wound","damage_taken":0,"relics_obtained":["Golden Idol"],"max_hp_gain":0,"max_hp_loss":0,"event_name":"Golden Idol","floor":7,"gold_loss":0,"cards_obtained":["Injury"]}],"is_beta":false,"boss_relics":[],"items_purged_floors":[8,13],"is_endless":false,"potions_floor_spawned":[2,3,11],"killed_by":"3 Sentries","ascension_level":8}}