{"host":"wqy4mrhfanukbt26","time":1612003755,"event":{"mods":["AchievementEnabler","Act Like it!","Arknights The Spire","BaseMod","Bestiary","BetterRewards","Card Forge","Colored Powertips","Friendly Minions","Gensokyo","Marisa£®ÏF”Í°°ƒß¿Ì…≥£©","Minty Spire (QoL Compilation)","Rare Cards Sparkle","Relic Stats","Shop Mod","StSLib"],"gold_per_floor":[114,114,289,34,54,54,85,85,85,100,0,0,34,49,49,175,175,193,193,208,208,223,266,266,266,266,281,305,323,366,387,387,508,508,524,524,464,482,495,535,550,329,329,364,682,682,701,701,701,701,701,701,143,177,177],"floor_reached":56,"language":"ZHS","playtime":6257,"items_purged":["ats:Strike C","ats:Strike G"],"score":1509,"play_id":"f7299095-b779-40f8-bc30-02065f0ecdd7","local_time":"20210130184914","is_ascension_mode":false,"campfire_choices":[{"data":"ats:Emotion Absorption","floor":6.0,"key":"SMITH"},{"data":"ats:Closed Bolt Burst Fire","floor":8.0,"key":"SMITH"},{"floor":15.0,"key":"RECALL"},{"data":"ats:Armor Crushing Shot","floor":32.0,"key":"SMITH"},{"floor":49,"key":"REST"},{"floor":52,"key":"REST"}],"circlet_count":0,"master_deck":["ats:Armor Crushing Shot+1","ats:Emotion Absorption+1","Apotheosis+1","ats:Closed Bolt Burst Fire+1","ats:Directed Diagnosis+1","ats:Rat Pack+1","ats:Demon Strength+1","ats:Healing Strengthening+1","ats:Rat Pack+1","ats:Wolf Pack","ats:Sashimi Platter","ats:Calcification+1","Gensokyo:CustomPotion","ats:Support Order+1","Heatsinks+1","Gensokyo:UnlikelyAid+1"],"relics":["ats:Sanity","Hammer of Thor","Seething Fire","Anvil of the Gods","Calipers","Sundial","Golden Idol","Toxic Egg 2","ats:Originium","ats:Lavender","Vajra","Regal Pillow","Centennial Puzzle","Sozu","Nloth\u0027s Gift","War Paint","Nilry\u0027s Codex","Singing Bowl","Tiny Chest","Fusion Hammer","TungstenRod","TheAbacus","Eternal Feather","Bottled Tornado","ats:Rhine Circuitry","ats:Cure","InkBottle","Gensokyo:Companionship","Blue Candle"],"acts_visited":["Exordium","TheCity","TheCity","TheEnding"],"potions_floor_usage":[],"damage_taken":[{"damage":6.0,"enemies":"Small Slimes","floor":1.0,"turns":4.0},{"damage":2.0,"enemies":"2 Louse","floor":5.0,"turns":2.0},{"damage":6.0,"enemies":"3 Sentries","floor":7.0,"turns":5.0},{"damage":3.0,"enemies":"Jaw Worm","floor":10.0,"turns":2.0},{"damage":0.0,"enemies":"Gremlin Nob","floor":13.0,"turns":2.0},{"damage":13.0,"enemies":"Gremlin Gang","floor":14.0,"turns":3.0},{"damage":24.0,"enemies":"Slime Boss","floor":16.0,"turns":8.0},{"damage":2.0,"enemies":"Chosen","floor":18.0,"turns":4.0},{"damage":1.0,"enemies":"3 Byrds","floor":20.0,"turns":5.0},{"damage":7.0,"enemies":"Centurion and Healer","floor":22.0,"turns":5.0},{"damage":9.0,"enemies":"Book of Stabbing","floor":23.0,"turns":5.0},{"damage":0.0,"enemies":"Snake Plant","floor":27.0,"turns":5.0},{"damage":2.0,"enemies":"Cultist and Chosen","floor":28.0,"turns":6.0},{"damage":0.0,"enemies":"Shelled Parasite and Fungi","floor":29.0,"turns":4.0},{"damage":0.0,"enemies":"Gremlin Leader","floor":30.0,"turns":7.0},{"damage":0.0,"enemies":"Sentry and Sphere","floor":31.0,"turns":6.0},{"damage":0.0,"enemies":"Collector","floor":33.0,"turns":9.0},{"damage":0.0,"enemies":"Gensokyo:3_Bats","floor":35.0,"turns":4.0},{"damage":5.0,"enemies":"Gensokyo:3_Boulders","floor":38.0,"turns":5.0},{"damage":10.0,"enemies":"Gensokyo:Dusk_and_Dawn","floor":39.0,"turns":4.0},{"damage":0.0,"enemies":"Gensokyo:Marisa","floor":40.0,"turns":6.0},{"damage":0.0,"enemies":"Gensokyo:AtlasGolem","floor":41.0,"turns":5.0},{"damage":0.0,"enemies":"Gensokyo:Doremy","floor":44.0,"turns":7.0},{"damage":32.0,"enemies":"Gensokyo:Rafflesia","floor":45.0,"turns":7.0},{"damage":10,"enemies":"Gensokyo:Dusk_and_Dawn","floor":47,"turns":5},{"damage":1,"enemies":"Gensokyo:Dusk_and_Dawn","floor":48,"turns":5},{"damage":0,"enemies":"Gensokyo:Yuyuko","floor":50,"turns":11},{"damage":16,"enemies":"Shield and Spear","floor":54,"turns":9},{"damage":1,"enemies":"The Heart","floor":55,"turns":10}],"seed_played":"-4941671278418237944","potions_obtained":[{"floor":16.0,"key":"DistilledChaos"}],"is_trial":false,"path_per_floor":["M","?","?","$","M","R","E","R","T","M","$","?","E","M","R","B",null,"M","?","M","?","M","E","?","?","T","M","M","M","E","M","R","B",null,"M","?","?","M","M","E","M","COS","T","E","M","T","M","?","R","B",null,"R","$","E","B",null],"character_chosen":"DOCTOR_CLASS","items_purchased":["ats:Apocalypse","ats:Defend","Apotheosis","ats:Emergency Sanity Potion","ats:Powerful Strike","Toxic Egg 2","ats:Rhine Circuitry","ats:Cure","InkBottle"],"campfire_rested":2,"item_purchase_floors":[0,0,0,0,0,4,53,53,53],"current_hp_per_floor":[66,66,66,66,69,69,66,66,66,69,69,62,63,66,66,65,72,70,70,72,72,72,67,51,38,38,77,81,83,83,85,85,85,85,87,53,53,87,89,91,93,93,93,95,97,97,99,99,99,99,99,99,99,101,101],"gold":177,"neow_bonus":"","is_daily":false,"chose_seed":false,"campfire_upgraded":3,"win_rate":0.0,"timestamp":1612003754,"path_taken":["M","?","?","?","M","R","E","R","T","?","$","?","E","M","R","BOSS","M","?","?","?","M","E","?","?","T","M","M","M","E","M","R","BOSS","M","?","?","M","M","E","M","COS","T","E","?","?","M","?","R","BOSS","R","$","E","BOSS"],"items_purchased_type":["Card","Card","Card","Potion","Card","Relic","Relic","Relic","Relic"],"build_version":"2020-12-22","purchased_purges":2,"victory":true,"max_hp_per_floor":[72,72,72,72,72,72,72,72,72,72,72,72,72,72,72,72,72,72,72,72,72,72,72,72,77,77,79,81,83,83,85,85,85,85,87,87,87,87,89,91,93,93,93,95,97,97,99,99,99,99,99,99,99,101,101],"relic_stats":{"Regal Pillow":0,"Singing Bowl":24,"counters":[29,160],"Golden Idol":220,"Blue Candle":[0],"Eternal Feather":0,"War Paint":["ats:Defend","ats:Defend"],"Sozu":7,"Centennial Puzzle":[42],"TheAbacus":[144],"Sundial":[42],"Tiny Chest":1,"Nloth\u0027s Gift":5,"obtain_stats":[{"Regal Pillow":12,"Calipers":0,"Singing Bowl":26,"Nilry\u0027s Codex":24,"Vajra":9,"Hammer of Thor":0,"Bottled Tornado":46,"Sozu":17,"Centennial Puzzle":13,"TheAbacus":42,"Gensokyo:Companionship":54,"Sundial":0,"Tiny Chest":30,"Fusion Hammer":34,"ats:Sanity":0,"Toxic Egg 2":4,"ats:Rhine Circuitry":53,"InkBottle":53,"ats:Defend":0,"Golden Idol":2,"ats:Lavender":7,"Blue Candle":54,"Eternal Feather":44,"Seething Fire":0,"War Paint":23,"ats:Cure":53,"ats:Originium":7,"Anvil of the Gods":0,"Nloth\u0027s Gift":19,"TungstenRod":36},{"Regal Pillow":4,"Calipers":0,"Singing Bowl":11,"Nilry\u0027s Codex":11,"Vajra":3,"Hammer of Thor":0,"Bottled Tornado":24,"Sozu":7,"Centennial Puzzle":5,"TheAbacus":22,"Gensokyo:Companionship":28,"Sundial":0,"Tiny Chest":15,"Fusion Hammer":17,"ats:Sanity":0,"Toxic Egg 2":1,"ats:Rhine Circuitry":27,"InkBottle":27,"ats:Defend":0,"Golden Idol":1,"ats:Lavender":3,"Blue Candle":28,"Eternal Feather":23,"Seething Fire":0,"War Paint":11,"ats:Cure":27,"ats:Originium":3,"Anvil of the Gods":0,"Nloth\u0027s Gift":8,"TungstenRod":18},{"Regal Pillow":13,"Calipers":0,"Singing Bowl":45,"Nilry\u0027s Codex":45,"Vajra":11,"Hammer of Thor":0,"Bottled Tornado":120,"Sozu":26,"Centennial Puzzle":15,"TheAbacus":106,"Gensokyo:Companionship":142,"Sundial":0,"Tiny Chest":67,"Fusion Hammer":82,"ats:Sanity":0,"Toxic Egg 2":4,"ats:Rhine Circuitry":141,"InkBottle":141,"ats:Defend":0,"Golden Idol":4,"ats:Lavender":11,"Blue Candle":150,"Eternal Feather":113,"Seething Fire":0,"War Paint":45,"ats:Cure":141,"ats:Originium":11,"Anvil of the Gods":0,"Nloth\u0027s Gift":30,"TungstenRod":86}],"TungstenRod":20,"InkBottle":[10]},"card_choices":[{"not_picked":["ats:Beaten Up","ats:Part Time Job"],"picked":"ats:Closed Bolt Burst Fire","floor":1.0},{"not_picked":["ats:Assault Order+1","ats:Sashimi Platter","ats:Blood Oath"],"picked":"SKIP","floor":5.0},{"not_picked":["ats:Blood Oath","ats:Ignite"],"picked":"ats:Composite Medical Shells","floor":7.0},{"not_picked":["ats:Curse Doll+1","ats:Hammer On","ats:Consecutive Shot Auto"],"picked":"SKIP","floor":10.0},{"not_picked":["ats:Very Hot Blade","ats:Revitalization+1"],"picked":"ats:Directed Diagnosis+1","floor":13.0},{"not_picked":["ats:Leaping Hammer","ats:Overload","ats:Thermite Blade"],"picked":"SKIP","floor":14.0},{"not_picked":["ats:Leaping Hammer","ats:Overload","ats:Thermite Blade"],"picked":"SKIP","floor":14.0},{"not_picked":["ats:Soul Rend","ats:True Silver Slash"],"picked":"ats:Rat Pack+1","floor":16.0},{"not_picked":["ats:Serious Mode+1","ats:Hammer On"],"picked":"ats:Demon Strength","floor":18.0},{"not_picked":["ats:Sunburst","ats:Burning Ground+1"],"picked":"ats:Healing Strengthening","floor":20.0},{"not_picked":["ats:Very Hot Blade","ats:Counter Healing Mode","ats:Explosion Area Strengthen+1"],"picked":"SKIP","floor":22.0},{"not_picked":["ats:Serious Mode","ats:Demon Strength"],"picked":"ats:Rat Pack+1","floor":23.0},{"not_picked":["ats:Very Hot Blade","ats:Closed Bolt Burst Fire","ats:Explosion Area Strengthen"],"picked":"Singing Bowl","floor":27.0},{"not_picked":["ats:Very Hot Blade","ats:Guard Mode+1","ats:Apocalypse+1"],"picked":"Singing Bowl","floor":28.0},{"not_picked":["ats:Directed Diagnosis+1","ats:Curse Doll+1","ats:Flexible Camouflage+1"],"picked":"Singing Bowl","floor":29.0},{"not_picked":["ats:Hammer On","ats:Guard Mode+1"],"picked":"ats:Sashimi Platter","floor":30.0},{"not_picked":["ats:Revitalization+1","ats:Powerful Strike","ats:Closed Bolt Burst Fire"],"picked":"Singing Bowl","floor":31.0},{"not_picked":["ats:Volcano","ats:Dogmatic Field"],"picked":"ats:Calcification+1","floor":33.0},{"not_picked":["ats:Flexible Camouflage+1","ats:Explosion Area Strengthen+1","ats:Apocalypse+1"],"picked":"Singing Bowl","floor":35.0},{"not_picked":["ats:Assault Order+1","ats:Consecutive Shot Auto+1"],"picked":"ats:Support Order+1","floor":38.0},{"not_picked":["ats:Curse Doll+1","ats:Very Hot Blade","ats:Ambush"],"picked":"Singing Bowl","floor":39.0},{"not_picked":["ats:Durian+1","ats:Roar Of Ursus","ats:Closed Bolt Burst Fire+1"],"picked":"Singing Bowl","floor":40.0},{"not_picked":["ats:Hammer On","ats:Revitalization+1","ats:Automatic Cover+1"],"picked":"Singing Bowl","floor":41.0},{"not_picked":["ats:Soul Rend","ats:Sword Rain","ats:Literary Storm+1"],"picked":"Singing Bowl","floor":44.0},{"not_picked":["ats:Very Hot Blade+1","ats:Poison Spread+1","ats:Consecutive Shot Auto+1"],"picked":"Singing Bowl","floor":45.0},{"not_picked":["ats:Rapid Magazine","ats:Powerful Strike","ats:Consecutive Shot Auto"],"picked":"Singing Bowl","floor":47},{"not_picked":["Gensokyo:DreamlikeParadise+1","Gensokyo:RisingWorld+1"],"picked":"Gensokyo:UnlikelyAid+1","floor":48},{"not_picked":["ats:Roar Of Ursus","ats:Explosion Area Strengthen+1","ats:Blood Oath+1"],"picked":"Singing Bowl","floor":54}],"player_experience":321410,"relics_obtained":[{"floor":7.0,"key":"ats:Originium"},{"floor":7.0,"key":"ats:Lavender"},{"floor":9.0,"key":"Vajra"},{"floor":13.0,"key":"ats:Originium"},{"floor":13.0,"key":"Centennial Puzzle"},{"floor":23.0,"key":"ats:Originium"},{"floor":23.0,"key":"War Paint"},{"floor":24.0,"key":"Nilry\u0027s Codex"},{"floor":26.0,"key":"Singing Bowl"},{"floor":30.0,"key":"ats:Originium"},{"floor":30.0,"key":"Tiny Chest"},{"floor":44.0,"key":"Eternal Feather"},{"floor":46,"key":"Bottled Tornado"},{"floor":54,"key":"Blue Candle"}],"event_choices":[{"damage_healed":0.0,"max_hp_gain":0.0,"max_hp_loss":0.0,"gold_gain":0.0,"event_name":"Golden Idol","player_choice":"Take Wound","floor":2.0,"gold_loss":0.0,"damage_taken":0.0,"relics_obtained":["Golden Idol"],"cards_obtained":["Injury"]},{"damage_healed":0.0,"max_hp_gain":0.0,"max_hp_loss":0.0,"gold_gain":175.0,"event_name":"Liars Game","player_choice":"AGREE","floor":3.0,"gold_loss":0.0,"damage_taken":0.0,"cards_obtained":["Doubt"]},{"damage_healed":0.0,"max_hp_gain":0.0,"max_hp_loss":0.0,"gold_gain":0.0,"event_name":"Scrap Ooze","player_choice":"Success","floor":12.0,"gold_loss":0.0,"damage_taken":7.0,"relics_obtained":["Regal Pillow"]},{"damage_healed":0.0,"max_hp_gain":0.0,"max_hp_loss":0.0,"gold_gain":0.0,"event_name":"N\u0027loth","player_choice":"Traded Relic","floor":19.0,"relics_lost":["ats:Defend"],"gold_loss":0.0,"damage_taken":0.0,"relics_obtained":["Nloth\u0027s Gift"]},{"cards_removed":["ats:Strike V"],"damage_healed":0.0,"max_hp_gain":0.0,"max_hp_loss":0.0,"gold_gain":0.0,"event_name":"Back to Basics","player_choice":"Elegance","floor":21.0,"gold_loss":0.0,"damage_taken":0.0},{"damage_healed":0.0,"max_hp_gain":0.0,"max_hp_loss":0.0,"gold_gain":0.0,"event_name":"Cursed Tome","player_choice":"Obtained Book","floor":24.0,"gold_loss":0.0,"damage_taken":16.0},{"damage_healed":0.0,"max_hp_gain":5.0,"max_hp_loss":0.0,"gold_gain":0.0,"event_name":"Forgotten Altar","player_choice":"Shed Blood","floor":25.0,"gold_loss":0.0,"damage_taken":18.0}],"is_beta":false,"boss_relics":[{"not_picked":["Busted Crown","Ectoplasm"],"picked":"Sozu"},{"not_picked":["Black Star","Astrolabe"],"picked":"Fusion Hammer"}],"items_purged_floors":[0,11],"is_endless":false,"potions_floor_spawned":[16,22,23,29,31,39,45,54],"ascension_level":0}}