{"host":"oc9j5nmpwz4e9fqj","time":1612032787,"event":{"mods":["ATMod(阿瑾Mod)","AchievementEnabler","BaseMod","Conspire","KomeijiMod","Lobotomy","Minty Spire (QoL Compilation)","Replay The Spire","StSLib","TestMod","[IsaacMod]以撒尖塔","【遗物卡牌】REMEMod"],"gold_per_floor":[423,864,1329,1329,1329,1359,1359,1363,1363],"floor_reached":8,"language":"ZHS","playtime":478,"items_purged":[],"score":137,"play_id":"df57d7b8-ebba-4e67-b6ff-edbec1862cd8","local_time":"20210131035307","is_ascension_mode":true,"campfire_choices":[{"floor":7,"key":"REST"}],"circlet_count":0,"master_deck":["AscendersBane","Strike_G","Strike_G","Strike_G","Strike_G","Strike_G","Defend_G","Defend_G","Defend_G","Defend_G","Defend_G","Survivor","Neutralize","EpicFetus","BeautyBeast","Bane","Deadly Poison","VoidDream","Dagger Spray","Scorched","FairyFestival"],"relics":["Ring of the Snake","testmod-TestBox","HushsDoor","AT_ATBox","REME_ComplimentaryCards","BFFS","testmod-LifeArmor","CogitoBucket","testmod-Acrobat"],"acts_visited":["Exordium"],"potions_floor_usage":[6,6],"damage_taken":[{"damage":0,"enemies":"Cultist","floor":1,"turns":3},{"damage":1,"enemies":"Small Slimes","floor":2,"turns":3},{"damage":3,"enemies":"conspire:RoseBush","floor":3,"turns":2},{"damage":44,"enemies":"Lagavulin","floor":6,"turns":7},{"damage":46,"enemies":"3 Sentries","floor":8,"turns":3}],"seed_played":"7416932063106478222","potions_obtained":[{"floor":1,"key":"Energy Potion"},{"floor":3,"key":"Explosive Potion"}],"is_trial":false,"path_per_floor":["M","M","M","?","?","E","R","E"],"character_chosen":"THE_SILENT","items_purchased":[],"campfire_rested":1,"item_purchase_floors":[],"current_hp_per_floor":[59,58,55,55,55,11,30,0,0],"gold":1363,"neow_bonus":"","is_daily":false,"chose_seed":false,"campfire_upgraded":0,"win_rate":0.0,"timestamp":1612032787,"path_taken":["M","?","M","?","?","E","R","E"],"items_purchased_type":[],"build_version":"2020-12-22","purchased_purges":0,"victory":false,"max_hp_per_floor":[66,66,66,66,66,66,66,66,66],"card_choices":[{"not_picked":[],"picked":"EpicFetus","floor":0},{"not_picked":["SpiderBud","Bloodbath"],"picked":"BeautyBeast","floor":1},{"not_picked":["Quick Slash","Cloak And Dagger"],"picked":"Bane","floor":1},{"not_picked":["AT_WindRun","Acrobatics"],"picked":"Deadly Poison","floor":1},{"not_picked":["MeatLantern","Wellcheers"],"picked":"VoidDream","floor":2},{"not_picked":["Leg Sweep","Bane"],"picked":"Dagger Spray","floor":2},{"not_picked":["ReplayTheSpireMod:Exploit Weakness","ReplayTheSpireMod:Speed Training","Flying Knee"],"picked":"SKIP","floor":2},{"not_picked":["ReplayTheSpireMod:Exploit Weakness","ReplayTheSpireMod:Speed Training","Flying Knee"],"picked":"SKIP","floor":2},{"not_picked":["PunishingBird","ShyLook"],"picked":"Scorched","floor":3},{"not_picked":["Cloak And Dagger","Backflip","Eviscerate"],"picked":"SKIP","floor":3},{"not_picked":["Dash","Distraction","Quick Slash"],"picked":"SKIP","floor":3},{"not_picked":["CrumblingArmor","Bloodbath"],"picked":"FairyFestival","floor":6},{"not_picked":["Sucker Punch","Doppelganger","Slice"],"picked":"SKIP","floor":6}],"player_experience":242477,"relics_obtained":[{"floor":6,"key":"testmod-Acrobat"}],"event_choices":[{"damage_healed":0,"gold_gain":0,"player_choice":"Fled","damage_taken":0,"max_hp_gain":0,"max_hp_loss":0,"event_name":"Scrap Ooze","floor":4,"gold_loss":0},{"damage_healed":0,"gold_gain":0,"player_choice":"Ignored","damage_taken":0,"max_hp_gain":0,"max_hp_loss":0,"event_name":"给自己的盒子","floor":5,"gold_loss":0}],"is_beta":false,"boss_relics":[],"items_purged_floors":[],"is_endless":false,"potions_floor_spawned":[1,1,2,3,3,3],"killed_by":"3 Sentries","ascension_level":20}}