{"host":"9gwavclf33b2mpxe","time":1612022915,"event":{"mods":["BaseMod","Bestiary","Block Reminder","Colored Map","Colored Powertips","Downfall","Highlight Path","Minty Spire (QoL Compilation)","Permanent Neow","Quick Restart","Relic Stats","StSLib","SuperFastMode"],"gold_per_floor":[99,109,126,139,150,150,201,264,294,153,182,357,357,372,383,479,479,479,494,504,504,128,28,28,28,42,42,53,80,94,94,105,210,210,210,220,220,236,248,248,271,281,281,281,281],"floor_reached":43,"language":"ENG","playtime":2462,"items_purged":["Slimebound:Strike_Slimebound","Doubt","Slimebound:Strike_Slimebound"],"score":508,"play_id":"fb685105-d6f2-40a7-ba30-97255f018e82","local_time":"20210131000835","is_ascension_mode":true,"campfire_choices":[{"data":"Slimebound:Split","floor":1.0,"key":"SMITH"},{"data":"Slimebound:RollThrough","floor":6.0,"key":"SMITH"},{"data":"Slimebound:FlameTackle","floor":13.0,"key":"SMITH"},{"floor":18.0,"key":"RECALL"},{"data":"Slimebound:CorrosiveSpit","floor":23,"key":"SMITH"},{"data":"Slimebound:GoopTackle","floor":25,"key":"SMITH"},{"data":"Slimebound:HauntingLick","floor":27,"key":"SMITH"},{"data":"Slimebound:SplitLeeching","floor":35,"key":"SMITH"}],"circlet_count":0,"master_deck":["Slimebound:Tackle","Slimebound:Defend_Slimebound+1","Slimebound:Defend_Slimebound","Slimebound:Defend_Slimebound","Slimebound:Defend_Slimebound","Slimebound:Split+1","Slimebound:CorrosiveSpit+1","Slimebound:Prepare","Slimebound:HauntingLick+1","Slimebound:RollThrough+1","Slimebound:FlameTackle+1","Slimebound:FinishingTackle","Slimebound:SplitLeeching+1","Slimebound:GoopTackle+1","Slimebound:ForwardTackle","Slimebound:Repurpose","Slimebound:BestDefense+1","Slimebound:DuplicatedForm+1","Slimebound:HungryTackle","Slimebound:LevelUp+1","Slimebound:ComboTackle","Slimebound:Replication+1","Slimebound:LevelUp+1","Slimebound:ComboTackle","Slimebound:MegaLick+1","expansioncontent:Chronoboost+1","Slimebound:Grow+1"],"relics":["Coffee Dripper","PreservedInsect","sneckomod:BlankCard","bronze:BronzeIdol","Frozen Egg 2","Busted Crown","Bronze Scales","downfall:HeartBlessingRed","Slimebound:PreparedRelic","MawBank","War Paint","Philosopher\u0027s Stone"],"acts_visited":["Exordium","TheCity","TheBeyond"],"potions_floor_usage":[29,29,33,42],"damage_taken":[{"damage":0.0,"enemies":"Cultist","floor":2.0,"turns":3.0},{"damage":1.0,"enemies":"2 Louse","floor":3.0,"turns":3.0},{"damage":1.0,"enemies":"Jaw Worm","floor":4.0,"turns":3.0},{"damage":1.0,"enemies":"3 Louse","floor":5.0,"turns":2.0},{"damage":8.0,"enemies":"Gremlin Nob","floor":8.0,"turns":3.0},{"damage":4.0,"enemies":"Gremlin Nob","floor":9.0,"turns":3.0},{"damage":4.0,"enemies":"downfall:FleeingMerchant","floor":10.0,"turns":4.0},{"damage":0.0,"enemies":"3 Sentries","floor":11.0,"turns":3.0},{"damage":0.0,"enemies":"Blue Slaver","floor":14.0,"turns":3.0},{"damage":9.0,"enemies":"3 Louse","floor":15.0,"turns":1.0},{"damage":10.0,"enemies":"SI_SHIV_ARCHETYPE","floor":16.0,"turns":5.0},{"damage":4.0,"enemies":"Chosen","floor":19.0,"turns":3.0},{"damage":17.0,"enemies":"3 Byrds","floor":20.0,"turns":4.0},{"damage":0.0,"enemies":"downfall:FleeingMerchant","floor":22.0,"turns":4.0},{"damage":3,"enemies":"3 Cultists","floor":26,"turns":3},{"damage":10,"enemies":"Snecko","floor":28,"turns":3},{"damage":10,"enemies":"Gremlin Leader","floor":29,"turns":4},{"damage":3,"enemies":"downfall:FleeingMerchant","floor":30,"turns":1},{"damage":27,"enemies":"Centurion and Healer","floor":32,"turns":4},{"damage":18,"enemies":"WA_ARCHETYPE_CALM","floor":33,"turns":3},{"damage":29,"enemies":"3 Darklings","floor":36,"turns":3},{"damage":19,"enemies":"Orb Walker","floor":38,"turns":4},{"damage":25,"enemies":"Transient","floor":39,"turns":5},{"damage":15,"enemies":"3 Darklings","floor":42,"turns":2},{"damage":37,"enemies":"Nemesis","floor":43,"turns":3}],"seed_played":"8435842547910564431","potions_obtained":[{"floor":3.0,"key":"DistilledChaos"},{"floor":8.0,"key":"LiquidBronze"},{"floor":11.0,"key":"Regen Potion"},{"floor":14.0,"key":"Slimebound:SpawnSlimePotion"},{"floor":16.0,"key":"EssenceOfSteel"},{"floor":26,"key":"LiquidBronze"},{"floor":32,"key":"Strength Potion"},{"floor":33,"key":"GamblersBrew"},{"floor":36,"key":"SkillPotion"}],"is_trial":false,"path_per_floor":["R","M","M","M","M","R","T","?","E","$","E","?","R","M","M","B",null,"R","M","M","?","$","R","T","R","M","R","M","E","$","?","M","B",null,"R","M","?","M","M","?","T","M","E"],"character_chosen":"SLIMEBOUND","items_purchased":["Slimebound:GoopTackle","Bronze Scales","Slimebound:LevelUp+1","Slimebound:ComboTackle","War Paint","PowerPotion"],"campfire_rested":0,"item_purchase_floors":[10,22,22,22,30,30],"current_hp_per_floor":[65,65,64,63,62,62,62,54,50,46,46,46,46,46,37,41,65,65,61,59,59,59,59,59,59,56,56,46,36,33,33,21,18,65,65,51,51,47,37,37,37,37,0,0,0],"gold":281,"neow_bonus":"BOSS_RELIC","is_daily":false,"chose_seed":false,"campfire_upgraded":7,"win_rate":0.0,"timestamp":1612022915,"path_taken":["R","M","M","?","M","R","T","?","E","$","E","?","R","M","M","BOSS","R","M","M","?","$","R","T","R","M","R","M","E","$","?","M","BOSS","R","M","?","M","M","?","T","M","E"],"items_purchased_type":["Card","Relic","Card","Card","Relic","Potion"],"build_version":"2020-12-22","purchased_purges":3,"victory":false,"max_hp_per_floor":[65,65,65,65,65,65,65,65,65,65,65,65,65,65,65,65,65,65,65,65,65,65,65,65,65,65,65,65,65,65,65,65,65,65,65,65,65,65,65,65,65,65,65,65,65],"relic_stats":{"Busted Crown":30,"counters":[25,76],"Bronze Scales":[85],"PreservedInsect":269,"War Paint":["Slimebound:Replication","Slimebound:Defend_Slimebound"],"MawBank":12,"obtain_stats":[{"downfall:HeartBlessingRed":23,"sneckomod:BlankCard":8,"PreservedInsect":7,"Frozen Egg 2":11,"War Paint":30,"MawBank":29,"bronze:BronzeIdol":9,"Busted Crown":17,"Bronze Scales":22,"Philosopher\u0027s Stone":34,"Slimebound:PreparedRelic":24,"Slimebound:AbsorbEndCombat":0,"Coffee Dripper":0},{"downfall:HeartBlessingRed":14,"sneckomod:BlankCard":5,"PreservedInsect":4,"Frozen Egg 2":8,"War Paint":18,"MawBank":17,"bronze:BronzeIdol":6,"Busted Crown":11,"Bronze Scales":14,"Philosopher\u0027s Stone":20,"Slimebound:PreparedRelic":14,"Slimebound:AbsorbEndCombat":0,"Coffee Dripper":0},{"downfall:HeartBlessingRed":42,"sneckomod:BlankCard":14,"PreservedInsect":11,"Frozen Egg 2":23,"War Paint":52,"MawBank":51,"bronze:BronzeIdol":16,"Busted Crown":32,"Bronze Scales":42,"Philosopher\u0027s Stone":59,"Slimebound:PreparedRelic":42,"Slimebound:AbsorbEndCombat":0,"Coffee Dripper":0}]},"card_choices":[{"not_picked":["Slimebound:LivingWall","Slimebound:LeechEnergy"],"picked":"Slimebound:Prepare","floor":2.0},{"not_picked":["Slimebound:SamplingLick","Slimebound:PressTheAttack"],"picked":"Slimebound:HauntingLick","floor":3.0},{"not_picked":["Slimebound:HauntingLick","Slimebound:GrowthPunch"],"picked":"Slimebound:RollThrough","floor":4.0},{"not_picked":["Slimebound:Overexert","Slimebound:SplitLeeching","Slimebound:Repurpose"],"picked":"SKIP","floor":5.0},{"not_picked":["Slimebound:SamplingLick","Slimebound:AcidTongue"],"picked":"Slimebound:FlameTackle","floor":8.0},{"not_picked":["Slimebound:RallyTheTroops","Slimebound:PressTheAttack"],"picked":"Slimebound:FinishingTackle","floor":9.0},{"not_picked":["Slimebound:LivingWall","Slimebound:DouseInSlime"],"picked":"Slimebound:SplitLeeching","floor":10.0},{"not_picked":["Slimebound:SplitSpecialist","Slimebound:ItLooksTasty"],"picked":"Slimebound:ForwardTackle","floor":11.0},{"not_picked":["Slimebound:SlimeSpikes","Slimebound:SamplingLick"],"picked":"Slimebound:Repurpose","floor":14.0},{"not_picked":["Slimebound:HauntingLick","Slimebound:Prepare"],"picked":"Slimebound:BestDefense+1","floor":15.0},{"not_picked":["Slimebound:WasteNot","Slimebound:SelfFormingGoo+1"],"picked":"Slimebound:DuplicatedForm+1","floor":16.0},{"not_picked":["Slimebound:SplitLeeching"],"picked":"SKIP","floor":19.0},{"not_picked":["Slimebound:FinishingTackle"],"picked":"SKIP","floor":20.0},{"not_picked":["Slimebound:LeechEnergy"],"picked":"SKIP","floor":22},{"not_picked":[],"picked":"Slimebound:Replication","floor":26},{"not_picked":["Slimebound:SplitBruiser"],"picked":"SKIP","floor":28},{"not_picked":[],"picked":"Slimebound:LevelUp+1","floor":29},{"not_picked":["Slimebound:DivideAndConquer"],"picked":"SKIP","floor":30},{"not_picked":[],"picked":"Slimebound:ComboTackle","floor":32},{"not_picked":[],"picked":"Slimebound:MegaLick+1","floor":36},{"not_picked":["Slimebound:TongueLash"],"picked":"SKIP","floor":38},{"not_picked":["Slimebound:PressTheAttack+1"],"picked":"SKIP","floor":39},{"not_picked":["expansioncontent:YouAreMine","expansioncontent:DecaShield"],"picked":"expansioncontent:Chronoboost","floor":40},{"not_picked":[],"picked":"Slimebound:Grow+1","floor":42}],"player_experience":150738,"relics_obtained":[{"floor":7.0,"key":"PreservedInsect"},{"floor":8.0,"key":"sneckomod:BlankCard"},{"floor":9.0,"key":"bronze:BronzeIdol"},{"floor":11.0,"key":"Frozen Egg 2"},{"floor":24,"key":"Slimebound:PreparedRelic"},{"floor":29,"key":"MawBank"}],"event_choices":[{"damage_healed":0.0,"max_hp_gain":0.0,"max_hp_loss":0.0,"gold_gain":0.0,"event_name":"The Library","player_choice":"Read","floor":21.0,"gold_loss":0.0,"damage_taken":0.0,"cards_obtained":["Slimebound:HungryTackle"]}],"is_beta":false,"boss_relics":[{"not_picked":["expansioncontent:StudyCardRelic","Sozu"],"picked":"Busted Crown"},{"not_picked":["Runic Dome","Velvet Choker"],"picked":"Philosopher\u0027s Stone"}],"items_purged_floors":[10,22,30],"is_endless":false,"potions_floor_spawned":[3,8,11,14,16,26,32,33,36],"killed_by":"Nemesis","ascension_level":1}}