{"host":"kvo7eymyd21g9abd","time":1612033987,"event":{"mods":["AchievementEnabler","BaseMod","Bestiary","Colored Map","Minty Spire (QoL Compilation)","StSLib"],"gold_per_floor":[112,130,59,59,69,69,95,95,95,108,108,135,146,3,3,100,100,110,110,123,139,150,150,182,200,245,14,14,14,31,31,31,31,31],"floor_reached":33,"language":"ENG","playtime":961,"items_purged":["Doubt"],"score":302,"play_id":"6df1c5c5-275b-4d87-9d4b-1fdeccda9b1f","local_time":"20210130141307","is_ascension_mode":false,"campfire_choices":[{"floor":6,"key":"RECALL"},{"data":"Endless Agony","floor":8,"key":"SMITH"},{"floor":11,"key":"REST"},{"data":"Die Die Die","floor":15,"key":"SMITH"},{"floor":23,"key":"REST"},{"floor":29,"key":"REST"},{"floor":32,"key":"REST"}],"circlet_count":0,"master_deck":["Strike_G","Strike_G","Strike_G","Strike_G","Defend_G","Defend_G","Defend_G","Defend_G","Survivor","Neutralize","Backstab","Finisher","Endless Agony+1","Dagger Spray","Die Die Die+1","Cloak And Dagger","Corpse Explosion","Accuracy","Predator+1","Backflip","Dagger Spray","Dagger Spray","Cloak And Dagger"],"relics":["Empty Cage","Pocketwatch","Ninja Scroll","Strawberry","Toy Ornithopter","Cursed Key","FossilizedHelix","Potion Belt","Ancient Tea Set"],"acts_visited":["Exordium","TheCity"],"potions_floor_usage":[12,25,33],"damage_taken":[{"damage":1,"enemies":"Cultist","floor":1,"turns":4},{"damage":0,"enemies":"2 Louse","floor":2,"turns":2},{"damage":0,"enemies":"Jaw Worm","floor":5,"turns":2},{"damage":14,"enemies":"3 Sentries","floor":7,"turns":10},{"damage":0,"enemies":"Blue Slaver","floor":10,"turns":2},{"damage":0,"enemies":"Gremlin Nob","floor":12,"turns":2},{"damage":0,"enemies":"3 Louse","floor":13,"turns":1},{"damage":42,"enemies":"Slime Boss","floor":16,"turns":12},{"damage":0,"enemies":"2 Thieves","floor":18,"turns":1},{"damage":0,"enemies":"Chosen","floor":20,"turns":4},{"damage":36,"enemies":"Centurion and Healer","floor":21,"turns":4},{"damage":0,"enemies":"Snecko","floor":22,"turns":3},{"damage":61,"enemies":"Book of Stabbing","floor":24,"turns":7},{"damage":9,"enemies":"3 Cultists","floor":25,"turns":4},{"damage":17,"enemies":"Snake Plant","floor":30,"turns":4},{"damage":64,"enemies":"Collector","floor":33,"turns":7}],"seed_played":"4357027669090620639","potions_obtained":[{"floor":1,"key":"FearPotion"},{"floor":4,"key":"FairyPotion"},{"floor":4,"key":"Regen Potion"},{"floor":12,"key":"AttackPotion"},{"floor":25,"key":"Explosive Potion"}],"is_trial":false,"path_per_floor":["M","M","$","?","M","R","E","R","T","M","R","E","M","$","R","B",null,"M","$","M","M","M","R","E","M","T","$","?","R","M","?","R","B"],"character_chosen":"THE_SILENT","items_purchased":["CunningPotion","Toy Ornithopter","Potion Belt"],"campfire_rested":4,"item_purchase_floors":[3,14,27],"current_hp_per_floor":[69,69,69,69,69,69,55,55,55,55,70,77,77,77,77,35,77,77,77,77,41,41,64,3,23,23,23,23,46,29,29,52,0,0],"gold":31,"neow_bonus":"BOSS_RELIC","is_daily":false,"chose_seed":false,"campfire_upgraded":2,"win_rate":0.0,"timestamp":1612033987,"path_taken":["M","M","?","?","?","R","E","R","T","?","R","E","M","$","R","BOSS","M","$","M","?","?","R","E","M","T","$","?","R","M","?","R","BOSS"],"items_purchased_type":["Potion","Relic","Relic"],"build_version":"2020-12-22","purchased_purges":1,"victory":false,"max_hp_per_floor":[70,70,70,70,70,70,70,70,70,70,70,77,77,77,77,77,77,77,77,77,77,77,77,77,77,77,77,77,77,77,77,77,77,77],"card_choices":[{"not_picked":["Setup","Expertise"],"picked":"Backstab","floor":1},{"not_picked":["Quick Slash","Dodge and Roll"],"picked":"Finisher","floor":2},{"not_picked":["Sucker Punch","Flying Knee"],"picked":"Endless Agony","floor":5},{"not_picked":["Outmaneuver","Bane","Deadly Poison"],"picked":"SKIP","floor":7},{"not_picked":["Acrobatics","Prepared"],"picked":"Dagger Spray","floor":10},{"not_picked":["All Out Attack","Flying Knee"],"picked":"Die Die Die","floor":12},{"not_picked":["Caltrops","Dagger Spray"],"picked":"Cloak And Dagger","floor":13},{"not_picked":["Wraith Form v2","Malaise"],"picked":"Corpse Explosion","floor":16},{"not_picked":["Slice+1","PiercingWail+1"],"picked":"Accuracy","floor":18},{"not_picked":["Prepared+1","Reflex"],"picked":"Predator+1","floor":20},{"not_picked":["Sucker Punch+1","Underhanded Strike+1"],"picked":"Backflip","floor":21},{"not_picked":["Prepared","Underhanded Strike"],"picked":"Dagger Spray","floor":22},{"not_picked":["Dagger Throw","Catalyst","Poisoned Stab"],"picked":"SKIP","floor":24},{"not_picked":["Slice","Outmaneuver"],"picked":"Dagger Spray","floor":25},{"not_picked":["Masterful Stab","Caltrops"],"picked":"Cloak And Dagger","floor":30}],"player_experience":439505,"relics_obtained":[{"floor":7,"key":"Pocketwatch"},{"floor":9,"key":"Ninja Scroll"},{"floor":12,"key":"Strawberry"},{"floor":24,"key":"FossilizedHelix"}],"event_choices":[{"damage_healed":0,"gold_gain":0,"player_choice":"Got Potions","damage_taken":0,"max_hp_gain":0,"max_hp_loss":0,"event_name":"Lab","floor":4,"gold_loss":0},{"damage_healed":0,"gold_gain":0,"player_choice":"Opened","damage_taken":0,"relics_obtained":["Ancient Tea Set"],"max_hp_gain":0,"max_hp_loss":0,"event_name":"The Mausoleum","floor":28,"gold_loss":0}],"is_beta":false,"boss_relics":[{"not_picked":["Busted Crown","Pandora\u0027s Box"],"picked":"Cursed Key"}],"items_purged_floors":[27],"is_endless":false,"potions_floor_spawned":[1,5,12,13,16,22,25],"killed_by":"Collector","ascension_level":0}}