{"host":"q57ekfojy3i00x9o","time":1612013335,"event":{"mods":["Arknights The Spire","Aspiration","BaseMod","Colored Map","Energized Spire","Hermit","Minty Spire (QoL Compilation)","Quick Restart","Spicy Shops","Spikes Relics","StSLib","slay the spire mod where everything is the same but ironclad has a cowboy hat"],"gold_per_floor":[368,241,206,222,123,123,123,123,123,123,143,116,116,135,135,232,232,246,345,82,98,98,98,98,98,98],"floor_reached":25,"language":"RUS","playtime":463,"items_purged":["Doubt"],"score":224,"play_id":"4a397216-f1c9-4f79-b122-07b737434342","local_time":"20210130182855","is_ascension_mode":true,"campfire_choices":[{"data":"ats:Closed Bolt Burst Fire","floor":6,"key":"SMITH"},{"data":"ats:Hammer On","floor":8,"key":"SMITH"},{"data":"ats:Flexible Camouflage","floor":13,"key":"SMITH"},{"data":"ats:Shell Defense","floor":15,"key":"SMITH"},{"floor":23,"key":"REST"}],"circlet_count":0,"master_deck":["ats:Strike C","ats:Strike G","ats:Strike S","ats:Strike V","ats:Armor Crushing Shot","ats:Defend","ats:Defend","ats:Defend","ats:Defend","ats:Emotion Absorption","ats:Closed Bolt Burst Fire+1","ats:Hammer On+1","ats:Shell Defense+1","ats:Apocalypse","ats:Shell Defense+1","Injury","ats:Powerful Strike+1","ats:Flexible Camouflage+1","ats:Apocalypse","ats:Disruption Kick+1","CurseOfTheBell","ats:Song Of Battle","ats:Consecutive Shot Auto+1","ats:Guard Mode+1","ats:Consecutive Shot Auto+1"],"relics":["ats:Sanity","Molten Egg 2","aspiration:StickyExplosives_weak","Calling Bell","Dream Catcher","Shuriken","Calipers","Strawberry","ats:Attack","aspiration:RitualStick","FossilizedHelix"],"acts_visited":["Exordium","TheCity"],"potions_floor_usage":[16,16],"damage_taken":[{"damage":15,"enemies":"Cultist","floor":1,"turns":5},{"damage":3,"enemies":"2 Louse","floor":4,"turns":2},{"damage":10,"enemies":"Small Slimes","floor":11,"turns":3},{"damage":2,"enemies":"2 Fungi Beasts","floor":14,"turns":3},{"damage":45,"enemies":"Hexaghost","floor":16,"turns":8},{"damage":33,"enemies":"Spheric Guardian","floor":18,"turns":5},{"damage":21,"enemies":"Shell Parasite","floor":21,"turns":4},{"damage":70,"enemies":"Book of Stabbing","floor":25,"turns":7}],"seed_played":"-8488303729563457736","potions_obtained":[{"floor":4,"key":"Dexterity Potion"},{"floor":11,"key":"CultistPotion"},{"floor":16,"key":"ats:Emergency Sanity Potion"}],"is_trial":false,"path_per_floor":["M","$","?","M","$","R","?","R","T","?","M","$","R","M","R","B",null,"M","?","$","M","?","R","?","E"],"character_chosen":"DOCTOR_CLASS","items_purchased":["ats:Hammer On","ats:Apocalypse","ats:Shell Defense","ats:Flexible Camouflage","Strawberry","ats:Consecutive Shot Auto+1","ats:Attack"],"campfire_rested":1,"item_purchase_floors":[2,5,5,12,20,20,20],"current_hp_per_floor":[57,57,72,69,69,69,69,69,69,69,64,64,64,67,67,37,72,49,49,56,40,24,47,47,0,0],"gold":98,"neow_bonus":"TWO_FIFTY_GOLD","is_daily":false,"chose_seed":false,"campfire_upgraded":4,"win_rate":0.0,"timestamp":1612013335,"path_taken":["M","?","?","M","$","R","?","R","T","?","M","?","R","?","R","BOSS","M","?","$","M","?","R","?","E"],"items_purchased_type":["Card","Card","Card","Card","Relic","Card","Relic"],"build_version":"2020-12-22","purchased_purges":1,"victory":false,"max_hp_per_floor":[72,72,72,72,72,72,72,72,72,72,72,72,72,72,72,72,72,72,72,79,79,79,79,79,79,79],"card_choices":[{"not_picked":["ats:Demon Strength","ats:Cat Scratch"],"picked":"ats:Closed Bolt Burst Fire","floor":1},{"not_picked":["ats:Demon Strength","ats:Ignite"],"picked":"ats:Shell Defense","floor":4},{"not_picked":["ats:Neurotoxin","ats:Demon Strength"],"picked":"ats:Powerful Strike+1","floor":11},{"not_picked":["ats:Neurotoxin","ats:Literary Storm"],"picked":"ats:Apocalypse","floor":14},{"not_picked":["ats:Soul Rend","ats:Nebulous Foxfire"],"picked":"ats:Disruption Kick+1","floor":16},{"not_picked":["ats:Assault Order","ats:Ignite+1"],"picked":"ats:Song Of Battle","floor":18},{"not_picked":["ats:Ignite+1","ats:Flexible Camouflage"],"picked":"ats:Guard Mode+1","floor":21},{"not_picked":["ats:Poison Spread+1","ats:Assault Order+1"],"picked":"ats:Consecutive Shot Auto+1","floor":23}],"player_experience":738460,"relics_obtained":[{"floor":9,"key":"aspiration:StickyExplosives_weak"},{"floor":17,"key":"Dream Catcher"},{"floor":17,"key":"Shuriken"},{"floor":17,"key":"Calipers"},{"floor":24,"key":"FossilizedHelix"}],"event_choices":[{"damage_healed":18,"gold_gain":0,"player_choice":"Healed","damage_taken":0,"max_hp_gain":0,"max_hp_loss":0,"event_name":"The Cleric","floor":3,"gold_loss":35},{"damage_healed":0,"gold_gain":0,"player_choice":"Grow","damage_taken":0,"max_hp_gain":0,"max_hp_loss":0,"event_name":"Living Wall","floor":10,"gold_loss":0,"cards_upgraded":["ats:Shell Defense"]},{"damage_healed":0,"gold_gain":99,"player_choice":"Stole From Cult","damage_taken":0,"max_hp_gain":0,"max_hp_loss":0,"event_name":"Nest","floor":19,"gold_loss":0},{"damage_healed":0,"gold_gain":0,"player_choice":"Relic","damage_taken":0,"max_hp_gain":0,"max_hp_loss":0,"event_name":"Wheel of Change","floor":24,"gold_loss":0}],"is_beta":false,"boss_relics":[{"not_picked":["aspiration:WatcherSkillbook","energizedSpire:CursedPentagram"],"picked":"Calling Bell"}],"items_purged_floors":[2],"is_endless":false,"potions_floor_spawned":[4,11,16],"killed_by":"Book of Stabbing","ascension_level":4}}