{"host":"2se5dq1do2gp0x9k","time":1612030317,"event":{"mods":["AchievementEnabler","BaseMod","Block Reminder","Colored Map","Colored Powertips","Minty Spire (QoL Compilation)","Relic Stats","StSLib","SuperFastMode"],"gold_per_floor":[364,375,375,53,72,107,56,56,56],"floor_reached":8,"language":"ENG","playtime":285,"items_purged":["Strike_B"],"score":112,"play_id":"42220e48-7c38-451d-b940-1eb8d03c199e","local_time":"20210130101157","is_ascension_mode":true,"campfire_choices":[],"circlet_count":0,"master_deck":["AscendersBane","Strike_B","Strike_B","Defend_B","Defend_B","Defend_B","Defend_B","Zap","Dualcast","Sweeping Beam","Beam Cell","Sunder","Turbo","Cold Snap"],"relics":["Cracked Core","Oddly Smooth Stone","Nunchaku"],"acts_visited":["Exordium"],"potions_floor_usage":[6,6],"damage_taken":[{"damage":10,"enemies":"Small Slimes","floor":1,"turns":3},{"damage":0,"enemies":"2 Louse","floor":2,"turns":3},{"damage":6,"enemies":"Jaw Worm","floor":5,"turns":2},{"damage":16,"enemies":"Lagavulin","floor":6,"turns":7},{"damage":8,"enemies":"3 Sentries","floor":8,"turns":3}],"seed_played":"-8060942471931892555","potions_obtained":[{"floor":1,"key":"Swift Potion"},{"floor":5,"key":"Fire Potion"}],"is_trial":false,"path_per_floor":["M","M","?","$","M","E","?","E"],"character_chosen":"DEFECT","items_purchased":["Sunder","Oddly Smooth Stone"],"campfire_rested":0,"item_purchase_floors":[4,4],"current_hp_per_floor":[36,36,29,29,23,7,7,0,0],"gold":56,"neow_bonus":"TWO_FIFTY_GOLD","is_daily":false,"chose_seed":false,"campfire_upgraded":0,"win_rate":0.0,"timestamp":1612030317,"path_taken":["M","M","?","$","M","E","?","E"],"items_purchased_type":["Card","Relic"],"build_version":"2020-12-22","purchased_purges":1,"victory":false,"max_hp_per_floor":[71,71,71,71,71,71,71,71,71],"relic_stats":{"Nunchaku":[0],"counters":[5,18],"obtain_stats":[{"Nunchaku":6,"Oddly Smooth Stone":4,"Cracked Core":0},{"Nunchaku":4,"Oddly Smooth Stone":2,"Cracked Core":0},{"Nunchaku":15,"Oddly Smooth Stone":6,"Cracked Core":0}]},"card_choices":[{"not_picked":["BootSequence","Compile Driver"],"picked":"Sweeping Beam","floor":1},{"not_picked":["Steam","Amplify"],"picked":"Beam Cell","floor":2},{"not_picked":["Storm","Blizzard"],"picked":"Turbo","floor":5},{"not_picked":["Recycle","Capacitor"],"picked":"Cold Snap","floor":6}],"player_experience":3994857,"relics_obtained":[{"floor":6,"key":"Nunchaku"}],"event_choices":[{"cards_removed":["Strike_B"],"damage_healed":0,"gold_gain":0,"player_choice":"Card Removal","damage_taken":7,"max_hp_gain":0,"max_hp_loss":0,"event_name":"Golden Wing","floor":3,"gold_loss":0},{"damage_healed":0,"gold_gain":0,"player_choice":"Left Gold","damage_taken":0,"max_hp_gain":0,"max_hp_loss":0,"event_name":"World of Goop","floor":7,"gold_loss":51}],"is_beta":false,"boss_relics":[],"items_purged_floors":[4],"is_endless":false,"potions_floor_spawned":[1,5],"killed_by":"3 Sentries","ascension_level":20}}