{"host":"5p9hybygolzp0efr","time":1612023419,"event":{"mods":["AchievementEnabler","BaseMod","Bestiary","Colored Map","Minty Spire (QoL Compilation)","Permanent Neow","Relic Stats","StSLib"],"gold_per_floor":[111,126,88,88,113,128,128,163,189,172,172,172,207,223,223,347,347,368,408,408,408,429,429,429],"floor_reached":23,"language":"ENG","playtime":910,"items_purged":[],"score":261,"play_id":"98ea6520-3506-4366-8f23-73cb2a22d6a5","local_time":"20210131001659","is_ascension_mode":true,"campfire_choices":[{"floor":7,"key":"REST"},{"floor":11,"key":"REST"},{"data":"Deadly Poison","floor":15,"key":"SMITH"}],"circlet_count":0,"master_deck":["Strike_G","Strike_G","Strike_G","Strike_G","Defend_G","Defend_G","Defend_G","Defend_G","Defend_G","Survivor","Neutralize+1","Terror","Deadly Poison+1","Infinite Blades","Backstab","Dagger Spray","Bane","Corpse Explosion","Quick Slash+1"],"relics":["SacredBark","Golden Idol","Bronze Scales","Regal Pillow","Bag of Preparation","Empty Cage","Red Mask","StrikeDummy","Vajra"],"acts_visited":["Exordium","TheCity"],"potions_floor_usage":[16,23],"damage_taken":[{"damage":0,"enemies":"Small Slimes","floor":1,"turns":3},{"damage":4,"enemies":"Cultist","floor":2,"turns":5},{"damage":4,"enemies":"Jaw Worm","floor":5,"turns":3},{"damage":23,"enemies":"Large Slime","floor":6,"turns":8},{"damage":37,"enemies":"Gremlin Nob","floor":8,"turns":5},{"damage":13,"enemies":"Exordium Thugs","floor":10,"turns":4},{"damage":12,"enemies":"Lagavulin","floor":13,"turns":7},{"damage":6,"enemies":"Blue Slaver","floor":14,"turns":3},{"damage":8,"enemies":"Hexaghost","floor":16,"turns":7},{"damage":8,"enemies":"3 Byrds","floor":18,"turns":3},{"damage":11,"enemies":"Masked Bandits","floor":19,"turns":3},{"damage":17,"enemies":"2 Thieves","floor":22,"turns":3},{"damage":23,"enemies":"Shelled Parasite and Fungi","floor":23,"turns":3}],"seed_played":"6113934327905972719","potions_obtained":[{"floor":1,"key":"SkillPotion"},{"floor":8,"key":"Fire Potion"},{"floor":10,"key":"BlessingOfTheForge"},{"floor":22,"key":"ColorlessPotion"}],"is_trial":false,"path_per_floor":["M","M","$","?","M","M","R","E","T","M","R","?","E","M","R","B",null,"M","?","T","?","M","M"],"character_chosen":"THE_SILENT","items_purchased":["Infinite Blades"],"campfire_rested":2,"item_purchase_floors":[3],"current_hp_per_floor":[63,59,59,59,55,32,53,16,16,3,39,39,27,21,21,13,56,48,37,37,37,20,0,0],"gold":429,"neow_bonus":"BOSS_RELIC","is_daily":false,"chose_seed":false,"campfire_upgraded":1,"win_rate":0.0,"timestamp":1612023419,"path_taken":["M","M","$","?","M","M","R","E","T","M","R","?","E","M","R","BOSS","M","?","?","?","M","M"],"items_purchased_type":["Card"],"build_version":"2020-12-22","purchased_purges":0,"victory":false,"max_hp_per_floor":[70,70,70,70,70,70,70,70,70,70,70,70,70,70,70,70,70,70,70,70,70,70,70,70],"relic_stats":{"Regal Pillow":15,"counters":[13,57],"Golden Idol":69,"Bronze Scales":[144],"Bag of Preparation":[12],"obtain_stats":[{"Regal Pillow":9,"Golden Idol":4,"SacredBark":0,"Bronze Scales":8,"Vajra":21,"Bag of Preparation":13,"Red Mask":19,"Empty Cage":17,"StrikeDummy":20,"Ring of the Snake":0},{"Regal Pillow":5,"Golden Idol":2,"SacredBark":0,"Bronze Scales":5,"Vajra":11,"Bag of Preparation":7,"Red Mask":11,"Empty Cage":9,"StrikeDummy":11,"Ring of the Snake":0},{"Regal Pillow":24,"Golden Idol":8,"SacredBark":0,"Bronze Scales":24,"Vajra":51,"Bag of Preparation":35,"Red Mask":51,"Empty Cage":45,"StrikeDummy":51,"Ring of the Snake":0}]},"card_choices":[{"not_picked":["Flying Knee","Sucker Punch"],"picked":"Terror","floor":1},{"not_picked":["PiercingWail","Tactician"],"picked":"Deadly Poison","floor":2},{"not_picked":["Dagger Throw","Dodge and Roll","Sucker Punch"],"picked":"SKIP","floor":5},{"not_picked":["Outmaneuver","Tools of the Trade","Blade Dance"],"picked":"SKIP","floor":6},{"not_picked":["Doppelganger","Envenom"],"picked":"Backstab","floor":8},{"not_picked":["Backflip","Bane"],"picked":"Dagger Spray","floor":10},{"not_picked":["Blade Dance","Dagger Spray","Dagger Throw"],"picked":"SKIP","floor":13},{"not_picked":["Dodge and Roll","Dagger Throw"],"picked":"Bane","floor":14},{"not_picked":["Doppelganger","Malaise"],"picked":"Corpse Explosion","floor":16},{"not_picked":["Poisoned Stab+1","Dodge and Roll","Sucker Punch"],"picked":"SKIP","floor":18},{"not_picked":["Outmaneuver","Terror"],"picked":"Quick Slash+1","floor":19},{"not_picked":["Riddle With Holes","All Out Attack","Distraction"],"picked":"SKIP","floor":22}],"player_experience":577814,"relics_obtained":[{"floor":8,"key":"Bronze Scales"},{"floor":9,"key":"Regal Pillow"},{"floor":13,"key":"Bag of Preparation"},{"floor":19,"key":"Red Mask"},{"floor":20,"key":"StrikeDummy"}],"event_choices":[{"damage_healed":0,"gold_gain":0,"player_choice":"Take Wound","damage_taken":0,"relics_obtained":["Golden Idol"],"max_hp_gain":0,"max_hp_loss":0,"event_name":"Golden Idol","floor":4,"gold_loss":0,"cards_obtained":["Injury"]},{"damage_healed":0,"gold_gain":0,"player_choice":"Upgraded","damage_taken":0,"max_hp_gain":0,"max_hp_loss":0,"event_name":"Upgrade Shrine","floor":12,"gold_loss":0,"cards_upgraded":["Neutralize"]},{"damage_healed":0,"gold_gain":0,"player_choice":"Fought Bandits","damage_taken":0,"max_hp_gain":0,"max_hp_loss":0,"event_name":"Masked Bandits","floor":19,"gold_loss":0},{"damage_healed":0,"gold_gain":0,"player_choice":"Opened","damage_taken":0,"relics_obtained":["Vajra"],"max_hp_gain":0,"max_hp_loss":0,"event_name":"The Mausoleum","floor":21,"gold_loss":0}],"is_beta":false,"boss_relics":[{"not_picked":["Cursed Key","Sozu"],"picked":"Empty Cage"}],"items_purged_floors":[],"is_endless":false,"potions_floor_spawned":[1,8,10,22],"killed_by":"Shelled Parasite and Fungi","ascension_level":6}}