{"host":"vyjryxuuuxkt43k4","time":1612029384,"event":{"mods":["AchievementEnabler","BaseMod","Colored Map","DeckTracker","Keyboard Shortcuts","Minty Spire (QoL Compilation)","Permanent Neow","Quick Restart","Rare Cards Sparkle","StSLib","SuperFastMode","everything is the same but u backflip on backflip"],"gold_per_floor":[212,232,247,263,59,86,86,86,137,152,170,195,195,23,23,97,97,114,132,47,47,63,63,89,89,139,169,169,183,183,196,196,269,269,288,302,302,302,302,302,327,327,327,327,344,354,6,25,25,25,25,25],"floor_reached":51,"language":"KOR","playtime":1576,"items_purged":["Injury"],"score":1504,"play_id":"fc725055-bdf4-445a-a5f8-7c4d10519a09","local_time":"20210131025624","is_ascension_mode":true,"campfire_choices":[{"data":"Armaments","floor":8.0,"key":"SMITH"},{"data":"Carnage","floor":13.0,"key":"SMITH"},{"data":"Whirlwind","floor":15.0,"key":"SMITH"},{"floor":23.0,"key":"REST"},{"floor":25.0,"key":"RECALL"},{"floor":30.0,"key":"REST"},{"floor":32.0,"key":"REST"},{"floor":40.0,"key":"REST"},{"floor":42.0,"key":"REST"},{"floor":49.0,"key":"REST"}],"circlet_count":0,"master_deck":["AscendersBane","Strike_R","Strike_R","Strike_R","Defend_R","Defend_R","Defend_R","Defend_R","Bash","Fire Breathing","Second Wind","Carnage+1","Armaments+1","Whirlwind+1","Burning Pact","Blood for Blood","Offering","Corruption","Barricade","Double Tap","Feel No Pain","Impatience","Panache","Madness","Madness","Power Through","Inflame","Pummel+1","Shrug It Off+1"],"relics":["Burning Blood","Oddly Smooth Stone","Ornamental Fan","Toy Ornithopter","Bag of Preparation","Chemical X","Fusion Hammer","Pocketwatch","MutagenicStrength","Centennial Puzzle","PreservedInsect","Bag of Marbles","Cursed Key","Charon\u0027s Ashes","Blue Candle"],"acts_visited":["Exordium","TheCity","TheBeyond"],"potions_floor_usage":[51],"damage_taken":[{"damage":2.0,"enemies":"Cultist","floor":1.0,"turns":4.0},{"damage":10.0,"enemies":"Small Slimes","floor":2.0,"turns":4.0},{"damage":9.0,"enemies":"2 Louse","floor":3.0,"turns":2.0},{"damage":8.0,"enemies":"Large Slime","floor":4.0,"turns":6.0},{"damage":26.0,"enemies":"Lagavulin","floor":6.0,"turns":7.0},{"damage":0.0,"enemies":"3 Louse","floor":10.0,"turns":3.0},{"damage":10.0,"enemies":"Looter","floor":11.0,"turns":4.0},{"damage":5.0,"enemies":"Gremlin Nob","floor":12.0,"turns":3.0},{"damage":14.0,"enemies":"Slime Boss","floor":16.0,"turns":6.0},{"damage":15.0,"enemies":"2 Thieves","floor":18.0,"turns":3.0},{"damage":0.0,"enemies":"3 Byrds","floor":19.0,"turns":5.0},{"damage":28.0,"enemies":"Snake Plant","floor":22.0,"turns":4.0},{"damage":6.0,"enemies":"Gremlin Leader","floor":24.0,"turns":4.0},{"damage":0.0,"enemies":"Slavers","floor":27.0,"turns":1.0},{"damage":6.0,"enemies":"Snecko","floor":29.0,"turns":3.0},{"damage":6.0,"enemies":"Sentry and Sphere","floor":31.0,"turns":4.0},{"damage":96.0,"enemies":"Automaton","floor":33.0,"turns":9.0},{"damage":0.0,"enemies":"Orb Walker","floor":35.0,"turns":1.0},{"damage":9.0,"enemies":"3 Darklings","floor":36.0,"turns":4.0},{"damage":6.0,"enemies":"Nemesis","floor":41.0,"turns":1.0},{"damage":0.0,"enemies":"Jaw Worm Horde","floor":45.0,"turns":2.0},{"damage":38.0,"enemies":"Transient","floor":46.0,"turns":6.0},{"damage":1.0,"enemies":"Writhing Mass","floor":48.0,"turns":4.0},{"damage":56,"enemies":"Donu and Deca","floor":50,"turns":7},{"damage":56,"enemies":"Time Eater","floor":51,"turns":3}],"seed_played":"-7389343036075250829","potions_obtained":[{"floor":1.0,"key":"DuplicationPotion"},{"floor":4.0,"key":"BloodPotion"},{"floor":10.0,"key":"LiquidMemories"},{"floor":22.0,"key":"FearPotion"},{"floor":24.0,"key":"Regen Potion"},{"floor":27.0,"key":"Fruit Juice"},{"floor":33.0,"key":"Regen Potion"},{"floor":41.0,"key":"Strength Potion"},{"floor":46.0,"key":"AttackPotion"},{"floor":48.0,"key":"FearPotion"}],"is_trial":false,"path_per_floor":["M","M","M","M","$","E","?","R","T","M","M","E","R","$","R","B",null,"M","M","?","?","M","R","E","R","T","E","?","M","R","M","R","B",null,"M","M","?","?","?","R","E","R","T","?","M","M","$","M","R","B","B"],"character_chosen":"IRONCLAD","items_purchased":["Oddly Smooth Stone","Whirlwind","Chemical X","Blue Candle"],"campfire_rested":6,"item_purchase_floors":[5,5,14,47],"current_hp_per_floor":[72,68,65,63,63,43,43,43,43,49,45,51,51,51,51,43,67,58,64,64,64,42,64,75,75,75,75,75,75,75,75,75,14,64,70,67,57,57,43,67,67,80,80,80,80,58,58,68,80,30,0,0],"gold":25,"neow_bonus":"HUNDRED_GOLD","is_daily":false,"chose_seed":false,"campfire_upgraded":3,"win_rate":0.0,"timestamp":1612029384,"path_taken":["M","M","M","M","?","E","?","R","T","M","M","E","R","$","R","BOSS","M","?","?","?","M","R","E","R","T","E","?","M","R","M","R","BOSS","M","M","?","?","?","R","E","R","T","?","M","?","$","M","R","BOSS","BOSS"],"items_purchased_type":["Relic","Card","Relic","Relic"],"build_version":"2020-12-22","purchased_purges":1,"victory":false,"max_hp_per_floor":[75,75,75,75,75,75,75,75,75,75,75,75,75,75,75,75,75,75,75,75,75,75,75,75,75,75,75,75,75,75,75,75,80,80,80,80,80,80,80,80,80,80,80,80,80,80,80,80,80,80,80,80],"card_choices":[{"not_picked":["Intimidate","Clash"],"picked":"Fire Breathing","floor":1.0},{"not_picked":["Clash","Sword Boomerang"],"picked":"Second Wind","floor":2.0},{"not_picked":["Blood for Blood","Intimidate"],"picked":"Carnage","floor":3.0},{"not_picked":["Iron Wave","Havoc"],"picked":"Armaments","floor":4.0},{"not_picked":["Sever Soul","True Grit"],"picked":"Burning Pact","floor":6.0},{"not_picked":["Clothesline","Cleave","Twin Strike"],"picked":"SKIP","floor":10.0},{"not_picked":["Havoc","Rampage"],"picked":"Blood for Blood","floor":11.0},{"not_picked":["Entrench","Thunderclap"],"picked":"Offering","floor":12.0},{"not_picked":["Feed","Barricade"],"picked":"Corruption","floor":16.0},{"not_picked":["Havoc","Iron Wave","Cleave"],"picked":"SKIP","floor":18.0},{"not_picked":["Clothesline","Burning Pact","Cleave"],"picked":"SKIP","floor":19.0},{"not_picked":["Reckless Charge","Rampage","Clash"],"picked":"SKIP","floor":22.0},{"not_picked":["Metallicize","Warcry","True Grit"],"picked":"SKIP","floor":24.0},{"not_picked":["Fire Breathing","Havoc"],"picked":"Barricade","floor":27.0},{"not_picked":["Pummel","Thunderclap","Uppercut"],"picked":"SKIP","floor":29.0},{"not_picked":["Thunderclap","Second Wind","Perfected Strike+1"],"picked":"SKIP","floor":31.0},{"not_picked":["Brutality","Reaper"],"picked":"Double Tap","floor":33.0},{"not_picked":["Sword Boomerang+1","Power Through"],"picked":"Feel No Pain","floor":35.0},{"not_picked":["Rage","Armaments"],"picked":"Inflame","floor":36.0},{"not_picked":["Bandage Up","Dramatic Entrance"],"picked":"Impatience","floor":37.0},{"not_picked":["Jack Of All Trades","Purity"],"picked":"Panache","floor":37.0},{"not_picked":["Corruption","Thunderclap"],"picked":"Power Through","floor":41.0},{"not_picked":["Rupture","Wild Strike"],"picked":"Pummel+1","floor":45.0},{"not_picked":["Sever Soul","Rupture"],"picked":"Shrug It Off+1","floor":46.0},{"not_picked":["Armaments","Fire Breathing","Thunderclap+1"],"picked":"SKIP","floor":48.0}],"player_experience":531107,"relics_obtained":[{"floor":6.0,"key":"Ornamental Fan"},{"floor":9.0,"key":"Toy Ornithopter"},{"floor":12.0,"key":"Bag of Preparation"},{"floor":24.0,"key":"Centennial Puzzle"},{"floor":26.0,"key":"PreservedInsect"},{"floor":27.0,"key":"Bag of Marbles"},{"floor":41.0,"key":"Charon\u0027s Ashes"}],"event_choices":[{"cards_removed":["Strike_R"],"damage_healed":0.0,"max_hp_gain":0.0,"max_hp_loss":0.0,"gold_gain":0.0,"event_name":"Bonfire Elementals","player_choice":"Offered Basic","floor":7.0,"gold_loss":0.0,"damage_taken":0.0},{"damage_healed":0.0,"max_hp_gain":0.0,"max_hp_loss":0.0,"gold_gain":0.0,"event_name":"Addict","player_choice":"Obtained Relic","floor":20.0,"gold_loss":85.0,"damage_taken":0.0,"relics_obtained":["Pocketwatch"]},{"damage_healed":0.0,"max_hp_gain":0.0,"max_hp_loss":0.0,"gold_gain":0.0,"event_name":"Drug Dealer","player_choice":"Inject Mutagens","floor":21.0,"gold_loss":0.0,"damage_taken":0.0,"relics_obtained":["MutagenicStrength"]},{"damage_healed":0.0,"max_hp_gain":0.0,"max_hp_loss":0.0,"gold_gain":0.0,"event_name":"Ghosts","player_choice":"Ignored","floor":28.0,"gold_loss":0.0,"damage_taken":0.0},{"damage_healed":0.0,"max_hp_gain":0.0,"max_hp_loss":0.0,"gold_gain":0.0,"event_name":"SensoryStone","player_choice":"Memory 3","floor":37.0,"gold_loss":0.0,"damage_taken":10.0},{"cards_removed":["Inflame"],"damage_healed":0.0,"max_hp_gain":0.0,"max_hp_loss":0.0,"gold_gain":0.0,"event_name":"Falling","player_choice":"Removed Power","floor":38.0,"gold_loss":0.0,"damage_taken":0.0},{"damage_healed":0.0,"max_hp_gain":0.0,"max_hp_loss":0.0,"gold_gain":0.0,"event_name":"Winding Halls","player_choice":"Embrace Madness","floor":39.0,"gold_loss":0.0,"damage_taken":14.0,"cards_obtained":["Madness","Madness"]},{"damage_healed":0.0,"max_hp_gain":0.0,"max_hp_loss":0.0,"gold_gain":0.0,"cards_transformed":["Strike_R"],"event_name":"Transmorgrifier","player_choice":"Transformed","floor":44.0,"gold_loss":0.0,"damage_taken":0.0,"cards_obtained":["Inflame"]}],"is_beta":false,"boss_relics":[{"not_picked":["Runic Dome","Coffee Dripper"],"picked":"Fusion Hammer"},{"not_picked":["SacredBark","Tiny House"],"picked":"Cursed Key"}],"items_purged_floors":[47],"is_endless":false,"potions_floor_spawned":[1,4,10,22,24,27,33,41,46,48],"killed_by":"Time Eater","ascension_level":20}}