{"host":"p4v0hquynnreu717","time":1612018919,"event":{"mods":["BaseMod","Better Vampires","DeckTracker","Googly Eyes","Minty Spire (QoL Compilation)","Quick Restart","StSLib","SuperFastMode"],"gold_per_floor":[115,133,150,150,167,202,202,231,278,303,343,355,378,390,402,492,492],"floor_reached":16,"language":"ZHS","playtime":292,"items_purged":[],"score":389,"play_id":"d5214ba1-3884-411e-a633-a2635d1dc7f6","local_time":"20210130230159","is_ascension_mode":true,"campfire_choices":[{"data":"Shockwave","floor":12,"key":"SMITH"},{"data":"Barricade","floor":15,"key":"SMITH"}],"circlet_count":0,"master_deck":["AscendersBane","Bash","Disarm","Corruption","Rampage","Power Through","Shockwave+1","Twin Strike","Inflame","Barricade+1"],"relics":["Burning Blood","NeowsBlessing","NeowsBlessing","Gremlin Horn","Meat on the Bone","MawBank","Centennial Puzzle"],"acts_visited":["Exordium"],"potions_floor_usage":[11,11],"damage_taken":[{"damage":0.0,"enemies":"Cultist","floor":1.0,"turns":1.0},{"damage":0.0,"enemies":"Jaw Worm","floor":2.0,"turns":1.0},{"damage":0.0,"enemies":"2 Louse","floor":3.0,"turns":1.0},{"damage":0.0,"enemies":"2 Fungi Beasts","floor":5.0,"turns":2.0},{"damage":0.0,"enemies":"3 Sentries","floor":6.0,"turns":1.0},{"damage":0.0,"enemies":"Gremlin Nob","floor":8.0,"turns":1.0},{"damage":13.0,"enemies":"Looter","floor":10.0,"turns":4.0},{"damage":8,"enemies":"Lagavulin","floor":11,"turns":6},{"damage":3,"enemies":"Lots of Slimes","floor":13,"turns":3},{"damage":48,"enemies":"Hexaghost","floor":16,"turns":12}],"seed_played":"185881409075861460","potions_obtained":[{"floor":2.0,"key":"Strength Potion"},{"floor":3.0,"key":"PowerPotion"},{"floor":13,"key":"SkillPotion"},{"floor":16,"key":"Ancient Potion"}],"is_trial":false,"path_per_floor":["M","M","M","?","M","E","?","E","T","M","E","R","M","?","R","B"],"character_chosen":"IRONCLAD","items_purchased":[],"campfire_rested":0,"item_purchase_floors":[],"current_hp_per_floor":[74,75,75,75,75,75,75,75,75,68,66,66,69,74,74,44,44],"gold":492,"neow_bonus":"THREE_ENEMY_KILL","is_daily":false,"chose_seed":false,"campfire_upgraded":2,"win_rate":0.0,"timestamp":1612018919,"path_taken":["M","M","M","?","M","E","?","E","T","?","E","R","M","?","R","BOSS"],"items_purchased_type":[],"build_version":"2020-12-22","purchased_purges":0,"victory":false,"max_hp_per_floor":[75,75,75,75,75,75,75,75,75,75,75,75,75,80,80,80,80],"card_choices":[{"not_picked":["True Grit","Thunderclap"],"picked":"Disarm","floor":1.0},{"not_picked":["Heavy Blade","Warcry","Body Slam"],"picked":"SKIP","floor":2.0},{"not_picked":["Warcry","Wild Strike"],"picked":"Corruption","floor":3.0},{"not_picked":["Anger","Entrench"],"picked":"Rampage","floor":5.0},{"not_picked":["Reaper","Uppercut"],"picked":"Power Through","floor":6.0},{"not_picked":["Dual Wield","Armaments"],"picked":"Shockwave","floor":8.0},{"not_picked":["Headbutt","Metallicize"],"picked":"Twin Strike","floor":10.0},{"not_picked":["True Grit","Heavy Blade"],"picked":"Inflame","floor":11},{"not_picked":["Combust","Dropkick"],"picked":"Barricade","floor":13}],"player_experience":800519,"relics_obtained":[{"floor":6.0,"key":"Gremlin Horn"},{"floor":8.0,"key":"Meat on the Bone"},{"floor":9.0,"key":"MawBank"},{"floor":11,"key":"Centennial Puzzle"}],"event_choices":[{"damage_healed":0.0,"max_hp_gain":0.0,"max_hp_loss":0.0,"gold_gain":0.0,"event_name":"Liars Game","player_choice":"Ignored","floor":4.0,"gold_loss":0.0,"damage_taken":0.0},{"cards_removed":["Strike_R"],"damage_healed":0.0,"max_hp_gain":0.0,"max_hp_loss":0.0,"gold_gain":0.0,"event_name":"Wheel of Change","player_choice":"Card Removal","floor":7.0,"gold_loss":0.0,"damage_taken":0.0},{"damage_healed":0,"gold_gain":0,"player_choice":"Donut","damage_taken":0,"max_hp_gain":5,"max_hp_loss":0,"event_name":"Big Fish","floor":14,"gold_loss":0}],"is_beta":false,"boss_relics":[],"items_purged_floors":[],"is_endless":false,"potions_floor_spawned":[2,3,10,13,16],"killed_by":"Hexaghost","ascension_level":15}}