{"host":"gbbz8f5svnnpwo8d","time":1612009433,"event":{"mods":["A Penny For Your Troubles","AchievementEnabler","AlwaysNeverKeys","BaseMod","Bestiary","Better Altar","Better Match","Better Note","Better Sensory Stone","Better Silent Start","Better Skull","Better Third Choice","Better Vampires","Better-Laid Plans","BetterRewards","Block Reminder","Colored Map","Colored Powertips","Curses Come First","Dark Map","Displayed Cursed Tome","GifTheSpireLib","Minty Spire (QoL Compilation)","MonsterHotkey","Permanent Neow","Potion Indicator Mod","Quick Restart","Random Character Button","Rare Cards Sparkle","Relic Stats","Reliquary","Shop Mod","Spicy Shops","Spire Birthday Party","StSLib","Transform Curses"],"gold_per_floor":[111,11,11,22,40,40,51,51,51,66,18,18,18,47,47,151,151,170,170,184,184,201,228,228,283,306,318,77,77,90,107,107,202,202,216,233,247,247,247,247,281,281,329,356,356,372,372,390,390,391,391,391,18,51,51],"floor_reached":56,"language":"ENG","playtime":2355,"items_purged":["Strike_G"],"score":1372,"play_id":"b2f7a971-6467-46a8-9683-a6cb9a5b8e3b","local_time":"20210130052353","is_ascension_mode":false,"campfire_choices":[{"data":"Finisher","floor":6,"key":"SMITH"},{"data":"Cloak And Dagger","floor":8,"key":"SMITH"},{"data":"Cloak And Dagger","floor":12,"key":"SMITH"},{"data":"Phantasmal Killer","floor":15,"key":"SMITH"},{"data":"A Thousand Cuts","floor":24,"key":"SMITH"},{"data":"Discovery","floor":29,"key":"SMITH"},{"data":"Predator","floor":32,"key":"SMITH"},{"data":"Adrenaline","floor":40,"key":"SMITH"},{"data":"Madness","floor":42,"key":"SMITH"},{"data":"Madness","floor":45,"key":"SMITH"},{"data":"Wraith Form v2","floor":47,"key":"SMITH"},{"data":"Neutralize","floor":49,"key":"SMITH"},{"data":"Bullet Time","floor":52,"key":"SMITH"}],"circlet_count":0,"master_deck":["Survivor","Neutralize+1","Discovery+1","Cloak And Dagger+1","Finisher+1","Predator+1","Cloak And Dagger+1","Phantasmal Killer+1","Cloak And Dagger+1","A Thousand Cuts+1","Quick Slash","Slice","Adrenaline+1","Wraith Form v2+1","Bullet Time+1","Corpse Explosion","Backflip","Escape Plan+1","Madness+1","Madness+1","PiercingWail+1","Pain"],"relics":["Ring of the Snake","Lizard Tail","MerchantsRug","reliquary:WeakTea","Kunai","Busted Crown","reliquary:SharkskinSheath","Anchor","reliquary:RosewoodLute","Ninja Scroll","Bag of Marbles","PreservedInsect","Dead Branch","FossilizedHelix","Pen Nib","TungstenRod"],"acts_visited":["Exordium","TheCity","TheBeyond","TheEnding"],"potions_floor_usage":[16,22,22,23,33,33,41,46,50,55,55],"damage_taken":[{"damage":0.0,"enemies":"Cultist","floor":1.0,"turns":5.0},{"damage":0,"enemies":"Jaw Worm","floor":4,"turns":2},{"damage":0,"enemies":"Small Slimes","floor":5,"turns":2},{"damage":0,"enemies":"Blue Slaver","floor":7,"turns":2},{"damage":0,"enemies":"Looter","floor":10,"turns":2},{"damage":5,"enemies":"Lagavulin","floor":14,"turns":4},{"damage":0,"enemies":"Slime Boss","floor":16,"turns":3},{"damage":4,"enemies":"Shell Parasite","floor":18,"turns":3},{"damage":3,"enemies":"3 Byrds","floor":20,"turns":5},{"damage":0,"enemies":"Shelled Parasite and Fungi","floor":22,"turns":3},{"damage":18,"enemies":"Slavers","floor":23,"turns":4},{"damage":0,"enemies":"Snecko","floor":27,"turns":3},{"damage":0,"enemies":"Centurion and Healer","floor":30,"turns":2},{"damage":0,"enemies":"Sentry and Sphere","floor":31,"turns":2},{"damage":0,"enemies":"Automaton","floor":33,"turns":6},{"damage":0,"enemies":"3 Darklings","floor":35,"turns":2},{"damage":0,"enemies":"Orb Walker","floor":36,"turns":2},{"damage":0,"enemies":"Transient","floor":37,"turns":5},{"damage":2,"enemies":"Nemesis","floor":41,"turns":5},{"damage":0,"enemies":"Maw","floor":46,"turns":3},{"damage":0,"enemies":"3 Darklings","floor":48,"turns":3},{"damage":49,"enemies":"Time Eater","floor":50,"turns":10},{"damage":15,"enemies":"Shield and Spear","floor":54,"turns":3},{"damage":27,"enemies":"The Heart","floor":55,"turns":5}],"seed_played":"-5196240243736186937","potions_obtained":[{"floor":5,"key":"Block Potion"},{"floor":7,"key":"PowerPotion"},{"floor":10,"key":"Block Potion"},{"floor":18,"key":"Block Potion"},{"floor":22,"key":"Poison Potion"},{"floor":30,"key":"Swift Potion"},{"floor":31,"key":"SkillPotion"},{"floor":35,"key":"Energy Potion"},{"floor":41,"key":"Swift Potion"},{"floor":46,"key":"DistilledChaos"},{"floor":48,"key":"LiquidMemories"}],"is_trial":false,"path_per_floor":["M","$","?","M","M","R","M","R","T","M","$","R","$","E","R","B",null,"M","?","M","?","M","E","R","T","T","M","$","R","M","M","R","B",null,"M","M","M","?","?","R","E","R","T","T","R","M","R","M","R","B",null,"R","$","E","B",null],"character_chosen":"THE_SILENT","items_purchased":["MerchantsRug","Lee\u0027s Waffle","reliquary:WeakTea","Discovery","Finisher","Cloak And Dagger","Ninja Scroll","Dead Branch","FossilizedHelix","Pen Nib"],"campfire_rested":0,"item_purchase_floors":[0,0,0,0,2,11,28,53,53,53],"current_hp_per_floor":[77,77,77,77,77,77,77,77,77,77,77,77,77,72,72,72,77,73,73,70,70,70,52,52,52,52,52,52,52,52,52,52,52,77,77,77,77,77,67,67,65,65,65,65,65,65,65,65,65,16,77,77,77,62,35],"gold":51,"neow_bonus":"","is_daily":false,"chose_seed":false,"campfire_upgraded":13,"win_rate":0.0,"timestamp":1612009433,"path_taken":["M","?","?","M","M","R","M","R","T","M","?","R","$","E","R","BOSS","M","?","M","?","?","E","R","?","T","M","$","R","M","M","R","BOSS","M","M","M","?","?","R","E","R","T","?","R","M","R","M","R","BOSS","R","$","E","BOSS"],"items_purchased_type":["Relic","Relic","Relic","Card","Card","Card","Relic","Relic","Relic","Relic"],"build_version":"2020-12-22","purchased_purges":1,"victory":true,"max_hp_per_floor":[77,77,77,77,77,77,77,77,77,77,77,77,77,77,77,77,77,77,77,77,77,77,77,77,77,77,77,77,77,77,77,77,77,77,77,77,77,77,77,77,77,77,77,77,77,77,77,77,77,77,77,77,77,77,77],"relic_stats":{"Lizard Tail":0,"Busted Crown":32,"counters":[170,758],"Dead Branch":[47],"PreservedInsect":68,"Pen Nib":[6],"Kunai":[94],"obtain_stats":[{"Ice Cream":48,"TwistedFunnel":27,"Calipers":9,"Gremlin Horn":52,"Vajra":23,"Ginger":39,"Bottled Tornado":45,"Boot":54,"Lizard Tail":48,"Strawberry":10,"MealTicket":0,"Fusion Hammer":17,"Necronomicon":29,"Kunai":0,"Toxic Egg 2":47,"reliquary:SharkskinSheath":23,"Girya":37,"MerchantsRug":0,"Happy Flower":7,"Astrolabe":17,"Blue Candle":47,"Dead Branch":53,"Eternal Feather":9,"Tingsha":0,"Pen Nib":7,"Letter Opener":8,"reliquary:WeakTea":0,"Question Card":0,"Akabeko":36,"Du-Vu Doll":42,"SlaversCollar":17,"Shuriken":36,"Bronze Scales":54,"Bird Faced Urn":0,"Molten Egg 2":26,"Pandora\u0027s Box":34,"Unceasing Top":0,"Meat on the Bone":10,"Regal Pillow":14,"Lantern":44,"Torii":0,"Singing Bowl":43,"Snake Skull":43,"Incense Burner":47,"Empty Cage":34,"Cursed Key":17,"Emotion Chip":0,"Nunchaku":49,"Dream Catcher":41,"Shovel":14,"Matryoshka":0,"WristBlade":34,"Ninja Scroll":28,"Gambling Chip":54,"Tiny Chest":27,"Red Mask":20,"Cracked Core":0,"InkBottle":43,"Ring of the Snake":0,"Potion Belt":28,"Lee\u0027s Waffle":0,"The Specimen":0,"Golden Idol":11,"Thread and Needle":13,"PreservedInsect":0,"The Courier":9,"Frozen Egg 2":9,"reliquary:RosewoodLute":10,"White Beast Statue":7,"Nuclear Battery":17,"Anchor":42,"Busted Crown":17,"Ornamental Fan":0,"Bloody Idol":28,"Turnip":53,"Art of War":26,"Bag of Marbles":53,"Bottled Lightning":26,"Membership Card":27,"FossilizedHelix":53,"Toy Ornithopter":54,"TungstenRod":54},{"Ice Cream":30,"TwistedFunnel":102,"Calipers":142,"Gremlin Horn":64,"Vajra":50,"Ginger":60,"Bottled Tornado":28,"Boot":90,"Lizard Tail":88,"Strawberry":120,"MealTicket":66,"Fusion Hammer":46,"Necronomicon":127,"Kunai":37,"Toxic Egg 2":62,"reliquary:SharkskinSheath":157,"Girya":27,"MerchantsRug":33,"Happy Flower":4,"Astrolabe":99,"Blue Candle":137,"Dead Branch":168,"Eternal Feather":4,"Tingsha":91,"Pen Nib":69,"Letter Opener":43,"reliquary:WeakTea":146,"Question Card":66,"Akabeko":82,"Du-Vu Doll":109,"SlaversCollar":7,"Shuriken":130,"Bronze Scales":32,"Bird Faced Urn":115,"Molten Egg 2":51,"Pandora\u0027s Box":55,"Unceasing Top":33,"Meat on the Bone":5,"Regal Pillow":45,"Lantern":85,"Torii":37,"Singing Bowl":60,"Snake Skull":85,"Incense Burner":111,"Empty Cage":25,"Cursed Key":72,"Emotion Chip":0,"Nunchaku":63,"Dream Catcher":165,"Shovel":45,"Matryoshka":140,"WristBlade":104,"Ninja Scroll":102,"Gambling Chip":65,"Tiny Chest":51,"Red Mask":48,"Cracked Core":0,"InkBottle":27,"Ring of the Snake":0,"Potion Belt":80,"Lee\u0027s Waffle":66,"The Specimen":140,"Golden Idol":5,"Thread and Needle":121,"PreservedInsect":0,"The Courier":43,"Frozen Egg 2":15,"reliquary:RosewoodLute":143,"White Beast Statue":42,"Nuclear Battery":19,"Anchor":60,"Busted Crown":153,"Ornamental Fan":0,"Bloody Idol":23,"Turnip":113,"Art of War":22,"Bag of Marbles":64,"Bottled Lightning":102,"Membership Card":102,"FossilizedHelix":113,"Toy Ornithopter":114,"TungstenRod":169},{"Ice Cream":146,"TwistedFunnel":496,"Calipers":647,"Gremlin Horn":310,"Vajra":253,"Ginger":297,"Bottled Tornado":134,"Boot":434,"Lizard Tail":422,"Strawberry":571,"MealTicket":324,"Fusion Hammer":235,"Necronomicon":595,"Kunai":197,"Toxic Egg 2":302,"reliquary:SharkskinSheath":707,"Girya":121,"MerchantsRug":176,"Happy Flower":12,"Astrolabe":480,"Blue Candle":628,"Dead Branch":750,"Eternal Feather":12,"Tingsha":445,"Pen Nib":334,"Letter Opener":221,"reliquary:WeakTea":672,"Question Card":324,"Akabeko":393,"Du-Vu Doll":526,"SlaversCollar":26,"Shuriken":605,"Bronze Scales":170,"Bird Faced Urn":554,"Molten Egg 2":258,"Pandora\u0027s Box":275,"Unceasing Top":176,"Meat on the Bone":15,"Regal Pillow":227,"Lantern":407,"Torii":197,"Singing Bowl":297,"Snake Skull":407,"Incense Burner":535,"Empty Cage":106,"Cursed Key":351,"Emotion Chip":0,"Nunchaku":305,"Dream Catcher":734,"Shovel":227,"Matryoshka":638,"WristBlade":510,"Ninja Scroll":496,"Gambling Chip":316,"Tiny Chest":258,"Red Mask":244,"Cracked Core":0,"InkBottle":121,"Ring of the Snake":0,"Potion Belt":378,"Lee\u0027s Waffle":324,"The Specimen":638,"Golden Idol":15,"Thread and Needle":577,"PreservedInsect":0,"The Courier":221,"Frozen Egg 2":51,"reliquary:RosewoodLute":657,"White Beast Statue":214,"Nuclear Battery":66,"Anchor":297,"Busted Crown":692,"Ornamental Fan":0,"Bloody Idol":91,"Turnip":543,"Art of War":85,"Bag of Marbles":310,"Bottled Lightning":496,"Membership Card":496,"FossilizedHelix":543,"Toy Ornithopter":546,"TungstenRod":753}],"TungstenRod":10,"Ring of the Snake":[0]},"card_choices":[{"not_picked":["PiercingWail","Flechettes"],"picked":"Cloak And Dagger","floor":1.0},{"not_picked":["Underhanded Strike","Concentrate"],"picked":"Predator","floor":4},{"not_picked":["Underhanded Strike","Backflip","Sucker Punch"],"picked":"SKIP","floor":5},{"not_picked":["Bane","Underhanded Strike"],"picked":"Cloak And Dagger","floor":7},{"not_picked":["Skewer","Dagger Spray"],"picked":"Phantasmal Killer","floor":10},{"not_picked":["Venomology","Dodge and Roll","Underhanded Strike"],"picked":"SKIP","floor":14},{"not_picked":["Venomology","Malaise"],"picked":"A Thousand Cuts","floor":16},{"not_picked":["Acrobatics"],"picked":"SKIP","floor":18},{"not_picked":["Outmaneuver"],"picked":"SKIP","floor":20},{"not_picked":["Underhanded Strike"],"picked":"SKIP","floor":22},{"not_picked":["Footwork"],"picked":"SKIP","floor":23},{"not_picked":[],"picked":"Slice","floor":27},{"not_picked":["Tactician"],"picked":"SKIP","floor":30},{"not_picked":["Underhanded Strike"],"picked":"SKIP","floor":31},{"not_picked":[],"picked":"Adrenaline","floor":33},{"not_picked":["Flying Knee"],"picked":"SKIP","floor":35},{"not_picked":[],"picked":"Escape Plan+1","floor":36},{"not_picked":["Quick Slash"],"picked":"SKIP","floor":37},{"not_picked":[],"picked":"PiercingWail+1","floor":41},{"not_picked":["All Out Attack"],"picked":"SKIP","floor":46},{"not_picked":["Poisoned Stab"],"picked":"SKIP","floor":48},{"not_picked":["Bouncing Flask"],"picked":"SKIP","floor":54}],"player_experience":3645270,"relics_obtained":[{"floor":9,"key":"Kunai"},{"floor":14,"key":"Matryoshka"},{"floor":23,"key":"reliquary:SharkskinSheath"},{"floor":25,"key":"Anchor"},{"floor":25,"key":"reliquary:RosewoodLute"},{"floor":26,"key":"Potion Belt"},{"floor":26,"key":"Regal Pillow"},{"floor":41,"key":"Dream Catcher"},{"floor":43,"key":"Bag of Marbles"},{"floor":44,"key":"PreservedInsect"},{"floor":54,"key":"TungstenRod"}],"event_choices":[{"damage_healed":0,"gold_gain":0,"player_choice":"Grow","damage_taken":0,"max_hp_gain":0,"max_hp_loss":0,"event_name":"Living Wall","floor":3,"gold_loss":0,"cards_upgraded":["Cloak And Dagger"]},{"damage_healed":0,"gold_gain":0,"cards_transformed":["Strike_G"],"player_choice":"Transformed","damage_taken":0,"max_hp_gain":0,"max_hp_loss":0,"event_name":"Transmorgrifier","floor":19,"gold_loss":0,"cards_obtained":["Quick Slash"]},{"cards_removed":["Strike_G"],"damage_healed":0,"gold_gain":0,"player_choice":"Card Removal","damage_taken":0,"max_hp_gain":0,"max_hp_loss":0,"event_name":"Wheel of Change","floor":21,"gold_loss":0},{"cards_removed":["Poisoned Stab"],"damage_healed":0,"gold_gain":0,"player_choice":"Removed Attack","damage_taken":0,"max_hp_gain":0,"max_hp_loss":0,"event_name":"Falling","floor":38,"gold_loss":0},{"damage_healed":0,"gold_gain":0,"player_choice":"Embrace Madness","damage_taken":10,"max_hp_gain":0,"max_hp_loss":0,"event_name":"Winding Halls","floor":39,"gold_loss":0,"cards_obtained":["Madness","Madness"]}],"is_beta":false,"boss_relics":[{"not_picked":["Tiny House","Calling Bell"],"picked":"Busted Crown"},{"not_picked":["Black Star","Sozu"],"picked":"Pandora\u0027s Box"}],"items_purged_floors":[0],"is_endless":false,"potions_floor_spawned":[5,7,10,14,18,22,30,31,35,41,46,48],"ascension_level":0}}