{"host":"ecuvtzmejf7hhjpv","time":1612031991,"event":{"mods":["AchievementEnabler","Act Like it!","Aspiration","BaseMod","Better Altar","Better Match","Better Note","Better Sensory Stone","Better Skull","Better Third Choice","BetterRewards","Conspire","Custom Start","Downfall","Gensokyo","GifTheSpireLib","Hallownest","Hermit","Hubris","Kratos Character Expansion","Luminous","Marisa????????","Minty Spire (QoL Compilation)","Prisma Mod","Remilia??????","Replay The Spire","Robot Space Explorer","Spicy Shops","StSLib","The Animator","The Blackbeard","The Bug Knight","The Construct","The Cursed","The Disciple","The Dragon Tamer","The Forsaken","The Hierophant","The Jungle","The Marked","The Necromancer","The Poker Player","The Wild Card","TheSwordswoman"],"gold_per_floor":[99,117,217,217,233,260,284,76,96,125,151,165,185,210,233,334,334,234,255,355,374,394,408,408,437,512,531,59,91,38,83,93,212,212,112,133,176,199,199,12,12,12,44,110,176,230,230,93,125,131],"floor_reached":51,"language":"ENG","playtime":3020,"items_purged":["champ:Strike+1","hubris:Disease"],"score":1040,"play_id":"8a964eaf-eadd-447c-a9d2-f51fd732cfc5","local_time":"20210130123951","is_ascension_mode":false,"campfire_choices":[{"floor":1,"key":"DIG"},{"floor":18,"key":"RECALL"},{"floor":35,"key":"REST"},{"floor":42,"key":"REST"},{"floor":47,"key":"REST"}],"circlet_count":0,"master_deck":["champ:Strike","champ:Strike","champ:Strike","champ:Defend","champ:Defend","champ:Defend","champ:Defend","champ:Execute","champ:Taunt","champ:BringItOn","EnergyFlow","champ:StanceDance","champ:Circumvent","champ:PreciseThrust","champ:BringItOn","champ:ShieldWall","champ:DefensiveShout","champ:BringItOn","OortCloud","OortCloud","champ:FlashCut","UltimateShortwave","ManaConvection","champ:BringItOn","MagicAbsorber","OortCloud","GalacticHalo","Acceleration","champ:SteelEdge+1","GalacticHalo","champ:ShieldWall","champ:PerfectedStrike","WitchOfGreed","champ:ShieldWall+1","WitchOfGreed","champ:SetATrap","WitchOfGreed","GalacticHalo","GalacticHalo+1","Acceleration+1","expansioncontent:DashGenerateEvil+1","expansioncontent:YouAreMine","champ:FalseCounter"],"relics":["aspiration:MarisaSkillbook","CaptainsWheel","CloakClasp","Replay:Bandana","Whetstone","ReplayFunnel","Blood Vial","Replay:Towering Pillar of Hats","conspire:SlowCooker","downfall:HeartBlessingGreen","Toy Ornithopter","champ:DefensiveTrainingManual","Simple Rune","hubris:Reverence","Letter Opener","Pen Nib","Replay:Accelerometer","ReplayTheSpireMod:TigerMarble","Replay:Grab Bag","Cursed Key","Fusion Hammer","SacredBark","downfall:HeartBlessingRed","hubris:EmptyBottle","hubris:CuriousFeather","Calipers","Guide Book"],"acts_visited":["Exordium","TheCity","TheBeyond"],"potions_floor_usage":[12,13,25,28,30,33,40,40,46,49,50,50,50],"damage_taken":[{"damage":9,"enemies":"2 Louse","floor":2,"turns":3},{"damage":62,"enemies":"2 Louse","floor":3,"turns":10},{"damage":10,"enemies":"Jaw Worm","floor":5,"turns":3},{"damage":13,"enemies":"Gremlin Nob","floor":6,"turns":5},{"damage":0,"enemies":"downfall:FleeingMerchant","floor":8,"turns":4},{"damage":10,"enemies":"Small Slimes","floor":9,"turns":3},{"damage":0,"enemies":"Lagavulin","floor":10,"turns":6},{"damage":14,"enemies":"Gremlin Gang","floor":11,"turns":6},{"damage":7,"enemies":"Exordium Thugs","floor":12,"turns":5},{"damage":0,"enemies":"Lots of Slimes","floor":13,"turns":1},{"damage":15,"enemies":"Replay:BlueRogue","floor":14,"turns":7},{"damage":8,"enemies":"Exordium Thugs","floor":15,"turns":8},{"damage":8,"enemies":"DF_ARCHETYPE_STREAMLINE","floor":16,"turns":8},{"damage":17,"enemies":"Chosen","floor":19,"turns":5},{"damage":19,"enemies":"downfall:LadyInBlue","floor":20,"turns":9},{"damage":10,"enemies":"conspire:FuzzyDice","floor":21,"turns":7},{"damage":27,"enemies":"Snake Plant","floor":22,"turns":5},{"damage":1,"enemies":"Centurion and Healer","floor":23,"turns":7},{"damage":0,"enemies":"Book of Stabbing","floor":25,"turns":7},{"damage":0,"enemies":"Shelled Parasite and Fungi","floor":27,"turns":7},{"damage":0,"enemies":"downfall:FleeingMerchant","floor":28,"turns":4},{"damage":13,"enemies":"conspire:Head Lice","floor":29,"turns":5},{"damage":11,"enemies":"downfall:FleeingMerchant","floor":30,"turns":4},{"damage":4,"enemies":"Book of Stabbing","floor":31,"turns":7},{"damage":13,"enemies":"Snake Plant","floor":32,"turns":5},{"damage":44,"enemies":"SI_MIRROR_ARCHETYPE","floor":33,"turns":17},{"damage":11,"enemies":"3 Shapes","floor":36,"turns":6},{"damage":2,"enemies":"3 Darklings","floor":37,"turns":7},{"damage":9,"enemies":"4 Shapes","floor":38,"turns":7},{"damage":30,"enemies":"downfall:FleeingMerchant","floor":40,"turns":4},{"damage":26,"enemies":"Transient","floor":43,"turns":5},{"damage":9,"enemies":"R_Hoarder","floor":44,"turns":5},{"damage":15,"enemies":"Jaw Worm Horde","floor":45,"turns":7},{"damage":11,"enemies":"Writhing Mass","floor":46,"turns":3},{"damage":10,"enemies":"downfall:FleeingMerchant","floor":48,"turns":4},{"damage":2,"enemies":"Transient","floor":49,"turns":5},{"damage":0,"enemies":"IC_BLOCK_ARCHETYPE","floor":50,"turns":8}],"seed_played":"2983421975546189801","potions_obtained":[{"floor":3,"key":"GamblersBrew"},{"floor":9,"key":"GamblersBrew"},{"floor":12,"key":"Toxic Potion"},{"floor":13,"key":"Swift Potion"},{"floor":16,"key":"Flashbang"},{"floor":20,"key":"Dexterity Potion"},{"floor":29,"key":"GamblersBrew"},{"floor":31,"key":"champ:OpenerPotion"},{"floor":31,"key":"SpeedPotion"},{"floor":37,"key":"Guardian:BlockOnCardUsePotion"},{"floor":37,"key":"Energy Potion"},{"floor":43,"key":"Adrenaline Potion"},{"floor":43,"key":"Ancient Potion"},{"floor":44,"key":"Elixir"},{"floor":46,"key":"EssenceOfSteel"},{"floor":48,"key":"Milkshake"}],"is_trial":false,"path_per_floor":["R","M","?","?","M","E","T","$","M","E","M","M","M","E","M","B",null,"R","M","?","M","M","M","T","E","T","M","$","E","$","E","M","B",null,"R","M","M","M","?","$","T","R","M","E","M","M","R","$","M","B",null],"character_chosen":"THE_CHAMP","items_purchased":["ReplayFunnel","champ:BringItOn","Letter Opener","GalacticHalo","Pen Nib","WitchOfGreed","hubris:EmptyBottle","WitchOfGreed","expansioncontent:DashGenerateEvil","Guide Book","expansioncontent:YouAreMine"],"campfire_rested":3,"item_purchase_floors":[8,8,28,28,28,30,40,40,48,48,48],"current_hp_per_floor":[90,81,39,39,39,36,36,36,36,36,34,34,36,38,37,31,90,90,83,76,78,63,64,64,71,71,73,80,69,65,63,52,35,90,90,89,88,81,81,90,90,90,64,57,54,50,77,79,85,91],"gold":131,"neow_bonus":"BOSS_RELIC","is_daily":false,"chose_seed":false,"campfire_upgraded":0,"win_rate":0.0,"timestamp":1612031991,"path_taken":["R","M","?","?","M","E","T","$","M","E","M","M","M","E","M","BOSS","R","M","?","M","?","M","T","E","?","?","$","E","$","E","M","BOSS","R","M","?","M","?","$","T","R","M","E","M","M","R","$","M","BOSS"],"items_purchased_type":["Relic","Card","Relic","Card","Relic","Card","Relic","Card","Card","Relic","Card"],"build_version":"2020-12-22","purchased_purges":2,"victory":true,"max_hp_per_floor":[90,90,90,90,90,90,90,90,90,90,90,90,90,90,90,90,90,90,90,90,90,90,90,90,90,90,90,90,90,90,90,90,90,90,90,90,90,90,90,90,90,90,90,90,90,90,90,90,91,91],"card_choices":[{"not_picked":["Orbital","champ:PerfectedStrike","champ:DefensiveShout"],"picked":"champ:BringItOn","floor":2},{"not_picked":["champ:Backstep","PowerUp","champ:FanOfKnives"],"picked":"EnergyFlow","floor":3},{"not_picked":["IllusionStar","DragonMeteor","champ:GutPunch"],"picked":"champ:StanceDance","floor":5},{"not_picked":["champ:BladeFlurry","champ:RecklessLeap","GasGiant"],"picked":"champ:Circumvent","floor":6},{"not_picked":["MysteriousBeam","champ:CrookedStrike","champ:Parry"],"picked":"champ:PreciseThrust","floor":8},{"not_picked":["MillisecondPulsars","champ:PerfectedStrike","AsteroidBelt"],"picked":"champ:ShieldWall","floor":9},{"not_picked":["champ:GladiatorForm","ShootingEcho","AsteroidBelt","GrandCross"],"picked":"SKIP","floor":10},{"not_picked":["UnstableBomb","champ:Parry","AlicesGift"],"picked":"champ:DefensiveShout","floor":11},{"not_picked":["MysteriousBeam","GravityBeat","champ:FancyFootwork"],"picked":"champ:BringItOn","floor":12},{"not_picked":["FairyDestructionRay","NonDirectionalLaser","StarBarrage"],"picked":"OortCloud","floor":13},{"not_picked":["BinaryStars","champ:FlashCut","WitchOfGreed"],"picked":"OortCloud","floor":14},{"not_picked":["IllusionStar","champ:HeartStrike","OrrerysSun"],"picked":"champ:FlashCut","floor":15},{"not_picked":["MaximisePower","champ:UltimateStance","MillisecondPulsars"],"picked":"UltimateShortwave","floor":16},{"not_picked":["GrandCross+1","champ:FanOfKnives","IllusionStar","champ:AdrenalArmor+1"],"picked":"SKIP","floor":19},{"not_picked":["champ:RecklessLeap+1","DoubleSpark","DC+1"],"picked":"ManaConvection","floor":20},{"not_picked":["champ:ArenaPreparation","champ:CrownThrow","champ:GutPunch+1"],"picked":"champ:BringItOn","floor":21},{"not_picked":["champ:BladeFlurry","MaximisePower","SuperPerseids"],"picked":"MagicAbsorber","floor":22},{"not_picked":["champ:CrownThrow+1","6A","champ:GladiatorStyle+1"],"picked":"OortCloud","floor":23},{"not_picked":["GravityBeat","champ:DancingMaster","LuminesStrike+1"],"picked":"GalacticHalo","floor":25},{"not_picked":["champ:FlashCut","PowerUp","WitchOfGreed+1"],"picked":"Acceleration","floor":27},{"not_picked":["SuperNova","champ:Shatter","BlazeAway"],"picked":"champ:SteelEdge","floor":28},{"not_picked":["PowerUp","DoubleSpark","6A"],"picked":"champ:ShieldWall","floor":29},{"not_picked":["GravityBeat","champ:ViciousMockery","champ:HeartStrike+1"],"picked":"champ:PerfectedStrike","floor":30},{"not_picked":["EventHorizon","ShootTheMoon","PowerUp"],"picked":"champ:ShieldWall+1","floor":31},{"not_picked":["champ:CrownThrow","SporeBomb","champ:Endure","ShootingEcho"],"picked":"SKIP","floor":32},{"not_picked":["StarBarrage","MysteriousBeam","champ:BringItOn+1","champ:HeartStrike"],"picked":"SKIP","floor":36},{"not_picked":["champ:ViciousMockery+1","champ:IronFortress","champ:BerserkersShout"],"picked":"WitchOfGreed","floor":37},{"not_picked":["champ:Haymaker+1","Robbery","GalacticHalo"],"picked":"champ:SetATrap","floor":38},{"not_picked":["champ:GutPunch","champ:TornadoPunch+1","champ:BerserkersShout+1","champ:FaceSlap"],"picked":"SKIP","floor":40},{"not_picked":["Acceleration+1","champ:Haymaker","champ:ShieldWall+1"],"picked":"GalacticHalo","floor":43},{"not_picked":["MysteriousBeam+1","champ:ViciousMockery+1","champ:TornadoPunch+1","champ:DefensiveShout"],"picked":"SKIP","floor":44},{"not_picked":["champ:ShieldThrow","champ:AdrenalArmor","DC+1"],"picked":"GalacticHalo+1","floor":45},{"not_picked":["DoubleSpark","champ:Encircle","SatelliteIllusion","champ:ShieldSigil+1"],"picked":"SKIP","floor":46},{"not_picked":["GravityBeat","6A","champ:DancingMaster"],"picked":"Acceleration+1","floor":48},{"not_picked":["champ:PreciseThrust","champ:ShieldSigil","champ:ViciousMockery+1"],"picked":"champ:FalseCounter","floor":49}],"player_experience":1172621,"relics_obtained":[{"floor":1,"key":"CaptainsWheel"},{"floor":3,"key":"CloakClasp"},{"floor":6,"key":"Replay:Bandana"},{"floor":7,"key":"Whetstone"},{"floor":10,"key":"Blood Vial"},{"floor":14,"key":"Replay:Towering Pillar of Hats"},{"floor":20,"key":"Toy Ornithopter"},{"floor":24,"key":"champ:DefensiveTrainingManual"},{"floor":25,"key":"Simple Rune"},{"floor":26,"key":"hubris:Reverence"},{"floor":29,"key":"Replay:Accelerometer"},{"floor":31,"key":"ReplayTheSpireMod:TigerMarble"},{"floor":41,"key":"hubris:CuriousFeather"},{"floor":44,"key":"Calipers"}],"event_choices":[],"is_beta":false,"boss_relics":[{"not_picked":["aspiration:PoetsPen_weak","Empty Cage"],"picked":"conspire:SlowCooker"},{"not_picked":["Ring of Chaos","hubris:BlackHole"],"picked":"Replay:Grab Bag"},{"not_picked":["Sozu","conspire:RoyalGoblet"],"picked":"Cursed Key"},{"not_picked":["ChewingGum","Abe\u0027s Treasure"],"picked":"Fusion Hammer"},{"not_picked":["hubris:ScarierMask","hubris:HollowSoul"],"picked":"SacredBark"}],"items_purged_floors":[28,48],"is_endless":false,"potions_floor_spawned":[3,9,12,13,16,19,20,29,31,32,37,38,43,44,46,49],"ascension_level":0}}