{"host":"lktusdb9orijgc6z","time":1612006652,"event":{"mods":["BaseMod","Bestiary","Colored Map","Colored Powertips","Minty Spire (QoL Compilation)","Permanent Neow","Quick Restart","Relic Stats","StSLib","everything is the same but u backflip on backflip","slay the spire mod where everything is the same but ironclad has a cowboy hat"],"gold_per_floor":[110,121,139,159,3,37,49,71,106,150,173,215,227,239,251,263,263],"floor_reached":16,"language":"ENG","playtime":702,"items_purged":["Strike_B"],"score":224,"play_id":"8b32d0d1-542b-438a-af11-1d46951ffdb0","local_time":"20210130123732","is_ascension_mode":true,"campfire_choices":[{"floor":7,"key":"REST"},{"floor":13,"key":"REST"},{"data":"Beam Cell","floor":15,"key":"SMITH"}],"circlet_count":0,"master_deck":["AscendersBane","Strike_B","Strike_B","Strike_B","Defend_B","Defend_B","Defend_B","Defend_B","Zap","Dualcast","Ball Lightning","Leap","Sweeping Beam","Sweeping Beam","Reinforced Body","Ball Lightning","Beam Cell+1","Rebound","Reinforced Body"],"relics":["Philosopher\u0027s Stone","MawBank","Toy Ornithopter","Bronze Scales","Odd Mushroom","Golden Idol"],"acts_visited":["Exordium"],"potions_floor_usage":[4,6,6,16],"damage_taken":[{"damage":7,"enemies":"2 Louse","floor":1,"turns":4},{"damage":16,"enemies":"Jaw Worm","floor":2,"turns":3},{"damage":2,"enemies":"Cultist","floor":3,"turns":3},{"damage":16,"enemies":"Large Slime","floor":4,"turns":5},{"damage":6,"enemies":"Lagavulin","floor":6,"turns":7},{"damage":0,"enemies":"2 Fungi Beasts","floor":8,"turns":2},{"damage":21,"enemies":"3 Sentries","floor":10,"turns":6},{"damage":7,"enemies":"Lots of Slimes","floor":11,"turns":3},{"damage":0,"enemies":"The Mushroom Lair","floor":12,"turns":3},{"damage":40,"enemies":"Slime Boss","floor":16,"turns":6}],"seed_played":"-8293478978383972600","potions_obtained":[{"floor":1,"key":"AttackPotion"},{"floor":3,"key":"SkillPotion"},{"floor":4,"key":"Explosive Potion"},{"floor":12,"key":"Fire Potion"}],"is_trial":false,"path_per_floor":["M","M","M","M","$","E","R","M","T","E","M","?","R","?","R","B"],"character_chosen":"DEFECT","items_purchased":["Reinforced Body"],"campfire_rested":2,"item_purchase_floors":[5],"current_hp_per_floor":[57,41,39,23,23,17,38,38,38,17,10,10,31,31,31,0,0],"gold":263,"neow_bonus":"BOSS_RELIC","is_daily":false,"chose_seed":false,"campfire_upgraded":1,"win_rate":0.0,"timestamp":1612006652,"path_taken":["M","M","M","M","$","E","R","M","T","E","M","?","R","?","R","BOSS"],"items_purchased_type":["Card"],"build_version":"2020-12-22","purchased_purges":1,"victory":false,"max_hp_per_floor":[71,71,71,71,71,71,71,71,71,71,71,71,71,64,64,64,64],"relic_stats":{"counters":[10,42],"Golden Idol":0,"Bronze Scales":[35],"MawBank":120,"obtain_stats":[{"Golden Idol":14,"Bronze Scales":10,"Philosopher\u0027s Stone":0,"Odd Mushroom":12,"Cracked Core":0,"MawBank":6,"Toy Ornithopter":9},{"Golden Idol":9,"Bronze Scales":7,"Philosopher\u0027s Stone":0,"Odd Mushroom":9,"Cracked Core":0,"MawBank":5,"Toy Ornithopter":6},{"Golden Idol":36,"Bronze Scales":30,"Philosopher\u0027s Stone":0,"Odd Mushroom":36,"Cracked Core":0,"MawBank":22,"Toy Ornithopter":24}],"Toy Ornithopter":5},"card_choices":[{"not_picked":["Static Discharge","Steam"],"picked":"Ball Lightning","floor":1},{"not_picked":["Reprogram","Turbo"],"picked":"Leap","floor":2},{"not_picked":["Heatsinks","Stack"],"picked":"Sweeping Beam","floor":3},{"not_picked":["Blizzard","BootSequence"],"picked":"Sweeping Beam","floor":4},{"not_picked":["Aggregate","Compile Driver"],"picked":"Ball Lightning","floor":6},{"not_picked":["Compile Driver","Fission"],"picked":"Beam Cell","floor":8},{"not_picked":["Gash","Turbo","Redo"],"picked":"SKIP","floor":10},{"not_picked":["Steam","Beam Cell"],"picked":"Rebound","floor":11},{"not_picked":["Leap","Coolheaded"],"picked":"Reinforced Body","floor":12}],"player_experience":716620,"relics_obtained":[{"floor":6,"key":"MawBank"},{"floor":9,"key":"Toy Ornithopter"},{"floor":10,"key":"Bronze Scales"},{"floor":12,"key":"Odd Mushroom"}],"event_choices":[{"damage_healed":0,"gold_gain":0,"player_choice":"Fought Mushrooms","damage_taken":0,"max_hp_gain":0,"max_hp_loss":0,"event_name":"Mushrooms","floor":12,"gold_loss":0},{"damage_healed":0,"gold_gain":0,"player_choice":"Lose Max HP","damage_taken":0,"relics_obtained":["Golden Idol"],"max_hp_gain":0,"max_hp_loss":7,"event_name":"Golden Idol","floor":14,"gold_loss":0}],"is_beta":false,"boss_relics":[],"items_purged_floors":[5],"is_endless":false,"potions_floor_spawned":[1,3,4,12],"killed_by":"Slime Boss","ascension_level":20}}