{"host":"y1oqg7uy0jc6f5mb","time":1612031747,"event":{"mods":["BaseMod","Better Altar","Better Match","Better Note","Better Sensory Stone","Better Skull","Better Third Choice","Colored Map","Colored Powertips","Custom Start","Downfall","Highlight Path","Ironclad Rager","Minty Spire (QoL Compilation)","Permanent Neow","Quick Restart","Relic Stats","Replay The Spire","Shop Mod","StSLib"],"gold_per_floor":[99,118,163,163,163,163,190,190,190,201,242,289,305,128,141,141,141,141],"floor_reached":16,"language":"ENG","playtime":1485,"items_purged":["Pain"],"score":94,"play_id":"2d479a94-3121-4ee9-b85d-b73f72a7ed50","local_time":"20210131023547","is_ascension_mode":false,"campfire_choices":[{"data":"Adrenaline","floor":6.0,"key":"SMITH"},{"data":"sneckomod:Unknown3Cost","floor":9.0,"key":"SMITH"}],"circlet_count":0,"master_deck":["sneckomod:Strike","sneckomod:Strike","sneckomod:Strike","sneckomod:Defend","sneckomod:Defend","sneckomod:Defend","sneckomod:TailWhip","sneckomod:SnekBite","sneckomod:Unknown","sneckomod:Unknown3Cost+1","Adrenaline+1","sneckomod:UnendingSupply","sneckomod:UnknownClassGREEN","sneckomod:WideSting","sneckomod:SoulDraw","sneckomod:SoulExchange","sneckomod:UnknownExhaust","sneckomod:Nope","sneckomod:UnknownUncommonPower","sneckomod:UnknownDraw","sneckomod:QuickMove"],"relics":["sneckomod:SneckoSoul","m_SnakeBloodCore","Toy Ornithopter","WarpedTongs"],"acts_visited":["Exordium"],"potions_floor_usage":[13,16,16],"damage_taken":[{"damage":1.0,"enemies":"Cultist","floor":2.0,"turns":4.0},{"damage":9.0,"enemies":"Small Slimes","floor":3.0,"turns":4.0},{"damage":4.0,"enemies":"Jaw Worm","floor":10.0,"turns":2.0},{"damage":26.0,"enemies":"Lots of Slimes","floor":11.0,"turns":5.0},{"damage":18.0,"enemies":"2 Fungi Beasts","floor":12.0,"turns":4.0},{"damage":23,"enemies":"Exordium Thugs","floor":13,"turns":4},{"damage":6,"enemies":"downfall:FleeingMerchant","floor":14,"turns":4},{"damage":25,"enemies":"Large Slime","floor":15,"turns":9},{"damage":17,"enemies":"SI_SHIV_ARCHETYPE","floor":16,"turns":2}],"seed_played":"7529421430665357524","potions_obtained":[{"floor":2.0,"key":"SkillPotion"},{"floor":12.0,"key":"Adrenaline Potion"},{"floor":13,"key":"sneckomod:MuddlingPotion"}],"is_trial":false,"path_per_floor":["R_BF","M","M","?","?","R","T","?","R","M","M","M","M","$","M","B"],"character_chosen":"THE_SNECKO","items_purchased":["sneckomod:UnknownUncommonPower","sneckomod:UnknownDraw"],"campfire_rested":0,"item_purchase_floors":[14,14],"current_hp_per_floor":[90,89,80,85,85,85,85,85,85,84,61,46,31,28,6,0,0,0],"gold":141,"neow_bonus":"ONE_RANDOM_RARE_CARD","is_daily":false,"chose_seed":false,"campfire_upgraded":2,"win_rate":0.0,"timestamp":1612031747,"path_taken":["R_BF","M","M","?","?","R","T","?","R","M","M","?","M","$","M","BOSS"],"items_purchased_type":["Card","Card"],"build_version":"2020-12-22","purchased_purges":1,"victory":false,"max_hp_per_floor":[90,90,90,95,95,95,95,95,95,95,95,95,95,95,95,95,95,95],"relic_stats":{"counters":[9,38],"obtain_stats":[{"m_SnakeBloodCore":5,"sneckomod:SneckoSoul":0,"Toy Ornithopter":7,"WarpedTongs":8},{"m_SnakeBloodCore":2,"sneckomod:SneckoSoul":0,"Toy Ornithopter":2,"WarpedTongs":2},{"m_SnakeBloodCore":8,"sneckomod:SneckoSoul":0,"Toy Ornithopter":8,"WarpedTongs":8}],"Toy Ornithopter":15,"WarpedTongs":[30]},"card_choices":[{"not_picked":["sneckomod:RainOfDice","sneckomod:Unknown1Cost"],"picked":"sneckomod:UnendingSupply","floor":2.0},{"not_picked":["sneckomod:DiceCrush","sneckomod:MasterEye"],"picked":"sneckomod:UnknownClassGREEN","floor":3.0},{"not_picked":["sneckomod:UnknownBlock","sneckomod:Nope"],"picked":"sneckomod:WideSting","floor":10.0},{"not_picked":["sneckomod:UnknownVulnerable","sneckomod:RainOfDice"],"picked":"sneckomod:SoulDraw","floor":11.0},{"not_picked":["sneckomod:SnakeSap","sneckomod:SnekBeam"],"picked":"sneckomod:SoulExchange","floor":12.0},{"not_picked":["sneckomod:RainOfDice","sneckomod:UnknownClassPURPLE"],"picked":"sneckomod:UnknownExhaust","floor":13},{"not_picked":["sneckomod:UnknownStrike","sneckomod:SlitherStrike"],"picked":"sneckomod:Nope","floor":14},{"not_picked":["sneckomod:WideSting","sneckomod:UnknownDraw"],"picked":"sneckomod:QuickMove","floor":15}],"player_experience":278881,"relics_obtained":[{"floor":7.0,"key":"Toy Ornithopter"}],"event_choices":[{"damage_healed":0.0,"max_hp_gain":5.0,"max_hp_loss":0.0,"gold_gain":0.0,"event_name":"Big Fish","player_choice":"Donut","floor":4.0,"gold_loss":0.0,"damage_taken":0.0},{"damage_healed":0.0,"max_hp_gain":0.0,"max_hp_loss":0.0,"gold_gain":0.0,"event_name":"Accursed Blacksmith","player_choice":"Rummage","floor":8.0,"gold_loss":0.0,"damage_taken":0.0,"relics_obtained":["WarpedTongs"],"cards_obtained":["Pain"]}],"is_beta":false,"boss_relics":[],"items_purged_floors":[14],"is_endless":false,"potions_floor_spawned":[2,12,13],"killed_by":"SI_SHIV_ARCHETYPE","ascension_level":0}}