{"host":"vrsxkkch9ccrec7k","time":1612027549,"event":{"mods":["Act Like it!","BaseMod","Bestiary","Better Altar","Better Match","Better Note","Better Sensory Stone","Better Skull","Better Third Choice","Better Vampires","Downfall","Minty Spire (QoL Compilation)","Permanent Neow","Relic Stats","Spicy Shops","StSLib"],"gold_per_floor":[99,113,113,127,127,142,142,142,317,336,336,367,367,51,63,63,63,63],"floor_reached":16,"language":"ENG","playtime":1202,"items_purged":[],"score":150,"play_id":"5fd4bdc4-3980-474a-9876-f7f1ad469e85","local_time":"20210130122549","is_ascension_mode":true,"campfire_choices":[{"data":"bronze:SpaghettiCode","floor":1,"key":"SMITH"},{"data":"bronze:Goto","floor":8,"key":"SMITH"},{"data":"bronze:ClassDefault","floor":11,"key":"SMITH"},{"data":"bronze:Fortify","floor":13,"key":"SMITH"}],"circlet_count":0,"master_deck":["AscendersBane","bronze:Strike","bronze:Strike","bronze:Strike","bronze:Defend","bronze:Defend","bronze:Defend","bronze:Defend","bronze:Replicate","bronze:Goto+1","bronze:SpaghettiCode+1","bronze:MaxOutput","bronze:BugBarrage","bronze:Assembly","Doubt","bronze:ClassDefault+1","bronze:Fortify+1","bronze:BugBarrage"],"relics":["bronze:BronzeCore","sneckomod:BlankCard","Slimebound:StickyStick","Pocketwatch"],"acts_visited":["Exordium"],"potions_floor_usage":[12,12],"damage_taken":[{"damage":1,"enemies":"Small Slimes","floor":2,"turns":4},{"damage":1,"enemies":"Cultist","floor":4,"turns":3},{"damage":0,"enemies":"2 Louse","floor":6,"turns":1},{"damage":1,"enemies":"Exordium Thugs","floor":10,"turns":3},{"damage":5,"enemies":"3 Sentries","floor":12,"turns":5},{"damage":0,"enemies":"downfall:FleeingMerchant","floor":14,"turns":4},{"damage":2,"enemies":"Red Slaver","floor":15,"turns":3},{"damage":57,"enemies":"SI_SHIV_ARCHETYPE","floor":16,"turns":8}],"seed_played":"370139015085836933","potions_obtained":[{"floor":2,"key":"Fire Potion"},{"floor":10,"key":"PowerPotion"}],"is_trial":false,"path_per_floor":["R","M","?","M","?","M","T","R","?","M","R","E","R","$","M","B"],"character_chosen":"THE_AUTOMATON","items_purchased":["Pocketwatch"],"campfire_rested":0,"item_purchase_floors":[14],"current_hp_per_floor":[63,62,62,61,61,61,61,61,61,60,60,55,55,55,53,0,0,0],"gold":63,"neow_bonus":"THREE_RARE_CARDS","is_daily":false,"chose_seed":false,"campfire_upgraded":4,"win_rate":0.0,"timestamp":1612027549,"path_taken":["R","M","?","M","?","?","T","R","?","M","R","E","R","$","M","BOSS"],"items_purchased_type":["Relic"],"build_version":"2020-12-22","purchased_purges":0,"victory":false,"max_hp_per_floor":[63,63,63,63,63,63,63,63,63,63,63,63,63,63,63,63,63,63],"relic_stats":{"counters":[8,31],"obtain_stats":[{"bronze:BronzeCore":0,"Slimebound:StickyStick":12,"sneckomod:BlankCard":7,"Pocketwatch":14},{"bronze:BronzeCore":0,"Slimebound:StickyStick":5,"sneckomod:BlankCard":3,"Pocketwatch":6},{"bronze:BronzeCore":0,"Slimebound:StickyStick":16,"sneckomod:BlankCard":8,"Pocketwatch":20}],"Pocketwatch":[21]},"card_choices":[{"not_picked":["bronze:Verify","bronze:FindAndReplace"],"picked":"bronze:SpaghettiCode","floor":0},{"not_picked":["bronze:Safeguard","bronze:Constructor"],"picked":"bronze:MaxOutput","floor":2},{"not_picked":["bronze:Invalidate","bronze:Deprecate"],"picked":"bronze:BugBarrage","floor":4},{"not_picked":["bronze:DarkDash","bronze:Separator"],"picked":"bronze:Assembly","floor":6},{"not_picked":["bronze:Overheat","bronze:DelayedSlice"],"picked":"bronze:ClassDefault","floor":10},{"not_picked":["bronze:ChosenStrike","bronze:BitShift"],"picked":"bronze:Fortify","floor":12},{"not_picked":["bronze:OilSpill","bronze:BronzeOrb","bronze:DelayedSlice"],"picked":"SKIP","floor":14},{"not_picked":["bronze:BuggyMess","bronze:Branch"],"picked":"bronze:BugBarrage","floor":15}],"player_experience":1832272,"relics_obtained":[{"floor":7,"key":"sneckomod:BlankCard"},{"floor":12,"key":"Slimebound:StickyStick"}],"event_choices":[],"is_beta":false,"boss_relics":[],"items_purged_floors":[],"is_endless":false,"potions_floor_spawned":[2,10],"killed_by":"SI_SHIV_ARCHETYPE","ascension_level":10}}