{"host":"d8hh7rr4yzitjeuj","time":1612001028,"event":{"mods":["2.2 Compatiblity","AchievementEnabler","Act Like it!","BaseMod","Colored Map","Colored Powertips","Highlight Path","Keyboard Shortcuts","Minty Spire (QoL Compilation)","Permanent Neow","Quick Restart","StSLib","SuperFastMode"],"gold_per_floor":[111,125,140,290,304,304,339,339,339,352,362,362,379,389,389,389,389],"floor_reached":16,"language":"KOR","playtime":386,"items_purged":[],"score":212,"play_id":"34fad9f0-9602-40a1-9b58-50e94568b39c","local_time":"20210130190348","is_ascension_mode":true,"campfire_choices":[{"data":"Sunder","floor":6.0,"key":"SMITH"},{"floor":8,"key":"REST"},{"data":"Defragment","floor":15,"key":"SMITH"}],"circlet_count":0,"master_deck":["AscendersBane","Strike_B","Strike_B","Strike_B","Strike_B","Defend_B","Defend_B","Defend_B","Defend_B","Zap","Dualcast","Buffer","Defragment+1","Ball Lightning","Sunder+1","Doubt","Redo","BootSequence","Rebound","Skim","Meteor Strike","Compile Driver"],"relics":["Cracked Core","Dream Catcher","Bottled Tornado"],"acts_visited":["Exordium"],"potions_floor_usage":[11,16],"damage_taken":[{"damage":12.0,"enemies":"Small Slimes","floor":1.0,"turns":4.0},{"damage":7.0,"enemies":"2 Louse","floor":2.0,"turns":3.0},{"damage":1.0,"enemies":"Cultist","floor":3.0,"turns":4.0},{"damage":15.0,"enemies":"Lots of Slimes","floor":5.0,"turns":3.0},{"damage":25,"enemies":"3 Sentries","floor":7,"turns":6},{"damage":6,"enemies":"3 Louse","floor":10,"turns":3},{"damage":0,"enemies":"Blue Slaver","floor":11,"turns":3},{"damage":0,"enemies":"Exordium Wildlife","floor":13,"turns":3},{"damage":0,"enemies":"Large Slime","floor":14,"turns":4},{"damage":42,"enemies":"Hexaghost","floor":16,"turns":7}],"seed_played":"4203096396319492728","potions_obtained":[{"floor":3.0,"key":"BlessingOfTheForge"},{"floor":5.0,"key":"FocusPotion"},{"floor":10,"key":"FocusPotion"},{"floor":11,"key":"Strength Potion"}],"is_trial":false,"path_per_floor":["M","M","M","?","M","R","E","R","T","M","M","?","M","M","R","B"],"character_chosen":"DEFECT","items_purchased":[],"campfire_rested":1,"item_purchase_floors":[],"current_hp_per_floor":[52,45,44,44,29,29,4,25,25,19,19,42,42,42,42,0,0],"gold":389,"neow_bonus":"ONE_RANDOM_RARE_CARD","is_daily":false,"chose_seed":false,"campfire_upgraded":2,"win_rate":0.0,"timestamp":1612001028,"path_taken":["M","M","M","?","M","R","E","R","T","M","M","?","M","M","R","BOSS"],"items_purchased_type":[],"build_version":"2020-12-22","purchased_purges":0,"victory":false,"max_hp_per_floor":[71,71,71,71,71,71,71,71,71,71,71,71,71,71,71,71,71],"card_choices":[{"not_picked":["Redo","Static Discharge"],"picked":"Defragment","floor":1.0},{"not_picked":["Stack","Reprogram"],"picked":"Ball Lightning","floor":2.0},{"not_picked":["Cold Snap","Stack"],"picked":"Sunder","floor":3.0},{"not_picked":["Darkness","Steam"],"picked":"Redo","floor":5.0},{"not_picked":["Barrage","Melter"],"picked":"BootSequence","floor":7},{"not_picked":["Turbo","Go for the Eyes"],"picked":"Rebound","floor":8},{"not_picked":["Streamline","Gash"],"picked":"Skim","floor":10},{"not_picked":["Darkness","Conserve Battery"],"picked":"Meteor Strike","floor":11},{"not_picked":["Gash","Ball Lightning"],"picked":"Compile Driver","floor":13},{"not_picked":["Gash","Sweeping Beam","Barrage"],"picked":"SKIP","floor":14}],"player_experience":1457147,"relics_obtained":[{"floor":7,"key":"Dream Catcher"},{"floor":9,"key":"Bottled Tornado"}],"event_choices":[{"damage_healed":0.0,"max_hp_gain":0.0,"max_hp_loss":0.0,"gold_gain":150.0,"event_name":"Liars Game","player_choice":"AGREE","floor":4.0,"gold_loss":0.0,"damage_taken":0.0,"cards_obtained":["Doubt"]},{"damage_healed":23,"gold_gain":0,"player_choice":"Banana","damage_taken":0,"max_hp_gain":0,"max_hp_loss":0,"event_name":"Big Fish","floor":12,"gold_loss":0}],"is_beta":false,"boss_relics":[],"items_purged_floors":[],"is_endless":false,"potions_floor_spawned":[3,5,10,11],"killed_by":"Hexaghost","ascension_level":20}}