{"host":"ecuvtzmejf7hhjpv","time":1612021501,"event":{"mods":["AchievementEnabler","Act Like it!","Aspiration","BaseMod","Better Altar","Better Match","Better Note","Better Sensory Stone","Better Skull","Better Third Choice","BetterRewards","Conspire","Custom Start","Downfall","Gensokyo","GifTheSpireLib","Hallownest","Hermit","Hubris","Kratos Character Expansion","Luminous","Marisa????????","Minty Spire (QoL Compilation)","Prisma Mod","Remilia??????","Replay The Spire","Robot Space Explorer","Spicy Shops","StSLib","The Animator","The Blackbeard","The Bug Knight","The Construct","The Cursed","The Disciple","The Dragon Tamer","The Forsaken","The Hierophant","The Jungle","The Marked","The Necromancer","The Poker Player","The Wild Card","TheSwordswoman"],"gold_per_floor":[115,126,45,45,57,57,83,95,95,108,108,120,146,321,321,424,424,434,451,451,451],"floor_reached":20,"language":"ENG","playtime":739,"items_purged":[],"score":186,"play_id":"f804d8d8-f3fe-41d4-99b9-24f2096eefae","local_time":"20210130094501","is_ascension_mode":false,"campfire_choices":[{"data":"Luminous:Lunar_Tide_Luminous","floor":6,"key":"SMITH"}],"circlet_count":0,"master_deck":["Luminous:Light_Flash_Shower","Luminous:Light_Flash_Shower","Luminous:Light_Flash_Shower","Luminous:Dark_Abyssal_Drop","Luminous:Dark_Abyssal_Drop","Luminous:Dark_Abyssal_Drop","Luminous:Defend_Luminous","Luminous:Defend_Luminous","Luminous:Defend_Luminous","Luminous:Defend_Luminous","Luminous:Switch_Luminous+1","Luminous:Light_Track+1","Luminous:Lunar_Tide_Luminous+1","Dramatic Entrance","Luminous:Light_Glare","Luminous:Photic_Meditation_Luminous","Luminous:Dark_Pressure_Void","Luminous:Dark_Pressure_Void","Injury","Luminous:Light_Glare","Luminous:Mana_Overload_Luminous+1","Doubt","Luminous:Freud_Wisdom1_Luminous","Luminous:Magic_Accelerate_Luminous"],"relics":["Luminous:MirrorRelic","hubris:SlimyHat","Bag of Preparation","Frozen Egg 2","Replay:Rubber Ducky","Coffee Dripper"],"acts_visited":["Exordium","TheCity"],"potions_floor_usage":[16,18,18],"damage_taken":[{"damage":3,"enemies":"Jaw Worm","floor":1,"turns":3},{"damage":0,"enemies":"Small Slimes","floor":2,"turns":3},{"damage":0,"enemies":"conspire:RoseBush","floor":5,"turns":4},{"damage":8,"enemies":"Gremlin Nob","floor":7,"turns":5},{"damage":7,"enemies":"Exordium Wildlife","floor":8,"turns":5},{"damage":7,"enemies":"Large Slime","floor":10,"turns":6},{"damage":6,"enemies":"Blue Slaver","floor":12,"turns":2},{"damage":38,"enemies":"3 Sentries","floor":13,"turns":8},{"damage":21,"enemies":"Slime Boss","floor":16,"turns":8},{"damage":47,"enemies":"Chosen","floor":18,"turns":7},{"damage":15,"enemies":"Snecko","floor":19,"turns":7},{"damage":24,"enemies":"Shelled Parasite and Fungi","floor":20,"turns":5}],"seed_played":"-1534049268860153532","potions_obtained":[{"floor":1,"key":"sneckomod:MuddlingPotion"},{"floor":8,"key":"SkillPotion"},{"floor":10,"key":"Toxic Potion"},{"floor":12,"key":"Toxic Potion"},{"floor":19,"key":"Elixir"}],"is_trial":false,"path_per_floor":["M","M","$","?","M","R","E","M","T","M","?","M","E","?","R","B",null,"M","M","M"],"character_chosen":"LuminousClass","items_purchased":["Dramatic Entrance"],"campfire_rested":0,"item_purchase_floors":[3],"current_hp_per_floor":[72,72,72,72,72,72,64,62,62,60,60,57,25,25,47,32,75,28,17,0,0],"gold":451,"neow_bonus":"","is_daily":false,"chose_seed":false,"campfire_upgraded":1,"win_rate":0.0,"timestamp":1612021501,"path_taken":["M","M","$","?","M","R","E","M","T","M","?","M","E","?","R","BOSS","M","M","M"],"items_purchased_type":["Card"],"build_version":"2020-12-22","purchased_purges":0,"victory":false,"max_hp_per_floor":[75,75,75,75,75,75,75,75,75,75,75,75,75,75,75,75,75,75,75,75,75],"card_choices":[{"not_picked":["Luminous:Hero_Will_Luminous","Luminous:Dark_Raid"],"picked":"Luminous:Light_Track","floor":1},{"not_picked":["Luminous:Dark_Pressure_Void","Luminous:Light_Track"],"picked":"Luminous:Lunar_Tide_Luminous","floor":2},{"not_picked":["Luminous:Concentrate_Luminous","Luminous:Tune_Luminous"],"picked":"Luminous:Light_Glare","floor":5},{"not_picked":["Luminous:Sympathy_Luminous","Luminous:Light_Glare"],"picked":"Luminous:Photic_Meditation_Luminous","floor":7},{"not_picked":["Luminous:Blinding_Pillar_Luminous","Luminous:Concentrate_Luminous"],"picked":"Luminous:Dark_Pressure_Void","floor":8},{"not_picked":["Luminous:Accumulation_Luminous","Luminous:Dark_Dim_Erosion"],"picked":"Luminous:Dark_Pressure_Void","floor":10},{"not_picked":["Luminous:Darks_Surge_Luminous","Luminous:Blinding_Pillar_Luminous"],"picked":"Luminous:Light_Glare","floor":12},{"not_picked":["Luminous:Light_Reflection","Luminous:Mirror_Force_Luminous"],"picked":"Luminous:Mana_Overload_Luminous+1","floor":13},{"not_picked":["Luminous:Balance_Baptism","Luminous:Armageddon_Luminous"],"picked":"Luminous:Freud_Wisdom1_Luminous","floor":16},{"not_picked":["Luminous:Dark_Dim_Erosion","Luminous:Dark_Raid","Luminous:Light_Wash_Luminous+1"],"picked":"SKIP","floor":18},{"not_picked":["Luminous:Light_Reflection","Luminous:Accumulation_Luminous"],"picked":"Luminous:Magic_Accelerate_Luminous","floor":19}],"player_experience":1171882,"relics_obtained":[{"floor":7,"key":"hubris:SlimyHat"},{"floor":9,"key":"Bag of Preparation"},{"floor":13,"key":"Replay:Rubber Ducky"}],"event_choices":[{"damage_healed":0,"gold_gain":175,"player_choice":"AGREE","damage_taken":146,"max_hp_gain":0,"max_hp_loss":0,"event_name":"betterThird:BetterSerpent","floor":14,"gold_loss":0}],"is_beta":false,"boss_relics":[{"not_picked":["aspiration:WatcherSkillbook","Astrolabe"],"picked":"Coffee Dripper"}],"items_purged_floors":[],"is_endless":false,"potions_floor_spawned":[1,8,10,12,19],"killed_by":"Shelled Parasite and Fungi","ascension_level":0}}