{"host":"v711dtdb46xe9u7l","time":1612026042,"event":{"mods":["BaseMod","Highlight Path","Minty Spire (QoL Compilation)","Quick Restart","StSLib"],"gold_per_floor":[114,129,429,445,3,3,38,48,128,403,32,52,69,82,82,187,187,197,197,243,257,271,271,271],"floor_reached":23,"language":"ENG","playtime":1430,"items_purged":["Regret"],"score":288,"play_id":"c6f71a38-b902-4e99-829c-fb99bb9a70d9","local_time":"20210130170042","is_ascension_mode":true,"campfire_choices":[{"data":"Vigilance","floor":6.0,"key":"SMITH"},{"data":"SpiritShield","floor":15.0,"key":"SMITH"}],"circlet_count":0,"master_deck":["Strike_P","Strike_P","Strike_P","Strike_P","Defend_P","Defend_P","Defend_P","Defend_P","Eruption+1","Vigilance+1","ReachHeaven","EmptyBody","ClearTheMind","Study","DeceiveReality","SpiritShield+1","FlyingSleeves","Adaptation","CutThroughFate","Establishment","WreathOfFlame","Halt","Consecrate"],"relics":["PureWater","Old Coin","Bottled Lightning","Art of War","Tiny Chest","Gremlin Horn","Melange","Fusion Hammer","Pen Nib","Anchor"],"acts_visited":["Exordium","TheCity"],"potions_floor_usage":[16],"damage_taken":[{"damage":4.0,"enemies":"Small Slimes","floor":1.0,"turns":3.0},{"damage":0.0,"enemies":"Cultist","floor":2.0,"turns":2.0},{"damage":0.0,"enemies":"Jaw Worm","floor":4.0,"turns":3.0},{"damage":3.0,"enemies":"Lagavulin","floor":7.0,"turns":4.0},{"damage":0.0,"enemies":"Large Slime","floor":8.0,"turns":5.0},{"damage":0.0,"enemies":"Lots of Slimes","floor":12.0,"turns":3.0},{"damage":1.0,"enemies":"3 Louse","floor":13.0,"turns":4.0},{"damage":3.0,"enemies":"Blue Slaver","floor":14.0,"turns":3.0},{"damage":6,"enemies":"Hexaghost","floor":16,"turns":9},{"damage":5,"enemies":"2 Thieves","floor":18,"turns":4},{"damage":18,"enemies":"Spheric Guardian","floor":21,"turns":6},{"damage":33,"enemies":"Snake Plant","floor":22,"turns":6},{"damage":14,"enemies":"Book of Stabbing","floor":23,"turns":2}],"seed_played":"1402497093545891766","potions_obtained":[{"floor":1.0,"key":"Fruit Juice"},{"floor":7.0,"key":"Energy Potion"},{"floor":13.0,"key":"AttackPotion"},{"floor":16,"key":"Strength Potion"},{"floor":18,"key":"SmokeBomb"}],"is_trial":false,"path_per_floor":["M","M","?","M","$","R","E","M","T","?","$","M","M","M","R","B",null,"M","?","T","M","M","E"],"character_chosen":"WATCHER","items_purchased":["Bottled Lightning","Art of War","Fire Potion","Melange","SpiritShield"],"campfire_rested":0,"item_purchase_floors":[5,5,5,11,11],"current_hp_per_floor":[66,66,48,48,48,48,45,45,45,45,45,45,44,41,41,35,67,62,62,62,44,11,0,0],"gold":271,"neow_bonus":"UPGRADE_CARD","is_daily":false,"chose_seed":false,"campfire_upgraded":2,"win_rate":0.0,"timestamp":1612026042,"path_taken":["M","M","?","M","$","R","E","M","T","?","$","M","M","?","R","BOSS","M","?","?","M","?","E"],"items_purchased_type":["Relic","Relic","Potion","Relic","Card"],"build_version":"2020-12-22","purchased_purges":1,"victory":false,"max_hp_per_floor":[77,77,77,77,77,77,77,77,77,77,77,77,77,77,77,77,77,77,77,77,77,77,77,77],"card_choices":[{"not_picked":["FollowUp","Crescendo"],"picked":"ReachHeaven","floor":1.0},{"not_picked":["CarveReality","Collect"],"picked":"EmptyBody","floor":2.0},{"not_picked":["Omniscience","Perseverance"],"picked":"ClearTheMind","floor":4.0},{"not_picked":["JustLucky","FollowUp"],"picked":"Study","floor":7.0},{"not_picked":["EmptyBody","Crescendo"],"picked":"DeceiveReality","floor":8.0},{"not_picked":["Prostrate","Nirvana"],"picked":"FlyingSleeves","floor":12.0},{"not_picked":["MentalFortress","Crescendo"],"picked":"Adaptation","floor":13.0},{"not_picked":["Wireheading","Prostrate"],"picked":"CutThroughFate","floor":14.0},{"not_picked":["Alpha","DevaForm"],"picked":"Establishment","floor":16},{"not_picked":["FlyingSleeves","Study"],"picked":"WreathOfFlame","floor":18},{"not_picked":["FlurryOfBlows","Swivel"],"picked":"Halt","floor":21},{"not_picked":["Protect+1","SignatureMove+1"],"picked":"Consecrate","floor":22}],"player_experience":419310,"relics_obtained":[{"floor":7.0,"key":"Tiny Chest"},{"floor":9.0,"key":"Gremlin Horn"},{"floor":20,"key":"Anchor"}],"event_choices":[{"damage_healed":0.0,"max_hp_gain":0.0,"max_hp_loss":0.0,"gold_gain":0.0,"event_name":"Scrap Ooze","player_choice":"Success","floor":3.0,"gold_loss":0.0,"damage_taken":18.0,"relics_obtained":["Old Coin"]},{"damage_healed":0.0,"max_hp_gain":0.0,"max_hp_loss":0.0,"gold_gain":275.0,"event_name":"Golden Shrine","player_choice":"Desecrate","floor":10.0,"gold_loss":0.0,"damage_taken":0.0,"cards_obtained":["Regret"]},{"damage_healed":0,"gold_gain":0,"player_choice":"Opened","damage_taken":0,"relics_obtained":["Pen Nib"],"max_hp_gain":0,"max_hp_loss":0,"event_name":"The Mausoleum","floor":19,"gold_loss":0}],"is_beta":false,"boss_relics":[{"not_picked":["Velvet Choker","Pandora\u0027s Box"],"picked":"Fusion Hammer"}],"items_purged_floors":[11],"is_endless":false,"potions_floor_spawned":[1,7,13,16,18],"killed_by":"Book of Stabbing","ascension_level":7}}