{"host":"Sylvester","time":1612047422,"event":{"mods":["BaseMod","Filter the Spire","Lobotomy","Minty Spire (QoL Compilation)","Replay The Spire","StSLib"],"gold_per_floor":[114,114,114,132,144,173,19,19,19,34,34,45,63,90,90,164,164,181,181,106,116,129,162,162,191,261,278,293,343,243,268,268,346,446,459,459,479,479,499,526,526,401,428,428,457,457,457,476,486,497,497,497,497,497],"floor_reached":53,"language":"ENG","playtime":3262,"items_purged":["Strike_P","Strike_P","Replay:AtTheReady"],"score":1278,"play_id":"b1d8dabb-1be6-4303-bc6a-244b739a1870","local_time":"20210130145702","is_ascension_mode":true,"campfire_choices":[{"data":"ForeignInfluence","floor":11.0,"key":"SMITH"},{"floor":15.0,"key":"REST"},{"floor":32.0,"key":"DIG"},{"floor":41,"key":"REST"},{"floor":51,"key":"RECALL"}],"circlet_count":0,"master_deck":["AscendersBane","Strike_P+1","Strike_P+1","Defend_P+1","Defend_P+1","Defend_P+1","Eruption+1","Vigilance","Consecrate+1","Meditate+1","ForeignInfluence+1","EmptyFist+1","Consecrate+1","Vault+1","CutThroughFate+1","Protect","LessonLearned+1","SpiritShield+1","Replay:Anticipation+1","InnerPeace+1","Sanctity+1","FearNoEvil+1","LikeWater+1","FlurryOfBlows+1","Omniscience+1","Vengeance+1","Wallop","TalkToTheHand+1","TalkToTheHand+1"],"relics":["Fusion Hammer","Replay:Multitool","Torii","Replay:Kaleidoscope","ReplayTheSpireMod:Lightbulb","Runic Pyramid","Incense Burner","Toy Ornithopter","Question Card","Replay:Wax Seal","Whetstone","Replay:Wanted Poster","Potion Belt","Replay:Accelerometer"],"acts_visited":["Exordium","TheCity","TheBeyond"],"potions_floor_usage":[48,48,52,52,52],"damage_taken":[{"damage":2.0,"enemies":"Jaw Worm","floor":1.0,"turns":5.0},{"damage":12.0,"enemies":"Small Slimes","floor":4.0,"turns":2.0},{"damage":0.0,"enemies":"Cultist","floor":5.0,"turns":2.0},{"damage":0.0,"enemies":"Gremlin Nob","floor":6.0,"turns":2.0},{"damage":9.0,"enemies":"Red Slaver","floor":10.0,"turns":4.0},{"damage":0.0,"enemies":"3 Louse","floor":12.0,"turns":1.0},{"damage":16.0,"enemies":"Large Slime","floor":13.0,"turns":3.0},{"damage":8.0,"enemies":"Lagavulin","floor":14.0,"turns":6.0},{"damage":35.0,"enemies":"Fading Forest","floor":16.0,"turns":14.0},{"damage":12.0,"enemies":"Spheric Guardian","floor":18.0,"turns":6.0},{"damage":0.0,"enemies":"Chosen","floor":21.0,"turns":4.0},{"damage":1.0,"enemies":"Snake Plant","floor":22.0,"turns":4.0},{"damage":14.0,"enemies":"Book of Stabbing","floor":23.0,"turns":4.0},{"damage":0.0,"enemies":"Gremlin Leader","floor":25.0,"turns":5.0},{"damage":2.0,"enemies":"Shelled Parasite and Fungi","floor":27.0,"turns":5.0},{"damage":0.0,"enemies":"Cultist and Chosen","floor":28.0,"turns":8.0},{"damage":15.0,"enemies":"Book of Stabbing","floor":31.0,"turns":5.0},{"damage":8.0,"enemies":"Automaton","floor":33.0,"turns":11.0},{"damage":0.0,"enemies":"3 Darklings","floor":35.0,"turns":4.0},{"damage":7.0,"enemies":"3 Shapes","floor":37.0,"turns":3.0},{"damage":0.0,"enemies":"Jaw Worm Horde","floor":39.0,"turns":3.0},{"damage":43.0,"enemies":"Nemesis","floor":40.0,"turns":8.0},{"damage":8,"enemies":"R_Hoarder","floor":45,"turns":8},{"damage":0,"enemies":"Transient","floor":48,"turns":7},{"damage":0,"enemies":"Spire Growth","floor":49,"turns":4},{"damage":15,"enemies":"Writhing Mass","floor":50,"turns":6},{"damage":20,"enemies":"Replay:Hell Engine","floor":52,"turns":14},{"damage":30,"enemies":"Donu and Deca","floor":53,"turns":2}],"seed_played":"97063037876300257","potions_obtained":[{"floor":1.0,"key":"Milkshake"},{"floor":5.0,"key":"AttackPotion"},{"floor":18.0,"key":"Fire Potion"},{"floor":21.0,"key":"Regen Potion"},{"floor":27.0,"key":"Dexterity Potion"},{"floor":40.0,"key":"EntropicBrew"},{"floor":45,"key":"Weak Potion"},{"floor":49,"key":"Regen Potion"}],"is_trial":false,"path_per_floor":["M","?","?","M","M","E","$","?","T","M","R","M","M","E","R","B",null,"M","?","$","M","M","E","R","E","T","M","M","?","$","E","R","B",null,"M","?","M","?","M","E","R","$","T","?","E","PTL","PTL","M","M","M","R","B","B"],"character_chosen":"WATCHER","items_purchased":["Vault"],"campfire_rested":2,"item_purchase_floors":[7],"current_hp_per_floor":[59,59,59,47,47,47,47,47,47,38,38,38,22,14,34,7,53,41,41,41,41,40,38,58,58,58,56,56,56,56,41,41,33,59,59,59,52,52,52,9,29,29,29,29,21,21,21,31,31,16,16,26,0,0],"gold":497,"neow_bonus":"BOSS_RELIC","is_daily":false,"chose_seed":false,"campfire_upgraded":1,"win_rate":0.0,"timestamp":1612047422,"path_taken":["M","?","?","M","?","E","?","?","T","M","R","M","M","E","R","BOSS","M","?","$","M","M","E","R","E","T","?","M","?","?","E","R","BOSS","M","?","M","?","?","E","R","$","T","?","E","PTL","PTL","M","?","M","R","BOSS","BOSS"],"items_purchased_type":["Card"],"build_version":"2020-11-17","purchased_purges":3,"victory":false,"max_hp_per_floor":[68,68,68,68,68,68,68,68,68,68,68,68,68,68,68,68,68,68,68,68,68,68,68,68,68,68,68,68,68,68,68,68,68,68,68,68,68,68,68,68,68,68,68,68,68,68,68,68,68,68,68,68,68,68],"card_choices":[{"not_picked":["Pray","ClearTheMind"],"picked":"Consecrate","floor":1.0},{"not_picked":["Replay:Hum","SashWhip"],"picked":"ForeignInfluence","floor":4.0},{"not_picked":["Pray","Replay:Hum"],"picked":"EmptyFist","floor":5.0},{"not_picked":["EmptyFist","Replay:Anticipation"],"picked":"Consecrate","floor":6.0},{"not_picked":["SignatureMove","Consecrate"],"picked":"CutThroughFate","floor":10.0},{"not_picked":["ClearTheMind","CrushJoints"],"picked":"Replay:AtTheReady","floor":12.0},{"not_picked":["SandsOfTime","EmptyBody"],"picked":"Protect","floor":13.0},{"not_picked":["Nirvana","FlurryOfBlows"],"picked":"LessonLearned","floor":14.0},{"not_picked":["LessonLearned","Devotion"],"picked":"SpiritShield","floor":16.0},{"not_picked":["Protect","Replay:Cycle","ClearTheMind"],"picked":"SKIP","floor":18.0},{"not_picked":["FlyingSleeves+1","CrushJoints+1"],"picked":"Replay:Anticipation","floor":21.0},{"not_picked":["ClearTheMind","TalkToTheHand"],"picked":"InnerPeace","floor":22.0},{"not_picked":["InnerPeace","FollowUp"],"picked":"Sanctity","floor":23.0},{"not_picked":["Vengeance+1","Evaluate"],"picked":"FearNoEvil+1","floor":25.0},{"not_picked":["Replay:ManipulateFuture","MentalFortress","Halt"],"picked":"LikeWater+1","floor":27.0},{"not_picked":["JustLucky","ThirdEye","SandsOfTime"],"picked":"FlurryOfBlows","floor":28.0},{"not_picked":["Halt","Weave","Evaluate","Replay:BluntJabs"],"picked":"SKIP","floor":31.0},{"not_picked":["DevaForm","Replay:LoomingThreat","MasterReality"],"picked":"Omniscience","floor":33.0},{"not_picked":["Weave","CrushJoints+1","CutThroughFate"],"picked":"Vengeance+1","floor":35.0},{"not_picked":["Halt+1","InnerPeace","BowlingBash+1","Protect"],"picked":"SKIP","floor":37.0},{"not_picked":["Protect","ClearTheMind","PathToVictory","Indignation"],"picked":"SKIP","floor":39.0},{"not_picked":["SashWhip","Crescendo","BowlingBash","ClearTheMind"],"picked":"SKIP","floor":40.0},{"not_picked":["WaveOfTheHand","ReachHeaven","WreathOfFlame","Perseverance"],"picked":"SKIP","floor":45},{"not_picked":["Replay:ManipulateFuture","Scrawl","ClearTheMind"],"picked":"Wallop","floor":48},{"not_picked":["Replay:Cycle+1","Halt+1","Adaptation+1"],"picked":"TalkToTheHand+1","floor":49},{"not_picked":["ReachHeaven","Prostrate","Replay:BluntJabs"],"picked":"TalkToTheHand+1","floor":50}],"player_experience":180414,"relics_obtained":[{"floor":3.0,"key":"Replay:Multitool"},{"floor":6.0,"key":"Torii"},{"floor":9.0,"key":"Replay:Kaleidoscope"},{"floor":14.0,"key":"ReplayTheSpireMod:Lightbulb"},{"floor":23.0,"key":"Incense Burner"},{"floor":25.0,"key":"Toy Ornithopter"},{"floor":26.0,"key":"Question Card"},{"floor":31.0,"key":"Replay:Wax Seal"},{"floor":32.0,"key":"Whetstone"},{"floor":40.0,"key":"Potion Belt"},{"floor":45,"key":"Replay:Accelerometer"}],"event_choices":[{"damage_healed":0.0,"max_hp_gain":0.0,"max_hp_loss":0.0,"gold_gain":0.0,"event_name":"Wheel of Change","player_choice":"Relic","floor":3.0,"gold_loss":0.0,"damage_taken":0.0},{"damage_healed":0.0,"max_hp_gain":0.0,"max_hp_loss":0.0,"gold_gain":0.0,"event_name":"Living Wall","player_choice":"Grow","floor":8.0,"gold_loss":0.0,"damage_taken":0.0,"cards_upgraded":["Vault"]},{"damage_healed":0.0,"max_hp_gain":0.0,"max_hp_loss":0.0,"gold_gain":0.0,"event_name":"Match and Keep!","player_choice":"0 cards matched","floor":19.0,"gold_loss":0.0,"damage_taken":0.0,"cards_obtained":[]},{"damage_healed":0.0,"max_hp_gain":0.0,"max_hp_loss":0.0,"gold_gain":50.0,"event_name":"Nest","player_choice":"Stole From Cult","floor":29.0,"gold_loss":0.0,"damage_taken":0.0},{"damage_healed":0.0,"max_hp_gain":0.0,"max_hp_loss":0.0,"gold_gain":0.0,"event_name":"SensoryStone","player_choice":"Memory 1","floor":36.0,"gold_loss":0.0,"damage_taken":0.0},{"damage_healed":0.0,"max_hp_gain":0.0,"max_hp_loss":0.0,"gold_gain":0.0,"event_name":"Accursed Blacksmith","player_choice":"Forge","floor":38.0,"gold_loss":0.0,"damage_taken":0.0,"cards_upgraded":["Omniscience"]},{"damage_healed":0,"gold_gain":0,"player_choice":"Ignored","damage_taken":0,"max_hp_gain":0,"max_hp_loss":0,"event_name":"SecretPortal","floor":44,"gold_loss":0}],"is_beta":true,"boss_relics":[{"not_picked":["Kintsugi","Philosopher\u0027s Stone"],"picked":"Runic Pyramid"},{"not_picked":["Replay:Drink Me","Tiny House"],"picked":"Replay:Wanted Poster"}],"items_purged_floors":[20,30,42],"is_endless":false,"potions_floor_spawned":[1,5,6,10,13,18,21,27,31,33,40,45,49],"killed_by":"Donu and Deca","ascension_level":20}}