{"host":"15f3wpiimhe5yrng","time":1612030276,"event":{"mods":["BaseMod","Better Altar","Better Match","Better Note","Better Sensory Stone","Better Skull","Better Third Choice","Colored Map","Downfall","GifTheSpireLib","Good Game Mod","Minty Spire (QoL Compilation)","Permanent Neow","StSLib"],"gold_per_floor":[115,126,51,66,66,91,109,126,151,182,210,266,293,346,358,481,493,531,543,555,576,498,510,566,597,609,648,660,708,159,201,201,311,311,332,332,332,350,369,400,428,447,472,510,526,558,571,571,571,571,571,571,0,39,39],"floor_reached":56,"language":"ENG","playtime":3392,"items_purged":["Strike_R","Strike_R","Strike_R"],"score":1344,"play_id":"c23d0275-4c26-455f-91b2-805e080de1d6","local_time":"20210130191116","is_ascension_mode":false,"campfire_choices":[{"data":"Armaments","floor":15,"key":"SMITH"},{"data":"Dark Embrace","floor":23,"key":"SMITH"},{"floor":32,"key":"REST"},{"floor":49,"key":"RECALL"},{"data":"Evolve","floor":52,"key":"SMITH"}],"circlet_count":0,"master_deck":["Strike_R","Strike_R+1","Defend_R","Bash","Immolate+1","Disarm","Infernal Blade","Iron Wave","Feed+1","Dark Embrace+1","Wild Strike","Armaments+1","Anger","Evolve+1","Feel No Pain","Immolate","Dual Wield","Searing Blow","Feel No Pain","Reckless Charge+1","Shockwave+1","Fire Breathing","True Grit","Power Through+1","Sever Soul","Immolate","Wild Strike+1","Discovery","Dark Shackles","Disarm+1","Corruption+1","Exhume+1","Feel No Pain"],"relics":["Burning Blood","REME:ComplimentaryCards","Orichalcum","MawBank","CeramicFish","Juzu Bracelet","Mark of Pain","Singing Bowl","Regal Pillow","Strawberry","Pocketwatch","Boot","Bird Faced Urn","Bronze Scales","SlaversCollar","Blood Vial","Shuriken","Du-Vu Doll","Medical Kit","War Paint","Whetstone"],"acts_visited":["Exordium","TheCity","TheBeyond","TheEnding"],"potions_floor_usage":[16,29,31,33,44,50,55,55,55],"damage_taken":[{"damage":0,"enemies":"Small Slimes","floor":1,"turns":3},{"damage":2,"enemies":"Cultist","floor":2,"turns":4},{"damage":6,"enemies":"Jaw Worm","floor":4,"turns":2},{"damage":19,"enemies":"Gremlin Nob","floor":6,"turns":4},{"damage":2,"enemies":"Blue Slaver","floor":7,"turns":5},{"damage":7,"enemies":"Red Slaver","floor":8,"turns":3},{"damage":19,"enemies":"Exordium Thugs","floor":10,"turns":6},{"damage":0,"enemies":"3 Louse","floor":11,"turns":1},{"damage":20,"enemies":"Lagavulin","floor":12,"turns":5},{"damage":17,"enemies":"Blue Slaver","floor":13,"turns":7},{"damage":22,"enemies":"3 Sentries","floor":14,"turns":6},{"damage":22,"enemies":"Hexaghost","floor":16,"turns":10},{"damage":26,"enemies":"Spheric Guardian","floor":18,"turns":7},{"damage":77,"enemies":"Slavers","floor":24,"turns":6},{"damage":0,"enemies":"Chosen","floor":25,"turns":4},{"damage":20,"enemies":"Snake Plant","floor":27,"turns":4},{"damage":29,"enemies":"Book of Stabbing","floor":29,"turns":6},{"damage":31,"enemies":"Slavers","floor":31,"turns":6},{"damage":40,"enemies":"Collector","floor":33,"turns":9},{"damage":16,"enemies":"Orb Walker","floor":35,"turns":4},{"damage":5,"enemies":"3 Shapes","floor":39,"turns":2},{"damage":47,"enemies":"Giant Head","floor":40,"turns":9},{"damage":21,"enemies":"3 Darklings","floor":41,"turns":6},{"damage":10,"enemies":"Sphere and 2 Shapes","floor":42,"turns":5},{"damage":25,"enemies":"Nemesis","floor":44,"turns":5},{"damage":3,"enemies":"Writhing Mass","floor":45,"turns":5},{"damage":45,"enemies":"Giant Head","floor":46,"turns":8},{"damage":14,"enemies":"Jaw Worm Horde","floor":47,"turns":4},{"damage":49,"enemies":"Donu and Deca","floor":50,"turns":8},{"damage":27,"enemies":"Shield and Spear","floor":54,"turns":5},{"damage":88,"enemies":"The Heart","floor":55,"turns":9}],"seed_played":"-7353557338843637021","potions_obtained":[{"floor":4,"key":"Ancient Potion"},{"floor":7,"key":"SpeedPotion"},{"floor":10,"key":"BloodPotion"},{"floor":12,"key":"hexamod:SoulburnPotion"},{"floor":16,"key":"SneckoOil"},{"floor":31,"key":"Energy Potion"},{"floor":39,"key":"Weak Potion"},{"floor":40,"key":"AttackPotion"},{"floor":46,"key":"bronze:BurnAndBuffPotion"},{"floor":47,"key":"LiquidMemories"},{"floor":54,"key":"SteroidPotion"}],"is_trial":false,"path_per_floor":["M","M","$","M","?","E","M","M","T","M","M","E","M","E","R","B",null,"M","?","T","?","?","R","E","M","T","M","T","E","$","E","R","B",null,"M","?","?","?","M","E","M","M","T","E","M","E","M","?","R","B",null,"R","$","E","B",null],"character_chosen":"IRONCLAD","items_purchased":["Fire Breathing","True Grit","Power Through","Bird Faced Urn","Medical Kit","Exhume","War Paint"],"campfire_rested":1,"item_purchase_floors":[30,30,30,30,53,53,53],"current_hp_per_floor":[78,82,82,82,82,69,76,78,78,68,74,63,55,42,42,29,117,100,100,100,100,100,100,33,39,46,32,32,35,35,20,75,51,135,128,128,128,128,133,102,103,113,113,110,129,106,110,110,110,83,163,163,163,149,87],"gold":39,"neow_bonus":"TWENTY_PERCENT_HP_BONUS","is_daily":false,"chose_seed":false,"campfire_upgraded":3,"win_rate":0.0,"timestamp":1612030276,"path_taken":["M","M","$","M","?","E","M","M","T","M","M","E","M","E","R","BOSS","M","?","?","?","?","R","E","M","T","M","?","E","$","E","R","BOSS","M","?","?","?","M","E","M","M","T","E","M","E","M","?","R","BOSS","R","$","E","BOSS"],"items_purchased_type":["Card","Card","Card","Relic","Relic","Card","Relic"],"build_version":"2020-12-22","purchased_purges":3,"victory":true,"max_hp_per_floor":[96,96,96,96,96,96,99,102,102,105,105,108,111,114,114,117,117,120,120,120,120,120,120,124,124,131,131,131,131,131,135,135,135,135,135,135,135,135,137,143,147,149,149,153,155,157,163,163,163,163,163,163,163,163,167],"card_choices":[{"not_picked":["Entrench","Havoc"],"picked":"Disarm","floor":1},{"not_picked":["Cleave","Clash"],"picked":"Infernal Blade","floor":2},{"not_picked":["Twin Strike","Entrench"],"picked":"Iron Wave","floor":4},{"not_picked":["Power Through","Evolve"],"picked":"Feed","floor":6},{"not_picked":["Body Slam","Rage"],"picked":"Dark Embrace","floor":7},{"not_picked":["Thunderclap","Flex"],"picked":"Wild Strike","floor":8},{"not_picked":["Clothesline","Warcry"],"picked":"Armaments","floor":10},{"not_picked":["Clash","Barricade"],"picked":"Anger","floor":11},{"not_picked":["Sword Boomerang","Flex"],"picked":"Evolve","floor":12},{"not_picked":["Perfected Strike","Battle Trance","Body Slam"],"picked":"SKIP","floor":13},{"not_picked":["Thunderclap","Sword Boomerang"],"picked":"Feel No Pain","floor":14},{"not_picked":["Limit Break","Berserk"],"picked":"Immolate","floor":16},{"not_picked":["Iron Wave","Flex"],"picked":"Dual Wield","floor":18},{"not_picked":["Shrug It Off","Headbutt"],"picked":"Feel No Pain","floor":24},{"not_picked":["Havoc","Perfected Strike"],"picked":"Pommel Strike+1","floor":25},{"not_picked":["Thunderclap+1","Sword Boomerang"],"picked":"Reckless Charge+1","floor":27},{"not_picked":["Sword Boomerang","Shrug It Off"],"picked":"Shockwave+1","floor":29},{"not_picked":["Havoc","Perfected Strike"],"picked":"Sever Soul","floor":31},{"not_picked":["Reaper","Double Tap"],"picked":"Immolate","floor":33},{"not_picked":["Thunderclap+1","Twin Strike"],"picked":"Wild Strike+1","floor":35},{"not_picked":["Enlightenment","Transmutation"],"picked":"Discovery","floor":38},{"not_picked":["Transmutation","Madness"],"picked":"Dark Shackles","floor":38},{"not_picked":["Clash","Spot Weakness","Shrug It Off+1"],"picked":"Singing Bowl","floor":39},{"not_picked":["Wild Strike","Whirlwind","Twin Strike+1"],"picked":"Singing Bowl","floor":40},{"not_picked":["Havoc","Feel No Pain"],"picked":"Disarm+1","floor":41},{"not_picked":["Rage+1","Heavy Blade+1","Shrug It Off+1"],"picked":"Singing Bowl","floor":42},{"not_picked":["Headbutt+1","Impervious"],"picked":"Corruption","floor":44},{"not_picked":["Wild Strike+1","Thunderclap+1","Headbutt+1"],"picked":"Singing Bowl","floor":45},{"not_picked":["Body Slam+1","Sever Soul+1","Headbutt+1"],"picked":"Singing Bowl","floor":46},{"not_picked":["Clothesline","Shrug It Off","Combust"],"picked":"Singing Bowl","floor":47},{"not_picked":["Sever Soul+1","Twin Strike"],"picked":"Feel No Pain","floor":54}],"player_experience":100705,"relics_obtained":[{"floor":6,"key":"Orichalcum"},{"floor":9,"key":"MawBank"},{"floor":12,"key":"CeramicFish"},{"floor":14,"key":"Juzu Bracelet"},{"floor":20,"key":"Singing Bowl"},{"floor":24,"key":"Regal Pillow"},{"floor":26,"key":"Strawberry"},{"floor":28,"key":"Pocketwatch"},{"floor":29,"key":"Boot"},{"floor":31,"key":"Bronze Scales"},{"floor":40,"key":"Blood Vial"},{"floor":44,"key":"Shuriken"},{"floor":46,"key":"Du-Vu Doll"},{"floor":54,"key":"Whetstone"}],"event_choices":[{"cards_removed":["Defend_R"],"damage_healed":0,"gold_gain":0,"player_choice":"Offered Basic","damage_taken":0,"max_hp_gain":0,"max_hp_loss":0,"event_name":"Bonfire Elementals","floor":5,"gold_loss":0},{"damage_healed":0,"gold_gain":0,"player_choice":"Ignored","damage_taken":0,"max_hp_gain":0,"max_hp_loss":0,"event_name":"betterNote:BetterNote","floor":19,"gold_loss":0,"cards_obtained":["A Thousand Cuts"]},{"damage_healed":0,"gold_gain":0,"cards_transformed":["Defend_R"],"player_choice":"Transformed","damage_taken":0,"max_hp_gain":0,"max_hp_loss":0,"event_name":"Transmorgrifier","floor":21,"gold_loss":0,"cards_obtained":["Searing Blow"]},{"cards_removed":["Defend_R"],"damage_healed":0,"gold_gain":0,"player_choice":"Upgrade and Remove","damage_taken":0,"max_hp_gain":0,"max_hp_loss":0,"event_name":"Designer","floor":22,"gold_loss":90,"cards_upgraded":["Feed"]},{"damage_healed":0,"gold_gain":0,"player_choice":"Ignored","damage_taken":0,"max_hp_gain":0,"max_hp_loss":0,"event_name":"Tomb of Lord Red Mask","floor":36,"gold_loss":0},{"cards_removed":["Pommel Strike"],"damage_healed":0,"gold_gain":0,"player_choice":"Removed Attack","damage_taken":0,"max_hp_gain":0,"max_hp_loss":0,"event_name":"Falling","floor":37,"gold_loss":0},{"damage_healed":0,"gold_gain":3,"player_choice":"1","damage_taken":0,"max_hp_gain":0,"max_hp_loss":0,"event_name":"betterStone:BetterStone","floor":38,"gold_loss":0},{"damage_healed":0,"gold_gain":0,"player_choice":"Upgraded","damage_taken":0,"max_hp_gain":0,"max_hp_loss":0,"event_name":"Upgrade Shrine","floor":48,"gold_loss":0,"cards_upgraded":["Corruption"]}],"is_beta":false,"boss_relics":[{"not_picked":["bronze:MakeshiftBattery","Tiny House"],"picked":"Mark of Pain"},{"not_picked":["Velvet Choker","Pandora\u0027s Box"],"picked":"SlaversCollar"}],"items_purged_floors":[3,30,53],"is_endless":false,"potions_floor_spawned":[4,7,10,11,12,13,16,18,24,31,39,40,42,46,47,54],"ascension_level":0}}