{"host":"xjs3b8lu14idcd3l","time":1612024477,"event":{"mods":["Act Like it!","BaseMod","CapriCore","Friendly Minions","Gensokyo","Kiyohime£®«Âºß£©","Koishi","Marisa£®ÏF”Í°°ƒß¿Ì…≥£©","Minty Spire (QoL Compilation)","Prisma Mod","Reimu£®≤©¿ˆ¡È√Œ£©","Remilia£®¿Ÿ√◊¿Ú—«£©","Replay The Spire","StSLib","The Administrix","The Immortal","The Servant 0.9.4","Youmu£®ªÍ∆«—˝√Œ£©","Yuyuko"],"gold_per_floor":[15,15,15,15,35,62,77,95,95,95,124,124,85,114,114,213,213,232,232,232,247,207,238,250,291,329,341,58,77,112,37,37,141,141,154,173,173,108,108,140,140,140,140],"floor_reached":42,"language":"ZHS","playtime":2091,"items_purged":["KiyohimeMod:Defend"],"score":536,"play_id":"4f440ea5-bd13-46ae-a9ca-5e145ef335df","local_time":"20210131003437","is_ascension_mode":true,"campfire_choices":[{"floor":10,"key":"REST"},{"floor":12,"key":"REST"},{"data":"KiyohimeMod:HotSpringOfTheMoon","floor":15,"key":"SMITH"},{"floor":24,"key":"REST"},{"floor":32,"key":"REST"},{"floor":41,"key":"REST"}],"circlet_count":0,"master_deck":["KiyohimeMod:Strike","KiyohimeMod:Strike","KiyohimeMod:Strike","KiyohimeMod:Defend+1","KiyohimeMod:Defend","KiyohimeMod:Defend+1","KiyohimeMod:Track","KiyohimeMod:FlameKiss+1","KiyohimeMod:Shapeshift+1","KiyohimeMod:Destruction","KiyohimeMod:DragonVein","KiyohimeMod:FirstPremonition+1","KiyohimeMod:HotSpringOfTheMoon+1","KiyohimeMod:RealityMarble+1","KiyohimeMod:CommandCard_Arts+1","KiyohimeMod:Berserker+1","KiyohimeMod:HotSpringOfTheMoon+1","KiyohimeMod:JeweledSword+1","KiyohimeMod:BlueBlackKey+1","Gensokyo:Doppelganger","KiyohimeMod:Berserker","KiyohimeMod:JeweledSword+1","KiyohimeMod:CastleOfTheSun","Gensokyo:LockedMedkit","KiyohimeMod:ExSpicyMapoTofu"],"relics":["KiyohimeMod:FireDragon","Gremlin Food","Thread and Needle","White Beast Statue","War Paint","Replay:Bottled Eggs","SlaversCollar","Omamori","ReplayTheSpireMod:Lightbulb","Toolbox","Blood Vial","TungstenRod","KiyohimeMod:Bond","Tea:ReiMu"],"acts_visited":["Gensokyo:Gensokyo","Gensokyo:Gensokyoer","Gensokyo:Gensokyoest"],"potions_floor_usage":[6,7,11,16,16,23,23,25,29,30,33,35,36,42],"damage_taken":[{"damage":0,"enemies":"Gensokyo:3_Fairies","floor":1,"turns":4},{"damage":15,"enemies":"Gensokyo:Gryphon","floor":5,"turns":4},{"damage":12,"enemies":"Gensokyo:Aya","floor":6,"turns":6},{"damage":0,"enemies":"Gensokyo:Python","floor":7,"turns":2},{"damage":5,"enemies":"Gensokyo:Gryphon_and_Rabbit","floor":8,"turns":4},{"damage":5,"enemies":"Gensokyo:Mamizou","floor":11,"turns":9},{"damage":2,"enemies":"Gensokyo:Cirno","floor":14,"turns":6},{"damage":19,"enemies":"Gensokyo:Yukari","floor":16,"turns":9},{"damage":11,"enemies":"Gensokyo:AngelMirror","floor":18,"turns":4},{"damage":0,"enemies":"Gensokyo:2_Gloops","floor":21,"turns":4},{"damage":24,"enemies":"Gensokyo:Koishi","floor":23,"turns":5},{"damage":23,"enemies":"Gensokyo:Reisen","floor":25,"turns":5},{"damage":36,"enemies":"Gensokyo:Slime_Group","floor":29,"turns":5},{"damage":7,"enemies":"Gensokyo:Koishi","floor":30,"turns":4},{"damage":22,"enemies":"Gensokyo:Eternal_Rivals","floor":33,"turns":9},{"damage":26,"enemies":"Gensokyo:3_Boulders","floor":35,"turns":5},{"damage":15,"enemies":"Gensokyo:AncientGuardian","floor":36,"turns":5},{"damage":22,"enemies":"Gensokyo:Doremy","floor":40,"turns":5},{"damage":58,"enemies":"Gensokyo:Marisa","floor":42,"turns":2}],"seed_played":"3322353496761361519","potions_obtained":[{"floor":1,"key":"PowerPotion"},{"floor":6,"key":"AttackPotion"},{"floor":7,"key":"Weak Potion"},{"floor":11,"key":"Energy Potion"},{"floor":14,"key":"Adrenaline Potion"},{"floor":16,"key":"PowerPotion"},{"floor":18,"key":"Fire Potion"},{"floor":21,"key":"FairyPotion"},{"floor":23,"key":"Weak Potion"},{"floor":25,"key":"Adrenaline Potion"},{"floor":29,"key":"DistilledChaos"},{"floor":30,"key":"Adrenaline Potion"},{"floor":33,"key":"Explosive Potion"},{"floor":35,"key":"SpeedPotion"},{"floor":36,"key":"FairyPotion"},{"floor":40,"key":"AttackPotion"}],"is_trial":false,"path_per_floor":["M","?","?","?","M","E","M","M","T","R","E","R","$","E","R","B",null,"M","?","?","M","?","E","R","E","T","?","COS","M","E","$","R","B",null,"M","M","?","COS","?","E","R","E"],"character_chosen":"Kiyohime","items_purchased":["KiyohimeMod:Berserker+1"],"campfire_rested":5,"item_purchase_floors":[13],"current_hp_per_floor":[60,60,60,60,45,33,33,28,28,46,41,59,59,57,57,38,60,49,49,49,49,49,25,41,18,18,42,42,6,16,16,32,12,54,28,15,15,15,15,16,32,0,0],"gold":140,"neow_bonus":"THREE_RARE_CARDS","is_daily":false,"chose_seed":false,"campfire_upgraded":1,"win_rate":0.0,"timestamp":1612024477,"path_taken":["M","?","?","?","M","E","M","M","T","R","E","R","$","E","R","BOSS","M","?","?","M","?","E","R","E","T","?","COS","?","E","$","R","BOSS","M","M","?","COS","?","E","R","E"],"items_purchased_type":["Card"],"build_version":"2020-12-22","purchased_purges":1,"victory":false,"max_hp_per_floor":[60,60,60,60,60,60,60,60,60,60,60,60,60,60,60,60,60,60,60,54,54,54,54,54,54,54,54,54,54,54,54,54,54,54,54,54,54,54,54,54,54,54,54],"card_choices":[{"not_picked":["KiyohimeMod:GoldenCarpFigure","KiyohimeMod:FiringTheFirstArrow"],"picked":"KiyohimeMod:Destruction","floor":0},{"not_picked":["KiyohimeMod:CommandCard_Quick","KiyohimeMod:BeElegant"],"picked":"KiyohimeMod:DragonVein","floor":1},{"not_picked":["KiyohimeMod:CommandCard_Buster","KiyohimeMod:Grimoire"],"picked":"KiyohimeMod:FirstPremonition","floor":5},{"not_picked":["KiyohimeMod:SteelTraining","KiyohimeMod:WaterTurn"],"picked":"KiyohimeMod:HotSpringOfTheMoon","floor":6},{"not_picked":["KiyohimeMod:GreenBlackKey","KiyohimeMod:WaterTurn"],"picked":"KiyohimeMod:RealityMarble","floor":7},{"not_picked":["KiyohimeMod:CommandCard_Quick","KiyohimeMod:DivineConstruct"],"picked":"KiyohimeMod:CommandCard_Arts","floor":8},{"not_picked":["KiyohimeMod:RealityMarble","KiyohimeMod:AndSoTheShipConquers","KiyohimeMod:AgainstMagic"],"picked":"SKIP","floor":11},{"not_picked":["KiyohimeMod:BeastOfBillows","KiyohimeMod:Destruction"],"picked":"KiyohimeMod:HotSpringOfTheMoon","floor":14},{"not_picked":["KiyohimeMod:GoldenCarpFigure","KiyohimeMod:Barrier"],"picked":"KiyohimeMod:JeweledSword","floor":16},{"not_picked":["KiyohimeMod:ImaginaryAround","KiyohimeMod:Berserker"],"picked":"KiyohimeMod:BlueBlackKey+1","floor":18},{"not_picked":["Gensokyo:MonkeysPaw","Gensokyo:SpontaneousHumanCombustion"],"picked":"Gensokyo:Doppelganger","floor":20},{"not_picked":["KiyohimeMod:AndSoTheShipConquers+1","KiyohimeMod:GreenBlackKey+1","KiyohimeMod:DivineConstruct+1"],"picked":"SKIP","floor":21},{"not_picked":["KiyohimeMod:BlueBlackKey+1","KiyohimeMod:AndSoTheShipConquers+1","KiyohimeMod:GreenBlackKey"],"picked":"SKIP","floor":23},{"not_picked":["KiyohimeMod:BlueBlackKey","KiyohimeMod:FacelessMoon"],"picked":"KiyohimeMod:Berserker","floor":25},{"not_picked":["KiyohimeMod:GreenBlackKey","KiyohimeMod:WaterTurn","KiyohimeMod:SteelTraining"],"picked":"SKIP","floor":29},{"not_picked":["KiyohimeMod:BlueBlackKey+1","KiyohimeMod:AndSoTheShipConquers+1"],"picked":"KiyohimeMod:JeweledSword+1","floor":30},{"not_picked":["KiyohimeMod:CommandCard_Buster","KiyohimeMod:Berserker","KiyohimeMod:Preemptive+1"],"picked":"SKIP","floor":30},{"not_picked":["KiyohimeMod:FragmentsOf2030","KiyohimeMod:HeroCreation"],"picked":"KiyohimeMod:CastleOfTheSun","floor":33},{"not_picked":["KiyohimeMod:Destruction","KiyohimeMod:FragmentsOf2030"],"picked":"KiyohimeMod:AVerseOfBurningLoveStory","floor":33},{"not_picked":["KiyohimeMod:GreenBlackKey+1","KiyohimeMod:BlueBlackKey+1","KiyohimeMod:DragonVein+1"],"picked":"SKIP","floor":35},{"not_picked":["KiyohimeMod:Preemptive","KiyohimeMod:Berserker+1","KiyohimeMod:AndSoTheShipConquers"],"picked":"SKIP","floor":36},{"not_picked":["KiyohimeMod:GreenBlackKey+1","KiyohimeMod:RedBlackKey+1"],"picked":"KiyohimeMod:ExSpicyMapoTofu","floor":40}],"player_experience":190459,"relics_obtained":[{"floor":6,"key":"Thread and Needle"},{"floor":9,"key":"White Beast Statue"},{"floor":11,"key":"War Paint"},{"floor":14,"key":"Replay:Bottled Eggs"},{"floor":23,"key":"MawBank"},{"floor":25,"key":"Omamori"},{"floor":26,"key":"ReplayTheSpireMod:Lightbulb"},{"floor":30,"key":"Blood Vial"},{"floor":40,"key":"Tea:ReiMu"}],"event_choices":[],"is_beta":false,"boss_relics":[{"not_picked":["Tiny House","RedLine:ReiMu"],"picked":"SlaversCollar"},{"not_picked":["Painkiller Herb","Astrolabe"],"picked":"KiyohimeMod:Bond"}],"items_purged_floors":[31],"is_endless":false,"potions_floor_spawned":[1,6,7,11,14,16,18,21,23,25,29,30,33,35,36,40],"killed_by":"Gensokyo:Marisa","ascension_level":2}}