{"host":"q6r63elxu27obe7v","time":1612033270,"event":{"mods":["2.2 Compatiblity","AchievementEnabler","BaseMod","CapriCore","DeckTracker","Keyboard Shortcuts","Minty Spire (QoL Compilation)","Permanent Neow","Quick Restart","StSLib","SuperFastMode","¡¼?Úª?ø«¡½REMEMod"],"gold_per_floor":[17,17,17,40,54,87,87,103,127,127,202,167,192,206,206,327,327,352,102,102,114,141,153,165,220,257,269,269],"floor_reached":27,"language":"KOR","playtime":1057,"items_purged":["Strike_R"],"score":231,"play_id":"90ea6f0a-0fec-4637-a0af-3fab2cd20667","local_time":"20210131040110","is_ascension_mode":false,"campfire_choices":[{"floor":7,"key":"RECALL"},{"data":"Adrenaline","floor":15,"key":"SMITH"},{"floor":23,"key":"REST"}],"circlet_count":0,"master_deck":["Strike_R","Strike_R","Strike_R","Strike_R","Defend_R","Defend_R","Defend_R","Defend_R","Bash","Fiend Fire","Adrenaline+1","Cleave","Intimidate+1","Pommel Strike","REME_Cut+1","Heavy Blade","Searing Blow","Spot Weakness","Bludgeon","Carnage","Pommel Strike","Inflame+1","Flex+1"],"relics":["Burning Blood","REME_ComplimentaryCards","Golden Idol","Potion Belt","SlaversCollar","HandDrill","MawBank","Bronze Scales","Bag of Preparation"],"acts_visited":["Exordium","TheCity"],"potions_floor_usage":[6,16,16,27],"damage_taken":[{"damage":0,"enemies":"Small Slimes","floor":1,"turns":7},{"damage":5,"enemies":"2 Louse","floor":4,"turns":2},{"damage":6,"enemies":"Cultist","floor":5,"turns":3},{"damage":13,"enemies":"3 Sentries","floor":6,"turns":9},{"damage":4,"enemies":"3 Louse","floor":8,"turns":3},{"damage":2,"enemies":"Looter","floor":13,"turns":2},{"damage":0,"enemies":"Large Slime","floor":14,"turns":4},{"damage":63,"enemies":"Slime Boss","floor":16,"turns":13},{"damage":17,"enemies":"Chosen","floor":18,"turns":5},{"damage":30,"enemies":"Spheric Guardian","floor":22,"turns":4},{"damage":41,"enemies":"Slavers","floor":25,"turns":4},{"damage":35,"enemies":"Centurion and Healer","floor":27,"turns":4}],"seed_played":"4210510227435156875","potions_obtained":[{"floor":1,"key":"AttackPotion"},{"floor":3,"key":"DistilledChaos"},{"floor":3,"key":"ElixirPotion"},{"floor":3,"key":"GamblersBrew"},{"floor":5,"key":"LiquidBronze"},{"floor":13,"key":"BlessingOfTheForge"},{"floor":14,"key":"BloodPotion"},{"floor":18,"key":"FearPotion"},{"floor":22,"key":"BlessingOfTheForge"}],"is_trial":false,"path_per_floor":["M","?","?","M","M","E","R","M","T","?","?","?","M","M","R","B",null,"M","$","?","$","M","R","?","E","T","M"],"character_chosen":"IRONCLAD","items_purchased":["HandDrill","Pommel Strike"],"campfire_rested":1,"item_purchase_floors":[19,19],"current_hp_per_floor":[80,60,60,61,61,54,54,56,56,40,29,49,53,59,59,18,80,69,69,69,69,45,69,69,34,34,0,0],"gold":269,"neow_bonus":"THREE_RARE_CARDS","is_daily":false,"chose_seed":false,"campfire_upgraded":1,"win_rate":0.0,"timestamp":1612033270,"path_taken":["M","?","?","?","M","E","R","M","T","?","?","?","M","?","R","BOSS","M","$","?","$","M","R","?","E","T","M"],"items_purchased_type":["Relic","Card"],"build_version":"2020-12-22","purchased_purges":1,"victory":false,"max_hp_per_floor":[80,80,80,80,80,80,80,80,80,80,80,80,80,80,80,80,80,80,80,80,80,80,80,80,80,80,80,80],"card_choices":[{"not_picked":["Bludgeon","Corruption"],"picked":"Fiend Fire","floor":0},{"not_picked":["Flex","Rupture"],"picked":"Cleave","floor":1},{"not_picked":["True Grit","Headbutt"],"picked":"Intimidate","floor":4},{"not_picked":["True Grit","Twin Strike"],"picked":"Pommel Strike","floor":5},{"not_picked":["Warcry","Shockwave"],"picked":"REME_Cut","floor":6},{"not_picked":["Shrug It Off","Twin Strike"],"picked":"Heavy Blade","floor":8},{"not_picked":["Rupture","REME_Cut"],"picked":"Searing Blow","floor":13},{"not_picked":["Second Wind","Cleave"],"picked":"Spot Weakness","floor":14},{"not_picked":["Corruption","Juggernaut"],"picked":"Bludgeon","floor":16},{"not_picked":["Twin Strike+1","Feel No Pain+1"],"picked":"Carnage","floor":18},{"not_picked":["Anger","Iron Wave"],"picked":"Inflame+1","floor":22},{"not_picked":["Bloodletting+1","Double Tap"],"picked":"Flex+1","floor":25}],"player_experience":55499,"relics_obtained":[{"floor":6,"key":"Potion Belt"},{"floor":25,"key":"Bronze Scales"},{"floor":26,"key":"Bag of Preparation"}],"event_choices":[{"damage_healed":0,"gold_gain":0,"player_choice":"Take Damage","damage_taken":20,"relics_obtained":["Golden Idol"],"max_hp_gain":0,"max_hp_loss":0,"event_name":"Golden Idol","floor":2,"gold_loss":0},{"damage_healed":0,"gold_gain":0,"player_choice":"Got Potions","damage_taken":0,"max_hp_gain":0,"max_hp_loss":0,"event_name":"Lab","floor":3,"gold_loss":0},{"damage_healed":0,"gold_gain":0,"player_choice":"Entered Light","damage_taken":16,"max_hp_gain":0,"max_hp_loss":0,"event_name":"Shining Light","floor":10,"gold_loss":0,"cards_upgraded":["REME_Cut","Intimidate"]},{"damage_healed":0,"gold_gain":75,"player_choice":"Gather Gold","damage_taken":11,"max_hp_gain":0,"max_hp_loss":0,"event_name":"World of Goop","floor":11,"gold_loss":0},{"damage_healed":20,"gold_gain":0,"player_choice":"Healed","damage_taken":0,"max_hp_gain":0,"max_hp_loss":0,"event_name":"The Cleric","floor":12,"gold_loss":35},{"damage_healed":0,"gold_gain":0,"player_choice":"Opened","damage_taken":0,"relics_obtained":["MawBank"],"max_hp_gain":0,"max_hp_loss":0,"event_name":"The Mausoleum","floor":20,"gold_loss":0},{"damage_healed":0,"gold_gain":0,"player_choice":"Ignored","damage_taken":0,"max_hp_gain":0,"max_hp_loss":0,"event_name":"Vampires","floor":24,"gold_loss":0}],"is_beta":false,"boss_relics":[{"not_picked":["SacredBark","Empty Cage"],"picked":"SlaversCollar"}],"items_purged_floors":[19],"is_endless":false,"potions_floor_spawned":[1,5,13,14,18,22],"killed_by":"Centurion and Healer","ascension_level":0}}