{"host":"amvb77pwe2wp6zyc","time":1612010555,"event":{"mods":["2.2 Compatiblity","AchievementEnabler","AlwaysNeverKeys","BaseMod","BetterRewards","Downfall","GifTheSpireLib","Minty Spire (QoL Compilation)","Permanent Neow","Quick Restart","Relic Filter","Shop Mod","StSLib","SuperFastMode","Trackpad"],"gold_per_floor":[99,110,125,181,181,17,17,36,50,50,77,77,77,77,92,92,92,92],"floor_reached":16,"language":"DEU","playtime":965,"items_purged":[],"score":100,"play_id":"fa41024d-fc9a-46db-b3e5-5bd1e1d7151e","local_time":"20210130134235","is_ascension_mode":false,"campfire_choices":[{"data":"bronze:Replicate","floor":1,"key":"SMITH"},{"floor":10,"key":"REST"},{"floor":12,"key":"REST"}],"circlet_count":0,"master_deck":["bronze:Strike","bronze:Strike","bronze:Defend","bronze:Defend","bronze:Defend","bronze:Defend","bronze:Replicate+1"],"relics":["bronze:BronzeCore","Unceasing Top","trackpad:Mousetrap","Empty Cage","Dead Branch","trackpad:SappingStone"],"acts_visited":["Exordium"],"potions_floor_usage":[16,16,16],"damage_taken":[{"damage":5,"enemies":"Jaw Worm","floor":2,"turns":6},{"damage":2,"enemies":"2 Louse","floor":3,"turns":4},{"damage":58,"enemies":"Gremlin Nob","floor":4,"turns":6},{"damage":5,"enemies":"downfall:FleeingMerchant","floor":6,"turns":4},{"damage":0,"enemies":"Cultist","floor":8,"turns":3},{"damage":0,"enemies":"Blue Slaver","floor":9,"turns":4},{"damage":26,"enemies":"3 Sentries","floor":11,"turns":5},{"damage":3,"enemies":"2 Fungi Beasts","floor":15,"turns":4},{"damage":43,"enemies":"IC_STATUS_ARCHETYPE","floor":16,"turns":13}],"seed_played":"-1779817664852964232","potions_obtained":[{"floor":3,"key":"LiquidMemories"},{"floor":8,"key":"BlessingOfTheForge"},{"floor":9,"key":"Weak Potion"}],"is_trial":false,"path_per_floor":["R","M","M","?","?","$","T","M","M","R","E","R","?","?","M","B"],"character_chosen":"THE_AUTOMATON","items_purchased":["Empty Cage"],"campfire_rested":2,"item_purchase_floors":[6],"current_hp_per_floor":[70,65,63,5,28,23,23,23,23,44,18,39,39,39,36,0,0,0],"gold":92,"neow_bonus":"RANDOM_COMMON_RELIC","is_daily":false,"chose_seed":false,"campfire_upgraded":1,"win_rate":0.0,"timestamp":1612010555,"path_taken":["R","M","M","?","?","?","T","?","M","R","E","R","?","?","M","BOSS"],"items_purchased_type":["Relic"],"build_version":"2020-12-22","purchased_purges":0,"victory":false,"max_hp_per_floor":[70,70,70,70,70,70,70,70,70,70,70,70,70,70,70,70,70,70],"card_choices":[{"not_picked":["bronze:Branch","bronze:Shield","bronze:Iterate"],"picked":"SKIP","floor":2},{"not_picked":["bronze:DarkDash","bronze:DelayedGuard","bronze:Frontload"],"picked":"SKIP","floor":3},{"not_picked":["bronze:Invalidate","bronze:FollowUp","bronze:Branch"],"picked":"SKIP","floor":6},{"not_picked":["bronze:DelayedSlice","bronze:ItsAFeature","bronze:Invalidate"],"picked":"SKIP","floor":8},{"not_picked":["bronze:BugBarrage","bronze:DarkDash","bronze:ForceShield"],"picked":"SKIP","floor":9},{"not_picked":["bronze:Deprecate","bronze:Repulsor","bronze:Turbo"],"picked":"SKIP","floor":11},{"not_picked":["bronze:BugBarrage","bronze:DigitalCarnage","bronze:WildBeam"],"picked":"SKIP","floor":15}],"player_experience":256160,"relics_obtained":[{"floor":4,"key":"trackpad:Mousetrap"},{"floor":7,"key":"Dead Branch"},{"floor":11,"key":"trackpad:SappingStone"}],"event_choices":[{"damage_healed":23,"gold_gain":0,"player_choice":"Banana","damage_taken":0,"max_hp_gain":0,"max_hp_loss":0,"event_name":"Big Fish","floor":5,"gold_loss":0},{"cards_removed":["bronze:Flail"],"damage_healed":0,"gold_gain":0,"player_choice":"Card Removal","damage_taken":0,"max_hp_gain":0,"max_hp_loss":0,"event_name":"The Cleric","floor":14,"gold_loss":0}],"is_beta":false,"boss_relics":[],"items_purged_floors":[],"is_endless":false,"potions_floor_spawned":[3,8,9,11,15],"killed_by":"IC_STATUS_ARCHETYPE","ascension_level":0}}