{"host":"b5jaqh8y266k2cz4","time":1612037309,"event":{"mods":["AchievementEnabler","Aspiration","BaseMod","Colored Powertips","Conspire","Downfall","Googly Eyes","Hermit","Highlight Path","Hubris","Infinite Spire","MarisaÅiñ∂âJÅ@ñÇóùçπÅj","Mimic Mod","Minty Spire (QoL Compilation)","Replay The Spire","SOSÅiézîb?îVéqÅj","Spikes Relics","StSLib","Synergy Search","The Animator","The Cursed","The Jungle","The Necromancer","The Servant 0.9.4","The Wild Card","slay the spire mod where everything is the same but ironclad has a cowboy hat","Åyå˜î\ModÅz?ñæìIç≈?Boss"],"gold_per_floor":[117,117,117,117,133,133,133,133],"floor_reached":7,"language":"ENG","playtime":233,"items_purged":[],"score":41,"play_id":"e6df1a2a-928c-42b6-9f20-b81fbf006978","local_time":"20210130150829","is_ascension_mode":true,"campfire_choices":[{"floor":6,"key":"REST"}],"circlet_count":0,"master_deck":["theWildCard:BasicStrike","theWildCard:BasicStrike","theWildCard:BasicStrike","theWildCard:BasicStrike","theWildCard:BasicDefend","theWildCard:BasicDefend","theWildCard:BasicDefend","theWildCard:BasicDefend","theWildCard:CallToAdventure","theWildCard:Arsene"],"relics":["theWildCard:VelvetContract","Replay:Bottled Snecko","StoneCalendar","hubris:EvacipatedBox"],"acts_visited":["Exordium"],"potions_floor_usage":[7],"damage_taken":[{"damage":10,"enemies":"Jaw Worm","floor":1,"turns":4},{"damage":0,"enemies":"Cultist","floor":5,"turns":3},{"damage":10,"enemies":"3 Sentries","floor":7,"turns":4}],"seed_played":"-2157726304806061363","potions_obtained":[{"floor":5,"key":"Toxic Potion"}],"is_trial":false,"path_per_floor":["M","?","$","?","M","R","E"],"character_chosen":"THE_WILD_CARD","items_purchased":["StoneCalendar","hubris:EvacipatedBox"],"campfire_rested":1,"item_purchase_floors":[3,3],"current_hp_per_floor":[56,44,6,6,6,25,15,15],"gold":133,"neow_bonus":"TEN_PERCENT_HP_BONUS","is_daily":false,"chose_seed":false,"campfire_upgraded":0,"win_rate":0.0,"timestamp":1612037309,"path_taken":["M","?","?","?","?","R","E"],"items_purchased_type":["Relic","Relic"],"build_version":"2020-12-22","purchased_purges":0,"victory":false,"max_hp_per_floor":[66,66,66,66,66,66,66,66],"card_choices":[{"not_picked":["theWildCard:Patience","theWildCard:MaskChange"],"picked":"theWildCard:CryOfAgony","floor":1},{"not_picked":["theWildCard:MagicMettle","theWildCard:Alice","theWildCard:Polydeuces"],"picked":"SKIP","floor":5}],"player_experience":327855,"relics_obtained":[],"event_choices":[{"damage_healed":0,"gold_gain":0,"player_choice":"Success","damage_taken":12,"relics_obtained":["Replay:Bottled Snecko"],"max_hp_gain":0,"max_hp_loss":0,"event_name":"Scrap Ooze","floor":2,"gold_loss":0},{"cards_removed":["theWildCard:CryOfAgony"],"damage_healed":0,"gold_gain":0,"player_choice":"Purged","damage_taken":0,"max_hp_gain":0,"max_hp_loss":0,"event_name":"Purifier","floor":4,"gold_loss":0}],"is_beta":false,"boss_relics":[],"items_purged_floors":[],"is_endless":false,"potions_floor_spawned":[5],"killed_by":"3 Sentries","ascension_level":1}}