{"host":"0b7urydaxuefbgpn","time":1612030594,"event":{"mods":["Bard","BaseMod","Colored Powertips","Dio Mod","Downfall","Hermit","Jorbs\u0027s Wanderer Trilogy","Marisa????????","Minty Spire (QoL Compilation)","StSLib","The Bladedancer","The Cursed","The Disciple","The Poker Player","The Servant 0.9.4"],"gold_per_floor":[114,133,133,88,88,88,103,55,55,55,68,81,97,115,115,243,243,243],"floor_reached":17,"language":"RUS","playtime":767,"items_purged":[],"score":149,"play_id":"e766049a-4310-4be6-9d38-dbcd7c1a88b4","local_time":"20210130211634","is_ascension_mode":false,"campfire_choices":[{"data":"SecondHand","floor":6,"key":"SMITH"},{"data":"LockedScales","floor":10,"key":"SMITH"},{"floor":15,"key":"REST"}],"circlet_count":0,"master_deck":["Strike_Br","Strike_Br","Strike_Br","Strike_Br","Defend_Br","Defend_Br","Defend_Br","Defend_Br","SecondHand+1","PatternShift","HandsUpC","ExoVibe","LockedAstrolabe","HandsUpC","ReapSow","LockedScales+1","SlimeSpray","LockedUrn","ExoVibe","HandsUpC","LockedBell","Clumsy","stsjorbsmod:Procrastination","downfall:Haunted"],"relics":["Chronometer","downfall:ExtraCursedKey","Golden Idol","Pantograph","Astrolabe"],"acts_visited":["Exordium","TheCity"],"potions_floor_usage":[],"damage_taken":[{"damage":10,"enemies":"Cultist","floor":1,"turns":6},{"damage":6,"enemies":"Small Slimes","floor":2,"turns":5},{"damage":0,"enemies":"2 Louse","floor":7,"turns":3},{"damage":13,"enemies":"Exordium Wildlife","floor":11,"turns":4},{"damage":0,"enemies":"Large Slime","floor":12,"turns":6},{"damage":10,"enemies":"Red Slaver","floor":13,"turns":4},{"damage":12,"enemies":"Looter","floor":14,"turns":4},{"damage":22,"enemies":"Slime Boss","floor":16,"turns":8}],"seed_played":"7279714203151303452","potions_obtained":[{"floor":7,"key":"Dexterity Potion"},{"floor":13,"key":"hexamod:SoulburnPotion"},{"floor":14,"key":"PowerPotion"}],"is_trial":false,"path_per_floor":["M","M","?","$","?","R","M","$","T","R","M","M","M","M","R","B",null],"character_chosen":"CHRONO_CLASS","items_purchased":["HandsUpC","LockedScales"],"campfire_rested":1,"item_purchase_floors":[4,8],"current_hp_per_floor":[49,43,43,43,43,43,43,43,43,43,30,30,22,10,31,36,71,71],"gold":243,"neow_bonus":"TWENTY_PERCENT_HP_BONUS","is_daily":false,"chose_seed":false,"campfire_upgraded":2,"win_rate":0.0,"timestamp":1612030594,"path_taken":["M","?","?","$","?","R","M","$","T","R","M","M","M","M","R","BOSS"],"items_purchased_type":["Card","Card"],"build_version":"2020-12-13","purchased_purges":0,"victory":false,"max_hp_per_floor":[77,77,77,77,71,71,71,71,71,71,71,71,71,71,71,71,71,71],"card_choices":[{"not_picked":["PrimeTime","HandsUpB"],"picked":"HandsUpC","floor":1},{"not_picked":["CrunchTime","Fragmentalize"],"picked":"ExoVibe","floor":2},{"not_picked":["LockedTurtyl","HandsUpC"],"picked":"ReapSow","floor":7},{"not_picked":["Parity","HandsUpC"],"picked":"SlimeSpray","floor":11},{"not_picked":["Break","WindUp"],"picked":"LockedUrn","floor":12},{"not_picked":["WindUp","PrimeTime"],"picked":"ExoVibe","floor":13},{"not_picked":["Stagnate","CrunchTime"],"picked":"HandsUpC","floor":14},{"not_picked":["BackFourSeconds","OverTime"],"picked":"LockedBell","floor":16}],"player_experience":17872,"relics_obtained":[{"floor":9,"key":"Pantograph"}],"event_choices":[{"damage_healed":0,"gold_gain":0,"player_choice":"Lose Max HP","damage_taken":0,"relics_obtained":["Golden Idol"],"max_hp_gain":0,"max_hp_loss":6,"event_name":"Golden Idol","floor":5,"gold_loss":0}],"is_beta":false,"boss_relics":[{"not_picked":["HangingClock","Runic Dome"],"picked":"Astrolabe"}],"items_purged_floors":[],"is_endless":false,"potions_floor_spawned":[7,13,14],"ascension_level":0}}