{"host":"6pfj0wha12yu6wq3","time":1612030861,"event":{"mods":["AchievementEnabler","BaseMod","Colored Map","Colored Powertips","Curses Come First","DeckTracker","Minty Spire (QoL Compilation)","RNG Fix","Relic Sorter","Relic Stats","StSLib","UnlockEverythingMod","ojb\u0027s Better Paths Mod","ojb\u0027s Info Mod"],"gold_per_floor":[116,116,129,143,143,143,161,190,190,222,222,241,2,20,20,97,97,115,131,149,149,149,182,182,207,207,217,217,247,247,247,247,321,321,337,390,742,742,752,752,752],"floor_reached":40,"language":"ENG","playtime":3434,"items_purged":["Pain"],"score":908,"play_id":"83112cc5-5adf-480c-a0e6-4f5e8743d6ea","local_time":"20210130132101","is_ascension_mode":true,"campfire_choices":[{"data":"Bouncing Flask","floor":6.0,"key":"SMITH"},{"floor":11.0,"key":"REST"},{"data":"Doppelganger","floor":15.0,"key":"SMITH"},{"data":"Wraith Form v2","floor":24.0,"key":"SMITH"},{"floor":28.0,"key":"REST"},{"data":"Ghostly","floor":32.0,"key":"SMITH"}],"circlet_count":0,"master_deck":["AscendersBane","Strike_G+1","Strike_G+1","Strike_G+1","Strike_G+1","Strike_G+1","Defend_G+1","Defend_G+1","Defend_G+1","Defend_G+1","Defend_G+1","Survivor","Neutralize+1","Dagger Throw","Bouncing Flask+1","Quick Slash","Predator","Doppelganger+1","Tactician","Wraith Form v2+1","Distraction+1","Cloak And Dagger+1","Backflip+1","Leg Sweep","Reflex","Catalyst","Ghostly+1","Ghostly","Ghostly","Corpse Explosion","Cloak And Dagger+1","Well Laid Plans"],"relics":["Ring of the Snake","WarpedTongs","Regal Pillow","Bottled Flame","Happy Flower","Nunchaku","HoveringKite","Tiny Chest","Ornamental Fan","StrikeDummy","Pen Nib","MutagenicStrength","Coffee Dripper","Old Coin"],"acts_visited":["Exordium","TheCity","TheBeyond"],"potions_floor_usage":[],"damage_taken":[{"damage":6.0,"enemies":"Cultist","floor":1.0,"turns":5.0},{"damage":11.0,"enemies":"Jaw Worm","floor":3.0,"turns":4.0},{"damage":9.0,"enemies":"Small Slimes","floor":4.0,"turns":3.0},{"damage":0.0,"enemies":"Looter","floor":7.0,"turns":3.0},{"damage":26.0,"enemies":"Lagavulin","floor":8.0,"turns":7.0},{"damage":15.0,"enemies":"3 Sentries","floor":10.0,"turns":8.0},{"damage":4.0,"enemies":"Blue Slaver","floor":12.0,"turns":2.0},{"damage":0.0,"enemies":"3 Louse","floor":14.0,"turns":3.0},{"damage":2.0,"enemies":"The Guardian","floor":16.0,"turns":12.0},{"damage":9.0,"enemies":"Shell Parasite","floor":18.0,"turns":5.0},{"damage":7.0,"enemies":"3 Byrds","floor":19.0,"turns":6.0},{"damage":8.0,"enemies":"Snake Plant","floor":20.0,"turns":4.0},{"damage":3.0,"enemies":"Gremlin Leader","floor":23.0,"turns":8.0},{"damage":16.0,"enemies":"Book of Stabbing","floor":25.0,"turns":6.0},{"damage":0.0,"enemies":"Chosen and Byrds","floor":27.0,"turns":6.0},{"damage":12.0,"enemies":"Slavers","floor":29.0,"turns":7.0},{"damage":26.0,"enemies":"Champ","floor":33.0,"turns":14.0},{"damage":0.0,"enemies":"Orb Walker","floor":35.0,"turns":3.0},{"damage":6.0,"enemies":"2 Orb Walkers","floor":37.0,"turns":6.0},{"damage":0.0,"enemies":"3 Darklings","floor":39.0,"turns":3.0},{"damage":26,"enemies":"Giant Head","floor":40,"turns":5}],"seed_played":"-6904574413700600005","potions_obtained":[{"floor":7.0,"key":"Weak Potion"},{"floor":8.0,"key":"PowerPotion"},{"floor":14.0,"key":"SpeedPotion"},{"floor":16.0,"key":"AttackPotion"},{"floor":25.0,"key":"SteroidPotion"},{"floor":29.0,"key":"SneckoOil"},{"floor":37.0,"key":"Poison Potion"}],"is_trial":false,"path_per_floor":["M","?","M","M","?","R","M","E","T","E","R","M","$","M","R","B",null,"M","M","M","?","?","E","R","E","T","M","R","E","?","?","R","B",null,"M","T","?","?","M","E"],"character_chosen":"THE_SILENT","items_purchased":["Nunchaku"],"campfire_rested":2,"item_purchase_floors":[13],"current_hp_per_floor":[53,53,42,33,55,55,55,29,29,14,48,44,44,44,44,42,60,51,44,36,36,36,33,33,17,17,17,51,39,33,33,33,7,27,27,27,21,21,21,0,0],"gold":752,"neow_bonus":"UPGRADE_CARD","is_daily":false,"chose_seed":false,"campfire_upgraded":4,"win_rate":0.0,"timestamp":1612030861,"path_taken":["M","?","M","M","?","R","M","E","T","E","R","M","$","M","R","BOSS","M","M","M","?","?","E","R","E","T","?","R","E","?","?","R","BOSS","M","?","?","?","?","E"],"items_purchased_type":["Relic"],"build_version":"2020-12-22","purchased_purges":1,"victory":false,"max_hp_per_floor":[66,66,66,66,66,66,66,66,66,66,66,66,66,66,66,66,66,66,66,66,66,66,66,66,66,66,66,66,66,33,33,33,33,33,33,33,33,33,33,33,33],"relic_stats":{"Regal Pillow":30,"Nunchaku":[19],"Happy Flower":[30],"counters":[21,120],"Ornamental Fan":[80],"HoveringKite":[25],"Tiny Chest":1,"Pen Nib":[7],"obtain_stats":[{"Regal Pillow":8,"Happy Flower":10,"HoveringKite":17,"Pen Nib":29,"WarpedTongs":2,"Old Coin":37,"Bottled Flame":9,"Nunchaku":13,"Ornamental Fan":25,"MutagenicStrength":31,"Tiny Chest":23,"Coffee Dripper":34,"StrikeDummy":26,"Ring of the Snake":0},{"Regal Pillow":5,"Happy Flower":6,"HoveringKite":9,"Pen Nib":16,"WarpedTongs":1,"Old Coin":19,"Bottled Flame":5,"Nunchaku":7,"Ornamental Fan":14,"MutagenicStrength":16,"Tiny Chest":13,"Coffee Dripper":17,"StrikeDummy":14,"Ring of the Snake":0},{"Regal Pillow":22,"Happy Flower":30,"HoveringKite":47,"Pen Nib":89,"WarpedTongs":5,"Old Coin":112,"Bottled Flame":22,"Nunchaku":32,"Ornamental Fan":76,"MutagenicStrength":89,"Tiny Chest":70,"Coffee Dripper":103,"StrikeDummy":76,"Ring of the Snake":0}],"Ring of the Snake":[42],"WarpedTongs":[101]},"card_choices":[{"not_picked":["Crippling Poison","Skewer"],"picked":"Dagger Throw","floor":1.0},{"not_picked":["Backflip","Deadly Poison"],"picked":"Masterful Stab","floor":3.0},{"not_picked":["Dagger Throw","Backflip"],"picked":"Bouncing Flask","floor":4.0},{"not_picked":["Distraction","Choke"],"picked":"Quick Slash","floor":7.0},{"not_picked":["Distraction","Cloak And Dagger"],"picked":"Predator","floor":8.0},{"not_picked":["All Out Attack","Poisoned Stab"],"picked":"Doppelganger","floor":10.0},{"not_picked":["Riddle With Holes","Dodge and Roll","Cloak And Dagger"],"picked":"SKIP","floor":12.0},{"not_picked":["Flechettes","Accuracy"],"picked":"Tactician","floor":14.0},{"not_picked":["Phantasmal Killer","Doppelganger"],"picked":"Wraith Form v2","floor":16.0},{"not_picked":["Deflect","Bane"],"picked":"Distraction+1","floor":18.0},{"not_picked":["Prepared","All Out Attack"],"picked":"Cloak And Dagger+1","floor":19.0},{"not_picked":["Quick Slash","PiercingWail"],"picked":"Backflip+1","floor":20.0},{"not_picked":["Slice","Accuracy","Deadly Poison"],"picked":"SKIP","floor":23.0},{"not_picked":["Finisher","Quick Slash"],"picked":"Leg Sweep","floor":25.0},{"not_picked":["Noxious Fumes","Deadly Poison"],"picked":"Reflex","floor":27.0},{"not_picked":["Grand Finale","Infinite Blades"],"picked":"Catalyst","floor":29.0},{"not_picked":["Unload","A Thousand Cuts"],"picked":"Corpse Explosion","floor":33.0},{"not_picked":["Blade Dance","Skewer"],"picked":"Cloak And Dagger+1","floor":35.0},{"not_picked":["Deflect","Dash"],"picked":"Well Laid Plans","floor":39.0}],"player_experience":567215,"relics_obtained":[{"floor":8.0,"key":"Regal Pillow"},{"floor":9.0,"key":"Bottled Flame"},{"floor":10.0,"key":"Happy Flower"},{"floor":23.0,"key":"Tiny Chest"},{"floor":25.0,"key":"Ornamental Fan"},{"floor":26.0,"key":"StrikeDummy"},{"floor":29.0,"key":"Pen Nib"},{"floor":37.0,"key":"Old Coin"}],"event_choices":[{"damage_healed":0.0,"max_hp_gain":0.0,"max_hp_loss":0.0,"gold_gain":0.0,"event_name":"Accursed Blacksmith","player_choice":"Rummage","floor":2.0,"gold_loss":0.0,"damage_taken":0.0,"relics_obtained":["WarpedTongs"],"cards_obtained":["Pain"]},{"damage_healed":22.0,"max_hp_gain":0.0,"max_hp_loss":0.0,"gold_gain":0.0,"event_name":"Big Fish","player_choice":"Banana","floor":5.0,"gold_loss":0.0,"damage_taken":0.0},{"damage_healed":0.0,"max_hp_gain":0.0,"max_hp_loss":0.0,"gold_gain":0.0,"event_name":"Back to Basics","player_choice":"Simplicity","floor":21.0,"gold_loss":0.0,"damage_taken":0.0,"cards_upgraded":["Strike_G","Strike_G","Strike_G","Strike_G","Strike_G","Defend_G","Defend_G","Defend_G","Defend_G","Defend_G"]},{"damage_healed":0.0,"max_hp_gain":0.0,"max_hp_loss":0.0,"gold_gain":0.0,"event_name":"Lab","player_choice":"Got Potions","floor":22.0,"gold_loss":0.0,"damage_taken":0.0},{"damage_healed":0.0,"max_hp_gain":0.0,"max_hp_loss":33.0,"gold_gain":0.0,"event_name":"Ghosts","player_choice":"Became a Ghost","floor":30.0,"gold_loss":0.0,"damage_taken":0.0,"cards_obtained":["Ghostly","Ghostly","Ghostly"]},{"damage_healed":0.0,"max_hp_gain":0.0,"max_hp_loss":0.0,"gold_gain":0.0,"event_name":"Drug Dealer","player_choice":"Inject Mutagens","floor":31.0,"gold_loss":0.0,"damage_taken":0.0,"relics_obtained":["MutagenicStrength"]},{"damage_healed":0.0,"max_hp_gain":0.0,"max_hp_loss":0.0,"gold_gain":0.0,"event_name":"Mysterious Sphere","player_choice":"Fight","floor":37.0,"gold_loss":0.0,"damage_taken":0.0},{"cards_removed":["Masterful Stab"],"damage_healed":0.0,"max_hp_gain":0.0,"max_hp_loss":0.0,"gold_gain":0.0,"event_name":"Wheel of Change","player_choice":"Card Removal","floor":38.0,"gold_loss":0.0,"damage_taken":0.0}],"is_beta":false,"boss_relics":[{"not_picked":["Cursed Key","Ectoplasm"],"picked":"HoveringKite"},{"not_picked":["Pandora\u0027s Box","SacredBark"],"picked":"Coffee Dripper"}],"items_purged_floors":[13],"is_endless":false,"potions_floor_spawned":[7,8,14,16,18,25,29,37],"killed_by":"Giant Head","ascension_level":20}}