{"host":"h6r7r6c3xsnc1kic","time":1612009356,"event":{"mods":["BaseMod","Hermit","Koishi","Minty Spire (QoL Compilation)","Replay The Spire","StSLib","The Bug Knight","The Cursed","The Dragon Tamer","The Hierophant","The Jungle","The Poker Player","The Runesmith"],"gold_per_floor":[118,118,118,138,138,164,164,180,206,238,253,269,279,304,371,476,476,493,493,493,509,24,24,58,58,76,109,49,76,76,99,99,210,219,240,268,268,26,0,34,34,34],"floor_reached":41,"language":"KOR","playtime":2950,"items_purged":[],"score":528,"play_id":"d550a78c-db60-4aa0-8b91-ca76bab45105","local_time":"20210130212236","is_ascension_mode":false,"campfire_choices":[{"data":"Koishi:EmbersOfLove","floor":7,"key":"SMITH"},{"data":"Koishi:ImGoingToCallYouNow","floor":23,"key":"SMITH"},{"data":"Koishi:FadingMemory","floor":25,"key":"SMITH"},{"data":"Koishi:SprinkleStarAndHeart","floor":30,"key":"SMITH"},{"data":"Koishi:DanmakuParanoia","floor":32,"key":"SMITH"}],"circlet_count":0,"master_deck":["Koishi:BasicStrike","Koishi:BasicStrike","Koishi:BasicStrike","Koishi:BasicStrike","Koishi:BasicDefend","Koishi:BasicDefend","Koishi:BasicDefend","Koishi:BasicDefend","Koishi:Provoke","Koishi:HauntingSlash+1","Koishi:DreadfulBlow","Koishi:DreadfulBlow","Regret","Koishi:EmbersOfLove+1","Koishi:SprinkleStarAndHeart+1","Koishi:DanmakuParanoia+1","Koishi:FleetingPhantom","Koishi:BloodcurdlingScream","Koishi:ImGoingToCallYouNow+1","Koishi:FadingMemory+1","Koishi:EmbryosDream","Koishi:DreadfulBlow+1","Pot Of Greed","Pot Of Greed","Koishi:FleetingPhantom","Pot Of Greed","Koishi:CatchAndRose","Koishi:YoukaiPolygraph+1","Koishi:MentalBreakdown","CurseOfTheBell","Koishi:Jaunt+1","Koishi:HeartAttack+1","Koishi:JumpScare+1"],"relics":["Koishi:ImaginaryFriend","NeowsBlessing","Koishi:BloodstainedWhiteRose","Toy Ornithopter","MealTicket","Simple Rune","Vajra","Replay:Bronze Core","Replay:Baseball","CeramicFish","TheAbacus","Strawberry","Grinning Jar","Calling Bell","Omamori","HollowMod:LifeEnderRelic","Thread and Needle","Toxic Egg 2","Red Mask","Art of War"],"acts_visited":["Exordium","TheCity","TheBeyond"],"potions_floor_usage":[10,16,20,24,33,33],"damage_taken":[{"damage":0,"enemies":"Jaw Worm","floor":1,"turns":1},{"damage":0,"enemies":"2 Louse","floor":4,"turns":1},{"damage":0,"enemies":"Gremlin Nob","floor":6,"turns":1},{"damage":4,"enemies":"Small Slimes","floor":8,"turns":4},{"damage":20,"enemies":"Lagavulin","floor":10,"turns":10},{"damage":14,"enemies":"Looter","floor":11,"turns":3},{"damage":11,"enemies":"Blue Slaver","floor":12,"turns":3},{"damage":9,"enemies":"Large Slime","floor":13,"turns":6},{"damage":33,"enemies":"Fading Forest","floor":16,"turns":11},{"damage":22,"enemies":"Spheric Guardian","floor":18,"turns":4},{"damage":0,"enemies":"2 Thieves","floor":20,"turns":1},{"damage":18,"enemies":"Snecko","floor":21,"turns":5},{"damage":35,"enemies":"Book of Stabbing","floor":24,"turns":6},{"damage":15,"enemies":"Snake Plant","floor":27,"turns":5},{"damage":26,"enemies":"Shelled Parasite and Fungi","floor":29,"turns":7},{"damage":11,"enemies":"Snecko","floor":31,"turns":6},{"damage":7,"enemies":"Champ","floor":33,"turns":17},{"damage":26,"enemies":"3 Darklings","floor":35,"turns":5},{"damage":0,"enemies":"Orb Walker","floor":36,"turns":2},{"damage":66,"enemies":"Giant Head","floor":40,"turns":10},{"damage":33,"enemies":"Maw","floor":41,"turns":7}],"seed_played":"8236573594072295394","potions_obtained":[{"floor":8,"key":"Fire Potion"},{"floor":11,"key":"SmokeBomb"},{"floor":12,"key":"Energy Potion"},{"floor":18,"key":"ColorlessPotion"},{"floor":24,"key":"Strength Potion"},{"floor":29,"key":"Regen Potion"},{"floor":31,"key":"BlessingOfTheForge"},{"floor":35,"key":"EssenceOfSteel"}],"is_trial":false,"path_per_floor":["M","?","?","M","?","E","R","M","T","E","M","M","M","T","R","B",null,"M","?","M","M","$","R","E","R","T","M","?","M","R","M","R","B",null,"M","M","?","$","?","E","M"],"character_chosen":"KOISHI","items_purchased":["Replay:Baseball","CeramicFish","TheAbacus","Koishi:UnconsciousUrges","Toxic Egg 2"],"campfire_rested":0,"item_purchase_floors":[22,22,22,22,38],"current_hp_per_floor":[60,60,60,60,60,60,60,60,60,60,50,46,42,42,42,31,60,40,40,45,36,51,51,59,59,59,54,54,58,58,67,67,67,67,61,67,67,67,67,32,0,0],"gold":34,"neow_bonus":"THREE_ENEMY_KILL","is_daily":false,"chose_seed":false,"campfire_upgraded":5,"win_rate":0.0,"timestamp":1612009356,"path_taken":["M","?","?","M","?","E","R","M","T","E","M","M","M","?","R","BOSS","M","?","M","M","$","R","E","R","T","M","?","M","R","M","R","BOSS","M","M","?","$","?","E","M"],"items_purchased_type":["Relic","Relic","Relic","Card","Relic"],"build_version":"2020-12-22","purchased_purges":0,"victory":false,"max_hp_per_floor":[60,60,60,60,60,60,60,60,60,60,60,60,60,60,60,60,60,60,60,60,60,60,60,67,67,67,67,67,67,67,67,67,67,67,67,67,67,67,67,67,67,67],"card_choices":[{"not_picked":["Koishi:SpiritedAway","Koishi:GhostParty"],"picked":"Koishi:DreadfulBlow","floor":1},{"not_picked":["Koishi:Jaunt","Koishi:Untouchable"],"picked":"Koishi:DreadfulBlow","floor":4},{"not_picked":["Koishi:FleetingPhantom","Koishi:PhantomBarrier"],"picked":"Koishi:EmbersOfLove","floor":6},{"not_picked":["Koishi:DreadfulBlow","Koishi:ReflexRadar"],"picked":"Koishi:SprinkleStarAndHeart","floor":8},{"not_picked":["Koishi:TraumaticStroke","Koishi:FleetingPhantom"],"picked":"Koishi:DanmakuParanoia","floor":10},{"not_picked":["Koishi:ApparitionsStalkTheNight","Koishi:SpiritedAway"],"picked":"Koishi:FleetingPhantom","floor":11},{"not_picked":["Koishi:SpiritedAway","Koishi:PhantomStrike"],"picked":"Koishi:BloodcurdlingScream","floor":12},{"not_picked":["Koishi:JumpScare","Koishi:HeartfeltFancy"],"picked":"Koishi:ImGoingToCallYouNow","floor":13},{"not_picked":["Koishi:FormlessExistence","Koishi:ConfinedInnocent"],"picked":"Koishi:FadingMemory","floor":16},{"not_picked":["Koishi:BloodcurdlingScream","Koishi:UnansweredLove+1"],"picked":"Koishi:EmbryosDream","floor":18},{"not_picked":["Koishi:FleetingPhantom","Koishi:UnansweredLove","Koishi:SpiritedAway"],"picked":"SKIP","floor":21},{"not_picked":["Koishi:JumpScare","Koishi:FreudianInstinct+1"],"picked":"Koishi:DreadfulBlow+1","floor":24},{"not_picked":["Koishi:UnansweredLove","Koishi:HeartfeltFancy"],"picked":"Koishi:FleetingPhantom","floor":27},{"not_picked":["Koishi:ConfinedInnocent","Koishi:VengefulSpirit"],"picked":"Koishi:CatchAndRose","floor":29},{"not_picked":["Koishi:ReflexRadar","Koishi:SubterraneanRose"],"picked":"Koishi:YoukaiPolygraph+1","floor":31},{"not_picked":["Koishi:GrowingPain","Koishi:ConditionedTeleport"],"picked":"Koishi:MentalBreakdown","floor":33},{"not_picked":["Koishi:ParalyzingFear+1","Koishi:SubconsciousSweep+1"],"picked":"Koishi:Jaunt+1","floor":35},{"not_picked":["Koishi:EmbersOfLove","Koishi:SprinkleStarAndHeart"],"picked":"Koishi:HeartAttack+1","floor":36},{"not_picked":["Koishi:IdleWhim+1","Koishi:DreadfulBlow"],"picked":"Koishi:JumpScare+1","floor":40}],"player_experience":167774,"relics_obtained":[{"floor":6,"key":"Toy Ornithopter"},{"floor":9,"key":"MealTicket"},{"floor":10,"key":"Simple Rune"},{"floor":14,"key":"Vajra"},{"floor":24,"key":"Strawberry"},{"floor":26,"key":"Grinning Jar"},{"floor":34,"key":"Omamori"},{"floor":34,"key":"HollowMod:LifeEnderRelic"},{"floor":34,"key":"Thread and Needle"},{"floor":40,"key":"Art of War"}],"event_choices":[{"damage_healed":0,"gold_gain":0,"player_choice":"Ignored","damage_taken":0,"max_hp_gain":0,"max_hp_loss":0,"event_name":"Golden Wing","floor":2,"gold_loss":0},{"damage_healed":0,"gold_gain":0,"player_choice":"Grow","damage_taken":0,"max_hp_gain":0,"max_hp_loss":0,"event_name":"Living Wall","floor":3,"gold_loss":0,"cards_upgraded":["Koishi:HauntingSlash"]},{"damage_healed":0,"gold_gain":0,"player_choice":"Box","damage_taken":0,"relics_obtained":["Koishi:BloodstainedWhiteRose"],"max_hp_gain":0,"max_hp_loss":0,"event_name":"Big Fish","floor":5,"gold_loss":0,"cards_obtained":["Regret"]},{"damage_healed":0,"gold_gain":0,"player_choice":"Ignored","damage_taken":0,"max_hp_gain":0,"max_hp_loss":0,"event_name":"Vampires","floor":19,"gold_loss":0},{"cards_removed":["Koishi:UnconsciousUrges"],"damage_healed":0,"gold_gain":0,"player_choice":"Removed Power","damage_taken":0,"max_hp_gain":0,"max_hp_loss":0,"event_name":"Falling","floor":37,"gold_loss":0},{"damage_healed":0,"gold_gain":0,"player_choice":"Paid","damage_taken":0,"relics_obtained":["Red Mask"],"max_hp_gain":0,"max_hp_loss":0,"event_name":"Tomb of Lord Red Mask","floor":39,"gold_loss":26}],"is_beta":false,"boss_relics":[{"not_picked":["Koishi:ColorfulDays","ChewingGum"],"picked":"Replay:Bronze Core"},{"not_picked":["Replay:Fungal Core","Kintsugi"],"picked":"Calling Bell"}],"items_purged_floors":[],"is_endless":false,"potions_floor_spawned":[8,11,12,18,24,29,31,35],"killed_by":"Maw","ascension_level":0}}