{"host":"v54ek091sdz7ha6h","time":1612048495,"event":{"mods":["BaseMod","Better Vampires","Colored Map","Colored Powertips","DeckTracker","Highlight Path","KOR Keyword Fix","Minty Spire (QoL Compilation)","Rare Cards Sparkle","Relic Stats","StSLib","SuperFastMode","everything is the same but u backflip on backflip"],"gold_per_floor":[116,116,41,191,41,70,70,100,148,148,175,187,187,202,202,276,276,286,286,43,61,79,79,79,105,130,130,150,170,170,205,205,282,282,292,182,196,71,89,89,121,121,121,139,63,93,93,106,106,106,106,106],"floor_reached":51,"language":"KOR","playtime":2119,"items_purged":["Defend_G","Doubt","Sucker Punch"],"score":1602,"play_id":"cba8dc1e-ee6b-4da1-8ff7-027d98c9e5ef","local_time":"20210131081455","is_ascension_mode":true,"campfire_choices":[{"data":"Dagger Spray","floor":7.0,"key":"SMITH"},{"data":"Neutralize","floor":10.0,"key":"SMITH"},{"data":"Prepared","floor":15.0,"key":"SMITH"},{"data":"A Thousand Cuts","floor":24.0,"key":"SMITH"},{"data":"Tactician","floor":27.0,"key":"SMITH"},{"data":"True Grit","floor":30.0,"key":"SMITH"},{"data":"Backflip","floor":32.0,"key":"SMITH"},{"data":"Quick Slash","floor":40.0,"key":"PURGE"},{"floor":47.0,"key":"RECALL"},{"data":"Flechettes+1","floor":49.0,"key":"PURGE"}],"circlet_count":0,"master_deck":["AscendersBane","Survivor","Neutralize+1","Dagger Spray+1","Tactician+1","Prepared+1","A Thousand Cuts+1","Deadly Poison","Eviscerate","Adrenaline","Venomology","Expertise","Bane","Backflip+1","CrushJoints+1","JustLucky+1","True Grit+1","White Noise","Burst","CutThroughFate","Evolve+1","Tactician+1","Finesse","Caltrops","Night Terror","Aggregate+1"],"relics":["Ring of the Snake","NeowsBlessing","Incense Burner","Mummified Hand","Bag of Marbles","Eternal Feather","Pandora\u0027s Box","Enchiridion","PrismaticShard","Question Card","Omamori","Red Mask","Calling Bell","MealTicket","Sundial","Peace Pipe","Girya","Ninja Scroll","Snake Skull"],"acts_visited":["Exordium","TheCity","TheBeyond"],"potions_floor_usage":[50,50],"damage_taken":[{"damage":0.0,"enemies":"Small Slimes","floor":1.0,"turns":1.0},{"damage":0.0,"enemies":"Lagavulin","floor":6.0,"turns":1.0},{"damage":0.0,"enemies":"Gremlin Nob","floor":11.0,"turns":1.0},{"damage":0.0,"enemies":"Jaw Worm","floor":12.0,"turns":4.0},{"damage":0.0,"enemies":"2 Louse","floor":14.0,"turns":3.0},{"damage":20.0,"enemies":"Slime Boss","floor":16.0,"turns":9.0},{"damage":14.0,"enemies":"Shell Parasite","floor":18.0,"turns":4.0},{"damage":15.0,"enemies":"3 Byrds","floor":21.0,"turns":6.0},{"damage":5.0,"enemies":"Shelled Parasite and Fungi","floor":22.0,"turns":2.0},{"damage":0.0,"enemies":"Slavers","floor":23.0,"turns":3.0},{"damage":1.0,"enemies":"Gremlin Leader","floor":25.0,"turns":4.0},{"damage":0.0,"enemies":"Cultist and Chosen","floor":28.0,"turns":2.0},{"damage":4.0,"enemies":"3 Cultists","floor":29.0,"turns":3.0},{"damage":0.0,"enemies":"Masked Bandits","floor":31.0,"turns":1.0},{"damage":7.0,"enemies":"Automaton","floor":33.0,"turns":6.0},{"damage":0.0,"enemies":"3 Darklings","floor":35.0,"turns":3.0},{"damage":0.0,"enemies":"Orb Walker","floor":37.0,"turns":3.0},{"damage":4.0,"enemies":"Maw","floor":39.0,"turns":5.0},{"damage":0.0,"enemies":"Nemesis","floor":41.0,"turns":3.0},{"damage":0.0,"enemies":"Sphere and 2 Shapes","floor":44.0,"turns":2.0},{"damage":10.0,"enemies":"Giant Head","floor":46.0,"turns":5.0},{"damage":0.0,"enemies":"Transient","floor":48.0,"turns":6.0},{"damage":19,"enemies":"Awakened One","floor":50,"turns":14},{"damage":47,"enemies":"Time Eater","floor":51,"turns":4}],"seed_played":"8069006376075271350","potions_obtained":[{"floor":6.0,"key":"SteroidPotion"},{"floor":12.0,"key":"EssenceOfSteel"},{"floor":18.0,"key":"Weak Potion"},{"floor":28.0,"key":"Fire Potion"},{"floor":31.0,"key":"FearPotion"},{"floor":33.0,"key":"CultistPotion"},{"floor":37.0,"key":"LiquidBronze"},{"floor":41.0,"key":"FearPotion"}],"is_trial":false,"path_per_floor":["M","?","$","?","$","E","R","?","T","R","E","M","?","M","R","B",null,"M","?","$","M","M","E","R","E","T","R","M","M","R","?","R","B",null,"M","?","M","$","M","R","E","?","T","M","$","E","R","M","R","B","B"],"character_chosen":"THE_SILENT","items_purchased":["Dagger Spray","PrismaticShard","DuplicationPotion","Caltrops"],"campfire_rested":0,"item_purchase_floors":[5,20,20,45],"current_hp_per_floor":[59,59,59,59,59,59,59,59,59,59,59,59,41,41,50,30,57,43,22,22,7,2,2,11,10,10,22,22,18,30,30,42,35,58,58,58,58,66,62,66,66,56,56,56,66,56,66,66,66,47,0,0],"gold":106,"neow_bonus":"THREE_ENEMY_KILL","is_daily":false,"chose_seed":false,"campfire_upgraded":7,"win_rate":0.0,"timestamp":1612048495,"path_taken":["M","?","$","?","$","E","R","?","T","R","E","M","?","M","R","BOSS","M","?","$","M","M","E","R","E","T","R","M","M","R","?","R","BOSS","M","?","?","$","M","R","E","?","T","M","$","E","R","M","R","BOSS","BOSS"],"items_purchased_type":["Card","Relic","Potion","Card"],"build_version":"2020-12-22","purchased_purges":3,"victory":false,"max_hp_per_floor":[66,66,66,66,66,66,66,66,66,66,66,66,66,66,66,66,66,66,66,66,66,66,66,66,66,66,66,66,66,66,66,66,66,66,66,66,66,66,66,66,66,66,66,66,66,66,66,66,66,66,66,66],"relic_stats":{"Peace Pipe":2,"counters":[24,95],"Mummified Hand":[68],"Sundial":[18],"Eternal Feather":68,"Pandora\u0027s Box":["Deadly Poison","Flechettes","Eviscerate","Adrenaline","Venomology","Expertise","Sucker Punch","Bane"],"MealTicket":18,"Snake Skull":[7],"Question Card":15,"obtain_stats":[{"Girya":41,"NeowsBlessing":0,"Enchiridion":19,"Eternal Feather":13,"Snake Skull":46,"Incense Burner":6,"Omamori":26,"PrismaticShard":20,"Question Card":25,"Calling Bell":34,"Peace Pipe":34,"Mummified Hand":8,"Sundial":34,"Ninja Scroll":43,"Pandora\u0027s Box":17,"MealTicket":34,"Bag of Marbles":11,"Red Mask":31,"Ring of the Snake":0},{"Girya":19,"NeowsBlessing":0,"Enchiridion":7,"Eternal Feather":4,"Snake Skull":21,"Incense Burner":2,"Omamori":11,"PrismaticShard":7,"Question Card":11,"Calling Bell":15,"Peace Pipe":15,"Mummified Hand":2,"Sundial":15,"Ninja Scroll":19,"Pandora\u0027s Box":6,"MealTicket":15,"Bag of Marbles":3,"Red Mask":14,"Ring of the Snake":0},{"Girya":64,"NeowsBlessing":0,"Enchiridion":23,"Eternal Feather":7,"Snake Skull":71,"Incense Burner":2,"Omamori":38,"PrismaticShard":23,"Question Card":38,"Calling Bell":50,"Peace Pipe":50,"Mummified Hand":2,"Sundial":50,"Ninja Scroll":64,"Pandora\u0027s Box":19,"MealTicket":50,"Bag of Marbles":3,"Red Mask":44,"Ring of the Snake":0}],"Ring of the Snake":[43]},"card_choices":[{"not_picked":["Bane","Sucker Punch","Dodge and Roll"],"picked":"SKIP","floor":1.0},{"not_picked":["Crippling Poison","PiercingWail"],"picked":"Tactician","floor":6.0},{"not_picked":["Dodge and Roll","Distraction"],"picked":"Riddle With Holes","floor":11.0},{"not_picked":["Infinite Blades","Slice","Flying Knee"],"picked":"SKIP","floor":12.0},{"not_picked":["Flechettes","Deadly Poison"],"picked":"Prepared","floor":14.0},{"not_picked":["Phantasmal Killer","Malaise"],"picked":"A Thousand Cuts","floor":16.0},{"not_picked":["Deadly Poison","Sucker Punch"],"picked":"Backflip","floor":18.0},{"not_picked":["Body Slam","Poisoned Stab","Prepared"],"picked":"SKIP","floor":21.0},{"not_picked":["Deep Breath","InnerPeace"],"picked":"CrushJoints+1","floor":22.0},{"not_picked":["Sentinel","Clothesline"],"picked":"JustLucky+1","floor":25.0},{"not_picked":["Collect","Eviscerate","Anger"],"picked":"True Grit","floor":28.0},{"not_picked":["Clothesline+1","Wild Strike","ClearTheMind","Cloak And Dagger"],"picked":"SKIP","floor":29.0},{"not_picked":["Panacea","Coolheaded","Gash"],"picked":"White Noise","floor":31.0},{"not_picked":["Envenom","Immolate","Biased Cognition"],"picked":"Burst","floor":33.0},{"not_picked":["Anger","Rebound+1","Body Slam","Metallicize"],"picked":"SKIP","floor":35.0},{"not_picked":["Quick Slash","Setup","Bouncing Flask"],"picked":"CutThroughFate","floor":37.0},{"not_picked":["Ball Lightning","Wireheading","Deep Breath"],"picked":"Evolve+1","floor":39.0},{"not_picked":["Static Discharge","Masterful Stab+1","Forethought"],"picked":"Tactician+1","floor":41.0},{"not_picked":["Chrysalis","Discovery","Jack Of All Trades"],"picked":"Finesse","floor":42.0},{"not_picked":["Dagger Spray","JustLucky","Loop+1","PathToVictory"],"picked":"SKIP","floor":44.0},{"not_picked":["BootSequence","SashWhip","Finisher"],"picked":"Night Terror","floor":46.0},{"not_picked":["Poisoned Stab","Deadly Poison","Underhanded Strike"],"picked":"Aggregate+1","floor":48.0}],"player_experience":1457229,"relics_obtained":[{"floor":6.0,"key":"Incense Burner"},{"floor":11.0,"key":"Bag of Marbles"},{"floor":19.0,"key":"Enchiridion"},{"floor":25.0,"key":"Question Card"},{"floor":26.0,"key":"Omamori"},{"floor":31.0,"key":"Red Mask"},{"floor":34.0,"key":"MealTicket"},{"floor":34.0,"key":"Sundial"},{"floor":34.0,"key":"Peace Pipe"},{"floor":41.0,"key":"Girya"},{"floor":43.0,"key":"Ninja Scroll"},{"floor":46.0,"key":"Snake Skull"}],"event_choices":[{"damage_healed":0.0,"max_hp_gain":0.0,"max_hp_loss":0.0,"gold_gain":0.0,"cards_transformed":["Strike_G"],"event_name":"Living Wall","player_choice":"Change","floor":2.0,"gold_loss":0.0,"damage_taken":0.0,"cards_obtained":["Quick Slash"]},{"damage_healed":0.0,"max_hp_gain":0.0,"max_hp_loss":0.0,"gold_gain":150.0,"event_name":"Liars Game","player_choice":"AGREE","floor":4.0,"gold_loss":0.0,"damage_taken":0.0,"cards_obtained":["Doubt"]},{"damage_healed":0.0,"max_hp_gain":0.0,"max_hp_loss":0.0,"gold_gain":30.0,"event_name":"Dead Adventurer","player_choice":"Searched \u00272\u0027 times","floor":8.0,"gold_loss":0.0,"damage_taken":0.0,"relics_obtained":["Mummified Hand"]},{"damage_healed":0.0,"max_hp_gain":0.0,"max_hp_loss":0.0,"gold_gain":0.0,"event_name":"Scrap Ooze","player_choice":"Success","floor":13.0,"gold_loss":0.0,"damage_taken":18.0,"relics_obtained":["Eternal Feather"]},{"damage_healed":0.0,"max_hp_gain":0.0,"max_hp_loss":0.0,"gold_gain":0.0,"event_name":"Cursed Tome","player_choice":"Obtained Book","floor":19.0,"gold_loss":0.0,"damage_taken":21.0},{"damage_healed":0.0,"max_hp_gain":0.0,"max_hp_loss":0.0,"gold_gain":0.0,"event_name":"Masked Bandits","player_choice":"Fought Bandits","floor":31.0,"gold_loss":0.0,"damage_taken":0.0},{"cards_removed":["Riddle With Holes"],"damage_healed":0.0,"max_hp_gain":0.0,"max_hp_loss":0.0,"gold_gain":0.0,"event_name":"Designer","player_choice":"Upgrade and Remove","floor":36.0,"gold_loss":110.0,"damage_taken":0.0,"cards_upgraded":["Flechettes"]},{"damage_healed":0.0,"max_hp_gain":0.0,"max_hp_loss":0.0,"gold_gain":0.0,"event_name":"SensoryStone","player_choice":"Memory 3","floor":42.0,"gold_loss":0.0,"damage_taken":10.0}],"is_beta":false,"boss_relics":[{"not_picked":["HoveringKite","Busted Crown"],"picked":"Pandora\u0027s Box"},{"not_picked":["Runic Dome","Fusion Hammer"],"picked":"Calling Bell"}],"items_purged_floors":[3,5,38],"is_endless":false,"potions_floor_spawned":[6,12,18,28,29,31,33,37,39,41],"killed_by":"Time Eater","ascension_level":20}}