{"host":"tiwza2kisyyrpq7h","time":1612023574,"event":{"mods":["BaseMod","BetterRewards","Colored Powertips","Minty Spire (QoL Compilation)","Quick Restart","Rare Cards Sparkle","StSLib","SuperFastMode","The Servant 0.9.4","óô»ðÖ¸ÄÏ"],"gold_per_floor":[111,111,111,131,81,81,122,122,122,160,160,203,203,218,218,313,313,332,24,24,24,24,362,362,402,402,438,438,98,117,131,131,230,230,243,576,486,486,503,521,548,567,567,612,645,645,920,920,920,920,920,511,71,106,106],"floor_reached":56,"language":"ZHS","playtime":1851,"items_purged":["Strike_B","Strike_B","Defend_B"],"score":2295,"play_id":"b7de71ce-50fe-45cc-a2d4-a4df778952be","local_time":"20210131001934","is_ascension_mode":true,"campfire_choices":[{"data":"Storm","floor":6.0,"key":"SMITH"},{"data":"Hello World","floor":8.0,"key":"SMITH"},{"data":"Self Repair","floor":11.0,"key":"SMITH"},{"data":"Heatsinks","floor":15.0,"key":"SMITH"},{"data":"Heatsinks","floor":32.0,"key":"SMITH"},{"floor":49.0,"key":"RECALL"}],"circlet_count":0,"master_deck":["AscendersBane","Defend_B","Defend_B","Zap","Dualcast","Hello World+1","Storm+1","Self Repair+1","Steam Power","Force Field","Heatsinks+1","Creative AI","Coolheaded","Core Surge","Heatsinks+1","Creative AI","Aggregate+1","Echo Form+1","Echo Form+1","Self Repair+1","Turbo+1","Leap+1","Turbo+1","Glacier+1","Amplify+1","Darkness+1","Fusion+1","Heatsinks+1","Purity+1","Skim+1","Hello World+1","Creative AI+1","Panache+1","Panacea+1","Defragment+1"],"relics":["Cracked Core","NeowsBlessing","Omamori","Matryoshka","Juzu Bracelet","Mummified Hand","Sundial","Eternal Feather","Coffee Dripper","Membership Card","Blood Vial","PreservedInsect","Nloth\u0027s Gift","Boot","Tiny Chest","Frozen Egg 2","Toxic Egg 2","Mango","Chemical X","Busted Crown","Incense Burner","Blue Candle","TungstenRod","Unceasing Top","Darkstone Periapt","Anchor","Pen Nib","DollysMirror","CaptainsWheel","InkBottle","Letter Opener"],"acts_visited":["Exordium","TheCity","TheBeyond","TheEnding"],"potions_floor_usage":[55],"damage_taken":[{"damage":0.0,"enemies":"Jaw Worm","floor":1.0,"turns":1.0},{"damage":0.0,"enemies":"Small Slimes","floor":4.0,"turns":1.0},{"damage":0.0,"enemies":"3 Sentries","floor":7.0,"turns":1.0},{"damage":15.0,"enemies":"Lagavulin","floor":10.0,"turns":7.0},{"damage":32.0,"enemies":"3 Sentries","floor":12.0,"turns":7.0},{"damage":0.0,"enemies":"2 Louse","floor":14.0,"turns":3.0},{"damage":28.0,"enemies":"The Guardian","floor":16.0,"turns":10.0},{"damage":16.0,"enemies":"Spheric Guardian","floor":18.0,"turns":4.0},{"damage":18.0,"enemies":"Gremlin Leader","floor":23.0,"turns":5.0},{"damage":34.0,"enemies":"Slavers","floor":25.0,"turns":5.0},{"damage":0.0,"enemies":"Gremlin Leader","floor":27.0,"turns":3.0},{"damage":12.0,"enemies":"Chosen","floor":30.0,"turns":4.0},{"damage":1.0,"enemies":"Shelled Parasite and Fungi","floor":31.0,"turns":3.0},{"damage":1.0,"enemies":"Collector","floor":33.0,"turns":6.0},{"damage":9.0,"enemies":"Orb Walker","floor":35.0,"turns":3.0},{"damage":0.0,"enemies":"3 Darklings","floor":39.0,"turns":2.0},{"damage":12.0,"enemies":"Spire Growth","floor":40.0,"turns":4.0},{"damage":24.0,"enemies":"Reptomancer","floor":41.0,"turns":4.0},{"damage":31.0,"enemies":"4 Shapes","floor":42.0,"turns":3.0},{"damage":62.0,"enemies":"2 Orb Walkers","floor":44.0,"turns":5.0},{"damage":0.0,"enemies":"Nemesis","floor":45.0,"turns":3.0},{"damage":0.0,"enemies":"Donu and Deca","floor":50.0,"turns":4.0},{"damage":35.0,"enemies":"Shield and Spear","floor":54.0,"turns":4.0},{"damage":10,"enemies":"The Heart","floor":55,"turns":4}],"seed_played":"2523266725362272269","potions_obtained":[{"floor":7.0,"key":"Ancient Potion"},{"floor":14.0,"key":"Energy Potion"},{"floor":30.0,"key":"Swift Potion"},{"floor":35.0,"key":"Energy Potion"},{"floor":54.0,"key":"Block Potion"}],"is_trial":false,"path_per_floor":["M","?","?","M","?","R","E","R","T","E","R","E","?","M","R","B",null,"M","$","?","?","?","E","?","E","T","E","?","$","M","M","R","B",null,"M","?","?","T","M","M","E","M","T","?","E","?","?","T","R","B",null,"R","$","E","B",null],"character_chosen":"DEFECT","items_purchased":["Membership Card","Core Surge","Heatsinks","Mango","Self Repair+1","Turbo+1","Chemical X","Leap+1","Anchor","Purity+1","Skim+1","Hello World+1","Pen Nib","DollysMirror","Panache+1","Panacea+1","Defragment+1","CaptainsWheel","InkBottle"],"campfire_rested":0,"item_purchase_floors":[19,19,19,29,29,29,29,29,52,52,52,52,52,52,53,53,53,53,53],"current_hp_per_floor":[64,61,44,44,44,44,44,44,44,36,36,14,14,24,33,15,57,51,51,51,51,51,45,45,23,23,35,35,49,59,85,85,85,85,85,85,85,85,85,85,81,82,82,42,64,64,64,64,79,81,81,81,81,76,81],"gold":106,"neow_bonus":"THREE_ENEMY_KILL","is_daily":false,"chose_seed":false,"campfire_upgraded":5,"win_rate":0.0,"timestamp":1612023574,"path_taken":["M","?","?","M","?","R","E","R","T","E","R","E","?","M","R","BOSS","M","$","?","?","?","E","?","E","T","E","?","$","M","M","R","BOSS","M","?","?","?","M","M","E","M","T","?","E","?","?","?","R","BOSS","R","$","E","BOSS"],"items_purchased_type":["Relic","Card","Card","Relic","Card","Card","Relic","Card","Relic","Card","Card","Card","Relic","Relic","Card","Card","Card","Relic","Relic"],"build_version":"2020-12-22","purchased_purges":3,"victory":true,"max_hp_per_floor":[71,71,71,71,71,71,71,71,71,71,71,71,71,71,71,71,71,71,71,71,71,71,71,71,71,71,71,71,85,85,85,85,85,85,85,85,85,85,85,85,85,85,85,85,85,81,81,81,81,81,81,81,81,81,81],"card_choices":[{"not_picked":["Conserve Battery","Hologram"],"picked":"Hello World","floor":1.0},{"not_picked":["Conserve Battery","Streamline"],"picked":"Storm","floor":4.0},{"not_picked":["Skim","Storm"],"picked":"Self Repair","floor":7.0},{"not_picked":["Sweeping Beam","Barrage"],"picked":"Steam Power","floor":10.0},{"not_picked":["Double Energy","Sunder"],"picked":"Force Field","floor":12.0},{"not_picked":["Chaos","Gash"],"picked":"Heatsinks","floor":14.0},{"not_picked":["Amplify","Machine Learning"],"picked":"Creative AI","floor":16.0},{"not_picked":["Steam","Gash"],"picked":"Coolheaded","floor":18.0},{"not_picked":["Hologram","Coolheaded"],"picked":"Aggregate+1","floor":23.0},{"not_picked":["Hello World","Ball Lightning+1"],"picked":"Echo Form","floor":25.0},{"not_picked":["Double Energy+1","Leap+1"],"picked":"Echo Form+1","floor":27.0},{"not_picked":["Redo+1","Beam Cell"],"picked":"Turbo+1","floor":30.0},{"not_picked":["Rebound","Scrape"],"picked":"Glacier+1","floor":31.0},{"not_picked":["Biased Cognition+1","Multi-Cast+1"],"picked":"Amplify+1","floor":33.0},{"not_picked":["Beam Cell"],"picked":"SKIP","floor":35.0},{"not_picked":[],"picked":"Darkness+1","floor":39.0},{"not_picked":["Auto Shields+1"],"picked":"SKIP","floor":40.0},{"not_picked":["Cold Snap"],"picked":"SKIP","floor":41.0},{"not_picked":[],"picked":"Fusion+1","floor":42.0},{"not_picked":[],"picked":"Heatsinks+1","floor":44.0},{"not_picked":["Hyperbeam"],"picked":"SKIP","floor":45.0},{"not_picked":["Turbo+1"],"picked":"SKIP","floor":54.0}],"player_experience":964148,"relics_obtained":[{"floor":7.0,"key":"Matryoshka"},{"floor":9.0,"key":"Juzu Bracelet"},{"floor":9.0,"key":"Mummified Hand"},{"floor":10.0,"key":"Sundial"},{"floor":12.0,"key":"Eternal Feather"},{"floor":23.0,"key":"Old Coin"},{"floor":25.0,"key":"Boot"},{"floor":26.0,"key":"Tiny Chest"},{"floor":26.0,"key":"Frozen Egg 2"},{"floor":27.0,"key":"Toxic Egg 2"},{"floor":38.0,"key":"Incense Burner"},{"floor":41.0,"key":"Blue Candle"},{"floor":44.0,"key":"TungstenRod"},{"floor":45.0,"key":"Unceasing Top"},{"floor":48.0,"key":"Darkstone Periapt"},{"floor":54.0,"key":"Letter Opener"}],"event_choices":[{"damage_healed":0.0,"max_hp_gain":0.0,"max_hp_loss":0.0,"gold_gain":0.0,"event_name":"Scrap Ooze","player_choice":"Success","floor":2.0,"gold_loss":0.0,"damage_taken":3.0,"relics_obtained":["Omamori"]},{"damage_healed":0.0,"max_hp_gain":0.0,"max_hp_loss":0.0,"gold_gain":0.0,"event_name":"Golden Idol","player_choice":"Take Damage","floor":3.0,"gold_loss":0.0,"damage_taken":17.0,"relics_obtained":["Golden Idol"]},{"cards_removed":["Strike_B"],"damage_healed":0.0,"max_hp_gain":0.0,"max_hp_loss":0.0,"gold_gain":0.0,"event_name":"The Cleric","player_choice":"Card Removal","floor":5.0,"gold_loss":50.0,"damage_taken":0.0},{"damage_healed":0.0,"max_hp_gain":0.0,"max_hp_loss":0.0,"gold_gain":0.0,"cards_transformed":["Strike_B"],"event_name":"Living Wall","player_choice":"Change","floor":13.0,"gold_loss":0.0,"damage_taken":0.0,"cards_obtained":["Gash"]},{"damage_healed":0.0,"max_hp_gain":0.0,"max_hp_loss":0.0,"gold_gain":0.0,"event_name":"The Mausoleum","player_choice":"Opened","floor":20.0,"gold_loss":0.0,"damage_taken":0.0,"relics_obtained":["Blood Vial"]},{"damage_healed":0.0,"max_hp_gain":0.0,"max_hp_loss":0.0,"gold_gain":0.0,"event_name":"The Library","player_choice":"Read","floor":21.0,"gold_loss":0.0,"damage_taken":0.0,"cards_obtained":["Creative AI"]},{"cards_removed":["Gash"],"damage_healed":0.0,"max_hp_gain":0.0,"max_hp_loss":0.0,"gold_gain":0.0,"event_name":"WeMeetAgain","player_choice":"Gave Card","floor":22.0,"gold_loss":0.0,"damage_taken":0.0,"relics_obtained":["PreservedInsect"]},{"damage_healed":0.0,"max_hp_gain":0.0,"max_hp_loss":0.0,"gold_gain":0.0,"event_name":"N\u0027loth","player_choice":"Traded Relic","floor":24.0,"relics_lost":["Old Coin"],"gold_loss":0.0,"damage_taken":0.0,"relics_obtained":["Nloth\u0027s Gift"]},{"damage_healed":0.0,"max_hp_gain":0.0,"max_hp_loss":0.0,"gold_gain":0.0,"event_name":"Ghosts","player_choice":"Ignored","floor":28.0,"gold_loss":0.0,"damage_taken":0.0},{"damage_healed":0.0,"max_hp_gain":0.0,"max_hp_loss":0.0,"gold_gain":333.0,"event_name":"The Moai Head","player_choice":"Gave Idol","floor":36.0,"relics_lost":["Golden Idol"],"gold_loss":0.0,"damage_taken":0.0},{"cards_removed":["Defend_B"],"damage_healed":0.0,"max_hp_gain":0.0,"max_hp_loss":0.0,"gold_gain":0.0,"event_name":"Designer","player_choice":"Upgrade and Remove","floor":37.0,"gold_loss":90.0,"damage_taken":0.0,"cards_upgraded":["Echo Form"]},{"damage_healed":0.0,"max_hp_gain":0.0,"max_hp_loss":0.0,"gold_gain":0.0,"event_name":"Mysterious Sphere","player_choice":"Fight","floor":44.0,"gold_loss":0.0,"damage_taken":0.0},{"damage_healed":0.0,"max_hp_gain":0.0,"max_hp_loss":4.0,"gold_gain":0.0,"event_name":"Winding Halls","player_choice":"Max HP","floor":46.0,"gold_loss":0.0,"damage_taken":0.0},{"damage_healed":0.0,"max_hp_gain":0.0,"max_hp_loss":0.0,"gold_gain":275.0,"event_name":"Golden Shrine","player_choice":"Desecrate","floor":47.0,"gold_loss":0.0,"damage_taken":0.0,"cards_obtained":["Regret"]}],"is_beta":false,"boss_relics":[{"not_picked":["FrozenCore","Runic Pyramid"],"picked":"Coffee Dripper"},{"not_picked":["Astrolabe","Philosopher\u0027s Stone"],"picked":"Busted Crown"}],"items_purged_floors":[19,29,52],"is_endless":false,"potions_floor_spawned":[7,14,30,31,35,40,42,44,54],"ascension_level":14}}