{"host":"y76x98twjnyyxs83","time":1612026247,"event":{"mods":["BaseMod","Colored Powertips","Minty Spire (QoL Compilation)","Permanent Neow","Quick Restart","Rare Cards Sparkle","Relic Stats","StSLib"],"gold_per_floor":[118,134,23,36,36,36,71,71,95,95,109,109,142,158,158,248,248,264,184,184],"floor_reached":19,"language":"ENG","playtime":777,"items_purged":[],"score":336,"play_id":"f0099cc3-e8e4-4587-ac07-2667c6d17115","local_time":"20210131010407","is_ascension_mode":true,"campfire_choices":[{"data":"Skewer","floor":6,"key":"SMITH"},{"data":"Neutralize","floor":8,"key":"SMITH"},{"floor":12,"key":"REST"},{"floor":15,"key":"REST"}],"circlet_count":0,"master_deck":["AscendersBane","Strike_G","Strike_G","Strike_G","Strike_G+1","Defend_G","Defend_G","Defend_G","Defend_G+1","Survivor","Neutralize+1","Skewer+1","Die Die Die","Blade Dance","Endless Agony","Deadly Poison","Backflip","Predator","Poisoned Stab","After Image","Deadly Poison+1"],"relics":["Empty Cage","Golden Idol","Bag of Preparation","Ancient Tea Set","Blue Candle","Snecko Eye"],"acts_visited":["Exordium","TheCity"],"potions_floor_usage":[7,13,18,19],"damage_taken":[{"damage":8,"enemies":"Cultist","floor":1,"turns":6},{"damage":4,"enemies":"Small Slimes","floor":2,"turns":4},{"damage":0,"enemies":"2 Louse","floor":4,"turns":4},{"damage":8,"enemies":"Gremlin Nob","floor":7,"turns":3},{"damage":8,"enemies":"Exordium Thugs","floor":11,"turns":4},{"damage":12,"enemies":"Lagavulin","floor":13,"turns":4},{"damage":8,"enemies":"Lots of Slimes","floor":14,"turns":3},{"damage":19,"enemies":"The Guardian","floor":16,"turns":12},{"damage":23,"enemies":"3 Byrds","floor":18,"turns":6},{"damage":25,"enemies":"2 Thieves","floor":19,"turns":2}],"seed_played":"6010120753987124195","potions_obtained":[{"floor":2,"key":"PowerPotion"},{"floor":11,"key":"BlessingOfTheForge"},{"floor":16,"key":"Block Potion"}],"is_trial":false,"path_per_floor":["M","M","$","M","?","R","E","R","T","?","M","R","E","M","R","B",null,"M","M"],"character_chosen":"THE_SILENT","items_purchased":["Blade Dance","FearPotion"],"campfire_rested":2,"item_purchase_floors":[3,3],"current_hp_per_floor":[51,47,47,47,47,47,39,39,39,21,13,31,19,11,29,10,48,25,0,0],"gold":184,"neow_bonus":"BOSS_RELIC","is_daily":false,"chose_seed":false,"campfire_upgraded":2,"win_rate":0.0,"timestamp":1612026247,"path_taken":["M","M","$","?","?","R","E","R","T","?","M","R","E","?","R","BOSS","M","M"],"items_purchased_type":["Card","Potion"],"build_version":"2020-12-22","purchased_purges":0,"victory":false,"max_hp_per_floor":[66,66,66,66,60,60,60,60,60,60,60,60,60,60,60,60,60,60,60,60],"relic_stats":{"counters":[10,48],"Golden Idol":41,"Blue Candle":[0],"Snecko Eye":[14,17,10,19],"Bag of Preparation":[12],"obtain_stats":[{"Golden Idol":5,"Blue Candle":13,"Snecko Eye":17,"Bag of Preparation":7,"Empty Cage":0,"Ancient Tea Set":9,"Ring of the Snake":0},{"Golden Idol":3,"Blue Candle":6,"Snecko Eye":8,"Bag of Preparation":4,"Empty Cage":0,"Ancient Tea Set":4,"Ring of the Snake":0},{"Golden Idol":14,"Blue Candle":25,"Snecko Eye":40,"Bag of Preparation":17,"Empty Cage":0,"Ancient Tea Set":17,"Ring of the Snake":0}]},"card_choices":[{"not_picked":["Dodge and Roll","Prepared"],"picked":"Skewer","floor":1},{"not_picked":["Finisher","Sucker Punch"],"picked":"Die Die Die","floor":2},{"not_picked":["Backflip","Bane"],"picked":"Endless Agony","floor":4},{"not_picked":["Flechettes","Slice"],"picked":"Deadly Poison","floor":7},{"not_picked":["Acrobatics","Slice"],"picked":"Backflip","floor":11},{"not_picked":["Bane","Die Die Die"],"picked":"Predator","floor":13},{"not_picked":["Finisher","Backflip"],"picked":"Poisoned Stab","floor":14},{"not_picked":["Grand Finale","Malaise"],"picked":"After Image","floor":16},{"not_picked":["Blur","PiercingWail"],"picked":"Deadly Poison+1","floor":18}],"player_experience":1172122,"relics_obtained":[{"floor":7,"key":"Bag of Preparation"},{"floor":9,"key":"Ancient Tea Set"},{"floor":13,"key":"Blue Candle"}],"event_choices":[{"damage_healed":0,"gold_gain":0,"player_choice":"Lose Max HP","damage_taken":0,"relics_obtained":["Golden Idol"],"max_hp_gain":0,"max_hp_loss":6,"event_name":"Golden Idol","floor":5,"gold_loss":0},{"damage_healed":0,"gold_gain":0,"player_choice":"Entered Light","damage_taken":18,"max_hp_gain":0,"max_hp_loss":0,"event_name":"Shining Light","floor":10,"gold_loss":0,"cards_upgraded":["Defend_G","Strike_G"]}],"is_beta":false,"boss_relics":[{"not_picked":["Fusion Hammer","Velvet Choker"],"picked":"Snecko Eye"}],"items_purged_floors":[],"is_endless":false,"potions_floor_spawned":[2,11,16],"killed_by":"2 Thieves","ascension_level":18}}