{"host":"5h6e4l6hpn0p5lap","time":1612040090,"event":{"mods":["AchievementEnabler","BaseMod","Better Altar","Better Match","Better Sensory Stone","Better Skull","Better Third Choice","Filter the Spire","Highlight Path","Minty Spire (QoL Compilation)","StSLib"],"gold_per_floor":[114,114,124,134,148,176,176,20,20,51,115,130,161,180,180,284,284,284,284],"floor_reached":18,"language":"ENG","playtime":594,"items_purged":[],"score":269,"play_id":"3480b4d4-d134-485c-a477-a3abfd86e26f","local_time":"20210130155450","is_ascension_mode":true,"campfire_choices":[{"floor":7,"key":"REST"},{"floor":15,"key":"REST"}],"circlet_count":0,"master_deck":["Strike_B","Defend_B","Defend_B","Defend_B","Defend_B","Zap+1","Dualcast","Genetic Algorithm","Steam","Ball Lightning","Biased Cognition","Doom and Gloom","Heatsinks","Redo","Skim","Sunder","Multi-Cast","Hologram+1","Self Repair+1","Rebound+1"],"relics":["Cracked Core","Omamori","PreservedInsect","MealTicket","Sundial","Smiling Mask","Astrolabe"],"acts_visited":["Exordium","TheCity"],"potions_floor_usage":[6,10,16,16],"damage_taken":[{"damage":0,"enemies":"2 Louse","floor":1,"turns":2},{"damage":6,"enemies":"Jaw Worm","floor":3,"turns":3},{"damage":0,"enemies":"Cultist","floor":4,"turns":3},{"damage":6,"enemies":"Looter","floor":5,"turns":3},{"damage":43,"enemies":"Lagavulin","floor":6,"turns":6},{"damage":0,"enemies":"Gremlin Nob","floor":10,"turns":2},{"damage":4,"enemies":"3 Louse","floor":12,"turns":3},{"damage":15,"enemies":"3 Sentries","floor":13,"turns":4},{"damage":0,"enemies":"2 Fungi Beasts","floor":14,"turns":2},{"damage":26,"enemies":"Hexaghost","floor":16,"turns":9},{"damage":20,"enemies":"3 Byrds","floor":18,"turns":4}],"seed_played":"-5807040416853682294","potions_obtained":[{"floor":3,"key":"PotionOfCapacity"},{"floor":5,"key":"SpeedPotion"},{"floor":6,"key":"ColorlessPotion"},{"floor":13,"key":"SkillPotion"},{"floor":16,"key":"EssenceOfDarkness"}],"is_trial":false,"path_per_floor":["M","?","M","M","M","E","R","$","T","E","?","M","E","M","R","B",null,"M"],"character_chosen":"DEFECT","items_purchased":["PreservedInsect"],"campfire_rested":2,"item_purchase_floors":[8],"current_hp_per_floor":[68,68,62,62,56,13,35,35,35,35,35,31,16,16,38,12,59,39,39],"gold":284,"neow_bonus":"UPGRADE_CARD","is_daily":false,"chose_seed":false,"campfire_upgraded":0,"win_rate":0.0,"timestamp":1612040090,"path_taken":["M","?","M","M","M","E","R","$","T","E","?","M","E","M","R","BOSS","M"],"items_purchased_type":["Relic"],"build_version":"2020-12-22","purchased_purges":0,"victory":false,"max_hp_per_floor":[75,75,75,75,75,75,75,75,75,75,75,75,75,75,75,75,75,75,75],"card_choices":[{"not_picked":["Ball Lightning","Stack"],"picked":"Genetic Algorithm","floor":1},{"not_picked":["Capacitor","Hologram"],"picked":"Steam","floor":3},{"not_picked":["Auto Shields","Defragment"],"picked":"Ball Lightning","floor":4},{"not_picked":["Chaos","Beam Cell"],"picked":"Biased Cognition","floor":5},{"not_picked":["Reinforced Body","Hello World"],"picked":"Doom and Gloom","floor":6},{"not_picked":["Biased Cognition","Hologram"],"picked":"Heatsinks","floor":10},{"not_picked":["Barrage","Heatsinks"],"picked":"Redo","floor":12},{"not_picked":["Genetic Algorithm","Redo"],"picked":"Skim","floor":13},{"not_picked":["Leap","Stack"],"picked":"Sunder","floor":14},{"not_picked":["Rainbow","Hyperbeam"],"picked":"Multi-Cast","floor":16}],"player_experience":1024015,"relics_obtained":[{"floor":6,"key":"Omamori"},{"floor":9,"key":"MealTicket"},{"floor":10,"key":"Sundial"},{"floor":13,"key":"Smiling Mask"}],"event_choices":[{"damage_healed":68,"gold_gain":0,"player_choice":"Leave","damage_taken":0,"max_hp_gain":0,"max_hp_loss":75,"event_name":"betterThird:BetterShining","floor":2,"gold_loss":0},{"damage_healed":0,"gold_gain":64,"player_choice":"Gained Gold","damage_taken":0,"max_hp_gain":0,"max_hp_loss":0,"event_name":"Golden Wing","floor":11,"gold_loss":0}],"is_beta":false,"boss_relics":[{"not_picked":["SlaversCollar","Empty Cage"],"picked":"Astrolabe"}],"items_purged_floors":[],"is_endless":false,"potions_floor_spawned":[3,5,6,13,16],"killed_by":"3 Byrds","ascension_level":6}}