{"host":"ffjrj7fisyni1ebk","time":1612018158,"event":{"mods":["2.2 Compatiblity","BaseMod","Bestiary","Colored Map","Colored Powertips","Curses Come First","Highlight Path","Keyboard Shortcuts","Minty Spire (QoL Compilation)","Relic Stats","Slay the Relics Exporter","StSLib","SuperFastMode"],"gold_per_floor":[112,112,137,150,75,119,119,119,170,170,185,221,234,234,234],"floor_reached":14,"language":"ENG","playtime":425,"items_purged":["Bash"],"score":100,"play_id":"d289d908-74ee-4f83-a06f-6a2c10bd1175","local_time":"20210130164918","is_ascension_mode":false,"campfire_choices":[{"floor":7,"key":"REST"},{"floor":10,"key":"REST"}],"circlet_count":0,"master_deck":["Strike_R","Strike_R","Strike_R","Strike_R","Strike_R","Defend_R","Defend_R","Defend_R","Defend_R","Armaments","Spot Weakness","Pain","Pain","Heavy Blade","Heavy Blade","Uppercut"],"relics":["Cursed Key","Golden Idol","Happy Flower","WarpedTongs","Lantern"],"acts_visited":["Exordium"],"potions_floor_usage":[],"damage_taken":[{"damage":1,"enemies":"2 Louse","floor":1,"turns":3},{"damage":1,"enemies":"Cultist","floor":3,"turns":3},{"damage":0,"enemies":"Small Slimes","floor":4,"turns":3},{"damage":36,"enemies":"Gremlin Nob","floor":6,"turns":5},{"damage":18,"enemies":"Looter","floor":11,"turns":3},{"damage":27,"enemies":"3 Sentries","floor":12,"turns":5},{"damage":9,"enemies":"2 Fungi Beasts","floor":13,"turns":3},{"damage":20,"enemies":"Lagavulin","floor":14,"turns":4}],"seed_played":"8892963087483438095","potions_obtained":[{"floor":4,"key":"Energy Potion"},{"floor":13,"key":"Energy Potion"}],"is_trial":false,"path_per_floor":["M","?","M","M","$","E","R","?","T","R","M","E","M","E"],"character_chosen":"IRONCLAD","items_purchased":[],"campfire_rested":2,"item_purchase_floors":[],"current_hp_per_floor":[79,59,58,58,58,22,46,46,46,70,52,25,16,0,0],"gold":234,"neow_bonus":"BOSS_RELIC","is_daily":false,"chose_seed":false,"campfire_upgraded":0,"win_rate":0.0,"timestamp":1612018158,"path_taken":["M","?","M","M","$","E","R","?","T","R","M","E","?","E"],"items_purchased_type":[],"build_version":"2020-12-22","purchased_purges":1,"victory":false,"max_hp_per_floor":[80,80,80,80,80,80,80,80,80,80,80,80,80,80,80],"relic_stats":{"Happy Flower":[5],"counters":[8,29],"Golden Idol":30,"Cursed Key":1,"obtain_stats":[{"Lantern":12,"Happy Flower":6,"Golden Idol":2,"Cursed Key":0,"Burning Blood":0,"WarpedTongs":8},{"Lantern":6,"Happy Flower":4,"Golden Idol":1,"Cursed Key":0,"Burning Blood":0,"WarpedTongs":4},{"Lantern":22,"Happy Flower":14,"Golden Idol":3,"Cursed Key":0,"Burning Blood":0,"WarpedTongs":14}],"WarpedTongs":[15]},"card_choices":[{"not_picked":["Searing Blow","Havoc"],"picked":"Armaments","floor":1},{"not_picked":["Searing Blow","Headbutt","Rampage"],"picked":"SKIP","floor":3},{"not_picked":["Clash","Dropkick"],"picked":"Spot Weakness","floor":4},{"not_picked":["Warcry","Sever Soul","Clash"],"picked":"SKIP","floor":6},{"not_picked":["Sentinel","Seeing Red"],"picked":"Heavy Blade","floor":11},{"not_picked":["Clash","Clothesline"],"picked":"Heavy Blade","floor":12},{"not_picked":["Heavy Blade","Clothesline"],"picked":"Uppercut","floor":13}],"player_experience":274799,"relics_obtained":[{"floor":6,"key":"Happy Flower"},{"floor":12,"key":"Lantern"}],"event_choices":[{"damage_healed":0,"gold_gain":0,"player_choice":"Take Damage","damage_taken":20,"relics_obtained":["Golden Idol"],"max_hp_gain":0,"max_hp_loss":0,"event_name":"Golden Idol","floor":2,"gold_loss":0},{"damage_healed":0,"gold_gain":0,"player_choice":"Rummage","damage_taken":0,"relics_obtained":["WarpedTongs"],"max_hp_gain":0,"max_hp_loss":0,"event_name":"Accursed Blacksmith","floor":8,"gold_loss":0,"cards_obtained":["Pain"]}],"is_beta":false,"boss_relics":[],"items_purged_floors":[5],"is_endless":false,"potions_floor_spawned":[4,13],"killed_by":"Lagavulin","ascension_level":0}}