{"host":"q0qnzbgdx8oqogg9","time":1612031946,"event":{"mods":["BaseMod","Minty Spire (QoL Compilation)","StSLib"],"gold_per_floor":[115,133,143,108,108,108,138,25,52,52,79,79,91,103,103,201,201,211,221,240,41,41,41],"floor_reached":22,"language":"ENG","playtime":793,"items_purged":[],"score":344,"play_id":"4efdea43-a4fd-4de3-af69-e86eb553a43b","local_time":"20210130133906","is_ascension_mode":true,"campfire_choices":[{"data":"Cleave","floor":6,"key":"SMITH"},{"floor":12,"key":"REST"},{"data":"Seeing Red","floor":15,"key":"SMITH"}],"circlet_count":0,"master_deck":["AscendersBane","Strike_R","Strike_R","Strike_R","Strike_R","Strike_R","Defend_R","Defend_R","Defend_R","Defend_R","Bash","Feed+1","Thunderclap","Cleave+1","Headbutt","Cleave","Whirlwind","Seeing Red+1","Spot Weakness","Armaments","Ghostly Armor","Demon Form","Battle Trance+1","Ghostly Armor","Anger","True Grit"],"relics":["Burning Blood","Strawberry","Regal Pillow","Pen Nib","Runic Pyramid","Chemical X"],"acts_visited":["Exordium","TheCity"],"potions_floor_usage":[7,11,11,18,20,22],"damage_taken":[{"damage":18,"enemies":"Jaw Worm","floor":1,"turns":6},{"damage":0,"enemies":"Small Slimes","floor":2,"turns":3},{"damage":10,"enemies":"Cultist","floor":3,"turns":5},{"damage":52,"enemies":"Gremlin Nob","floor":7,"turns":5},{"damage":30,"enemies":"Lagavulin","floor":11,"turns":7},{"damage":21,"enemies":"Large Slime","floor":13,"turns":4},{"damage":0,"enemies":"Lots of Slimes","floor":14,"turns":1},{"damage":38,"enemies":"Slime Boss","floor":16,"turns":8},{"damage":22,"enemies":"3 Byrds","floor":18,"turns":4},{"damage":53,"enemies":"Shell Parasite","floor":19,"turns":7},{"damage":27,"enemies":"Centurion and Healer","floor":20,"turns":8},{"damage":32,"enemies":"Snake Plant","floor":22,"turns":3}],"seed_played":"5871555136803084669","potions_obtained":[{"floor":1,"key":"GamblersBrew"},{"floor":7,"key":"SkillPotion"},{"floor":10,"key":"Block Potion"},{"floor":10,"key":"AttackPotion"},{"floor":13,"key":"Weak Potion"},{"floor":19,"key":"BlessingOfTheForge"},{"floor":20,"key":"Regen Potion"}],"is_trial":false,"path_per_floor":["M","M","M","?","?","R","E","$","T","?","E","R","M","M","R","B",null,"M","M","M","$","M"],"character_chosen":"IRONCLAD","items_purchased":["Whirlwind","Seeing Red","Chemical X","True Grit"],"campfire_rested":1,"item_purchase_floors":[8,8,21,21],"current_hp_per_floor":[42,51,50,72,72,72,33,33,33,33,13,58,47,53,53,25,87,75,32,15,15,0,0],"gold":41,"neow_bonus":"THREE_RARE_CARDS","is_daily":false,"chose_seed":false,"campfire_upgraded":2,"win_rate":0.0,"timestamp":1612031946,"path_taken":["M","M","M","?","?","R","E","$","T","?","E","R","M","M","R","BOSS","M","M","M","$","?"],"items_purchased_type":["Card","Card","Relic","Card"],"build_version":"2020-12-22","purchased_purges":0,"victory":false,"max_hp_per_floor":[83,86,89,89,89,89,96,96,96,96,100,100,104,104,104,108,108,112,116,120,120,120,120],"card_choices":[{"not_picked":["Berserk","Exhume"],"picked":"Feed","floor":0},{"not_picked":["Reckless Charge","Body Slam"],"picked":"Thunderclap","floor":1},{"not_picked":["Spot Weakness","Metallicize"],"picked":"Cleave","floor":2},{"not_picked":["Bloodletting","Perfected Strike"],"picked":"Headbutt","floor":3},{"not_picked":["Brutality","Havoc"],"picked":"Cleave","floor":7},{"not_picked":["Warcry","Clothesline"],"picked":"Spot Weakness","floor":11},{"not_picked":["Rage","Disarm"],"picked":"Armaments","floor":13},{"not_picked":["Pummel","Seeing Red"],"picked":"Ghostly Armor","floor":14},{"not_picked":["Bludgeon","Juggernaut"],"picked":"Demon Form","floor":16},{"not_picked":["Evolve","Heavy Blade"],"picked":"Battle Trance+1","floor":18},{"not_picked":["Headbutt","Spot Weakness"],"picked":"Ghostly Armor","floor":19},{"not_picked":["Uppercut","Heavy Blade"],"picked":"Anger","floor":20}],"player_experience":327050,"relics_obtained":[{"floor":7,"key":"Strawberry"},{"floor":9,"key":"Regal Pillow"},{"floor":11,"key":"Pen Nib"}],"event_choices":[{"damage_healed":22,"gold_gain":0,"player_choice":"Healed","damage_taken":0,"max_hp_gain":0,"max_hp_loss":0,"event_name":"The Cleric","floor":4,"gold_loss":35},{"damage_healed":0,"gold_gain":0,"player_choice":"Grow","damage_taken":0,"max_hp_gain":0,"max_hp_loss":0,"event_name":"Living Wall","floor":5,"gold_loss":0,"cards_upgraded":["Feed"]},{"damage_healed":0,"gold_gain":0,"player_choice":"Got Potions","damage_taken":0,"max_hp_gain":0,"max_hp_loss":0,"event_name":"Lab","floor":10,"gold_loss":0}],"is_beta":false,"boss_relics":[{"not_picked":["Calling Bell","SlaversCollar"],"picked":"Runic Pyramid"}],"items_purged_floors":[],"is_endless":false,"potions_floor_spawned":[1,7,13,19,20],"killed_by":"Snake Plant","ascension_level":10}}