{"host":"lktusdb9orijgc6z","time":1612029412,"event":{"mods":["BaseMod","Bestiary","Colored Map","Colored Powertips","Minty Spire (QoL Compilation)","Permanent Neow","Quick Restart","Relic Stats","StSLib","everything is the same but u backflip on backflip","slay the spire mod where everything is the same but ironclad has a cowboy hat"],"gold_per_floor":[117,16,16,34,48,48,61,89,162,189,203,203,278,303,303,303,303],"floor_reached":16,"language":"ENG","playtime":450,"items_purged":[],"score":240,"play_id":"ffea352c-d76e-42b9-a8c8-37d0c85a3cce","local_time":"20210130185652","is_ascension_mode":true,"campfire_choices":[{"data":"Sunder","floor":6.0,"key":"SMITH"},{"floor":12.0,"key":"REST"},{"floor":15,"key":"REST"}],"circlet_count":0,"master_deck":["AscendersBane","Strike_B","Strike_B","Strike_B","Defend_B","Defend_B","Defend_B","Defend_B","Zap","Dualcast","Glacier","Doom and Gloom","Cold Snap","Sunder+1","Compile Driver","Sweeping Beam","Coolheaded","Rip and Tear","Hologram","Tempest","Ball Lightning"],"relics":["Cracked Core","Strawberry","Turnip","Bottled Flame","DataDisk","Potion Belt"],"acts_visited":["Exordium"],"potions_floor_usage":[],"damage_taken":[{"damage":5.0,"enemies":"Small Slimes","floor":1.0,"turns":3.0},{"damage":0.0,"enemies":"2 Louse","floor":4.0,"turns":1.0},{"damage":1.0,"enemies":"Jaw Worm","floor":5.0,"turns":4.0},{"damage":6.0,"enemies":"Looter","floor":7.0,"turns":3.0},{"damage":5.0,"enemies":"3 Sentries","floor":8.0,"turns":4.0},{"damage":21.0,"enemies":"Gremlin Nob","floor":10.0,"turns":4.0},{"damage":11.0,"enemies":"Exordium Thugs","floor":11.0,"turns":3.0},{"damage":22,"enemies":"Lagavulin","floor":14,"turns":6},{"damage":38,"enemies":"Hexaghost","floor":16,"turns":9}],"seed_played":"-3317103688302504903","potions_obtained":[{"floor":1.0,"key":"DistilledChaos"},{"floor":4.0,"key":"SpeedPotion"},{"floor":10.0,"key":"BlessingOfTheForge"}],"is_trial":false,"path_per_floor":["M","$","?","M","M","R","M","E","T","E","M","R","?","E","R","B"],"character_chosen":"DEFECT","items_purchased":["Doom and Gloom","Cold Snap"],"campfire_rested":2,"item_purchase_floors":[2,2],"current_hp_per_floor":[66,66,66,66,65,65,59,54,54,33,22,45,34,12,35,0,0],"gold":303,"neow_bonus":"RANDOM_COMMON_RELIC","is_daily":false,"chose_seed":false,"campfire_upgraded":1,"win_rate":0.0,"timestamp":1612029412,"path_taken":["M","$","?","M","M","R","M","E","T","E","M","R","?","E","R","BOSS"],"items_purchased_type":["Card","Card"],"build_version":"2020-12-22","purchased_purges":0,"victory":false,"max_hp_per_floor":[78,78,78,78,78,78,78,78,78,78,78,78,78,78,78,78,78],"relic_stats":{"counters":[9,37],"Turnip":[0],"obtain_stats":[{"Potion Belt":14,"Bottled Flame":9,"DataDisk":10,"Strawberry":0,"Turnip":8,"Cracked Core":0},{"Potion Belt":8,"Bottled Flame":5,"DataDisk":6,"Strawberry":0,"Turnip":5,"Cracked Core":0},{"Potion Belt":28,"Bottled Flame":15,"DataDisk":19,"Strawberry":0,"Turnip":15,"Cracked Core":0}]},"card_choices":[{"not_picked":["Auto Shields","Ball Lightning"],"picked":"Glacier","floor":1.0},{"not_picked":["Double Energy","Stack"],"picked":"Compile Driver","floor":4.0},{"not_picked":["Cold Snap","Skim"],"picked":"Sweeping Beam","floor":5.0},{"not_picked":["Streamline","Hello World"],"picked":"Coolheaded","floor":7.0},{"not_picked":["Steam","Scrape"],"picked":"Rip and Tear","floor":8.0},{"not_picked":["Barrage","Compile Driver"],"picked":"Hologram","floor":10.0},{"not_picked":["Blizzard","Static Discharge"],"picked":"Tempest","floor":11.0},{"not_picked":["Barrage","Sweeping Beam"],"picked":"Ball Lightning","floor":14}],"player_experience":721155,"relics_obtained":[{"floor":8.0,"key":"Turnip"},{"floor":9.0,"key":"Bottled Flame"},{"floor":10.0,"key":"DataDisk"},{"floor":14,"key":"Potion Belt"}],"event_choices":[{"damage_healed":0.0,"max_hp_gain":0.0,"max_hp_loss":0.0,"gold_gain":0.0,"cards_transformed":["Strike_B"],"event_name":"Living Wall","player_choice":"Change","floor":3.0,"gold_loss":0.0,"damage_taken":0.0,"cards_obtained":["Sunder"]},{"damage_healed":0.0,"max_hp_gain":0.0,"max_hp_loss":0.0,"gold_gain":75.0,"event_name":"World of Goop","player_choice":"Gather Gold","floor":13.0,"gold_loss":0.0,"damage_taken":11.0}],"is_beta":false,"boss_relics":[],"items_purged_floors":[],"is_endless":false,"potions_floor_spawned":[1,4,10],"killed_by":"Hexaghost","ascension_level":20}}