{"host":"o7j6aatxjwpw1421","time":1612009796,"event":{"mods":["2.2 Compatiblity","AchievementEnabler","BaseMod","Colored Map","DeckTracker","Highlight Path","Keyboard Shortcuts","Minty Spire (QoL Compilation)","Permanent Neow","Quick Restart","StSLib","SuperFastMode","everything is the same but u backflip on backflip"],"gold_per_floor":[109,121,135,155,171,171,205,205,205,34,47,62,62,62,62,139,139,156,175,175,185,197,197,39,39,39],"floor_reached":25,"language":"KOR","playtime":669,"items_purged":[],"score":414,"play_id":"8029ca63-8088-4416-8c7d-14c28c85f806","local_time":"20210130212956","is_ascension_mode":true,"campfire_choices":[{"data":"Whirlwind","floor":6.0,"key":"SMITH"},{"data":"Inflame","floor":13.0,"key":"SMITH"},{"floor":15.0,"key":"REST"},{"data":"Limit Break","floor":23.0,"key":"SMITH"}],"circlet_count":0,"master_deck":["AscendersBane","Strike_R","Strike_R","Strike_R","Defend_R","Defend_R","Defend_R","Defend_R","Bash","Whirlwind+1","Anger","Sword Boomerang","Impervious","Feed","Inflame+1","Limit Break+1","Entrench","Heavy Blade","Dual Wield+1","Body Slam+1"],"relics":["Burning Blood","Lantern","Self Forming Clay","Chemical X","Black Star","Enchiridion","Akabeko"],"acts_visited":["Exordium","TheCity"],"potions_floor_usage":[25],"damage_taken":[{"damage":2.0,"enemies":"Cultist","floor":1.0,"turns":4.0},{"damage":11.0,"enemies":"Jaw Worm","floor":2.0,"turns":5.0},{"damage":4.0,"enemies":"Small Slimes","floor":3.0,"turns":3.0},{"damage":12.0,"enemies":"3 Louse","floor":4.0,"turns":3.0},{"damage":29.0,"enemies":"Large Slime","floor":5.0,"turns":9.0},{"damage":32.0,"enemies":"Gremlin Nob","floor":7.0,"turns":4.0},{"damage":0.0,"enemies":"2 Fungi Beasts","floor":11.0,"turns":2.0},{"damage":0.0,"enemies":"3 Louse","floor":12.0,"turns":1.0},{"damage":29.0,"enemies":"The Guardian","floor":16.0,"turns":14.0},{"damage":0.0,"enemies":"3 Byrds","floor":18.0,"turns":2.0},{"damage":0.0,"enemies":"Spheric Guardian","floor":19.0,"turns":1.0},{"damage":12.0,"enemies":"Cultist and Chosen","floor":21.0,"turns":3.0},{"damage":24.0,"enemies":"Snecko","floor":22.0,"turns":4.0},{"damage":40,"enemies":"Slavers","floor":25,"turns":4}],"seed_played":"3739540085566227615","potions_obtained":[{"floor":5.0,"key":"PowerPotion"},{"floor":11.0,"key":"Fruit Juice"},{"floor":12.0,"key":"AttackPotion"},{"floor":22.0,"key":"LiquidBronze"}],"is_trial":false,"path_per_floor":["M","M","M","M","M","R","E","?","T","$","M","M","R","?","R","B",null,"M","M","?","M","M","R","$","E"],"character_chosen":"IRONCLAD","items_purchased":["Chemical X","Akabeko"],"campfire_rested":1,"item_purchase_floors":[10,24],"current_hp_per_floor":[72,67,69,63,40,40,14,14,14,14,28,34,34,27,51,31,72,81,87,66,63,45,45,45,5,5],"gold":39,"neow_bonus":"TRANSFORM_CARD","is_daily":false,"chose_seed":false,"campfire_upgraded":3,"win_rate":0.0,"timestamp":1612009796,"path_taken":["M","M","M","?","M","R","E","?","T","$","M","M","R","?","R","BOSS","M","M","?","M","M","R","$","E"],"items_purchased_type":["Relic","Relic"],"build_version":"2020-12-22","purchased_purges":0,"victory":false,"max_hp_per_floor":[75,75,75,75,75,75,75,75,75,75,83,83,83,83,83,86,86,89,89,89,92,92,92,92,92,92],"card_choices":[{"not_picked":["Shrug It Off","Twin Strike","Dual Wield"],"picked":"SKIP","floor":1.0},{"not_picked":["Thunderclap","Clash","Cleave"],"picked":"SKIP","floor":2.0},{"not_picked":["Body Slam","True Grit"],"picked":"Anger","floor":3.0},{"not_picked":["Flex","Headbutt"],"picked":"Sword Boomerang","floor":4.0},{"not_picked":["True Grit","Uppercut"],"picked":"Impervious","floor":5.0},{"not_picked":["Body Slam","Combust"],"picked":"Feed","floor":7.0},{"not_picked":["Perfected Strike","Sword Boomerang","Metallicize"],"picked":"SKIP","floor":11.0},{"not_picked":["Clothesline","Pommel Strike"],"picked":"Inflame","floor":12.0},{"not_picked":["Brutality","Immolate"],"picked":"Limit Break","floor":16.0},{"not_picked":["Body Slam","Iron Wave+1"],"picked":"Entrench","floor":18.0},{"not_picked":["Searing Blow","Clothesline"],"picked":"Heavy Blade","floor":19.0},{"not_picked":["Flex","Sword Boomerang","Dual Wield+1"],"picked":"SKIP","floor":21.0},{"not_picked":["Flex","Sword Boomerang"],"picked":"Dual Wield+1","floor":21.0},{"not_picked":["Bloodletting+1","Burning Pact"],"picked":"Body Slam+1","floor":22.0}],"player_experience":649092,"relics_obtained":[{"floor":7.0,"key":"Lantern"},{"floor":9.0,"key":"Self Forming Clay"},{"floor":20.0,"key":"Enchiridion"}],"event_choices":[{"damage_healed":0.0,"max_hp_gain":0.0,"max_hp_loss":0.0,"gold_gain":0.0,"event_name":"Shining Light","player_choice":"Ignored","floor":8.0,"gold_loss":0.0,"damage_taken":0.0},{"cards_removed":["Strike_R"],"damage_healed":0.0,"max_hp_gain":0.0,"max_hp_loss":0.0,"gold_gain":0.0,"event_name":"Golden Wing","player_choice":"Card Removal","floor":14.0,"gold_loss":0.0,"damage_taken":7.0},{"damage_healed":0.0,"max_hp_gain":0.0,"max_hp_loss":0.0,"gold_gain":0.0,"event_name":"Cursed Tome","player_choice":"Obtained Book","floor":20.0,"gold_loss":0.0,"damage_taken":21.0}],"is_beta":false,"boss_relics":[{"not_picked":["Ectoplasm","Runic Dome"],"picked":"Black Star"}],"items_purged_floors":[],"is_endless":false,"potions_floor_spawned":[5,11,12,22],"killed_by":"Slavers","ascension_level":20}}