{"host":"y7b1p9nkx4idorr2","time":1612000480,"event":{"mods":["AchievementEnabler","Act Like it!","BaseMod","Colored Map","Downfall","GifTheSpireLib","Googly Eyes","Highlight Path","Mimic Mod","Minty Spire (QoL Compilation)","Shop Mod","Spicy Shops","StSLib","Unceasing Turn Reminder"],"gold_per_floor":[99,110,125,35,48,60,95,95,123,108,108,8,0,28,38,140,140,40,54,71,71,71,71],"floor_reached":21,"language":"ENG","playtime":1699,"items_purged":["hexamod:Strike"],"score":208,"play_id":"4dfb723e-ec41-4f3f-81c5-48a0d01da6fe","local_time":"20210130035440","is_ascension_mode":true,"campfire_choices":[{"data":"hexamod:TimeOfNeed","floor":1,"key":"SMITH"},{"data":"hexamod:NecessarySacrifice","floor":8,"key":"SMITH"},{"data":"hexamod:EmpoweredFlame","floor":12,"key":"SMITH"},{"data":"hexamod:GhostflameInferno","floor":18,"key":"SMITH"}],"circlet_count":0,"master_deck":["hexamod:Strike","hexamod:Strike","hexamod:Defend","hexamod:Defend","hexamod:Defend","hexamod:Defend","hexamod:Sear","hexamod:Float","hexamod:TimeOfNeed+1","hexamod:NecessarySacrifice+1","hexamod:GhostflameBarrier","hexamod:SwordOfDarkness+1","hexamod:HauntingEcho","hexamod:Hexaguard","hexamod:SuperheatedStrike","hexamod:EmpoweredFlame+1","hexamod:FifthSeal","hexamod:WildfireWeapon","hexamod:ThirdSeal","hexamod:FirstSeal","hexamod:SixthSeal","hexamod:FastForward","hexamod:FastForward+1","hexamod:GhostflameInferno+1","hexamod:ApocalypticArmor","hexamod:FourthSeal","hexamod:GhostLash","hexamod:FlamesFromBeyond+1","hexamod:FirstSeal","hexamod:CatchUp+1"],"relics":["hexamod:UnbrokenSoul","Happy Flower","downfall:HeartBlessingGreen","White Beast Statue","downfall:HeartBlessingBlue"],"acts_visited":["Exordium","TheCity"],"potions_floor_usage":[9,13,16,16,20,21],"damage_taken":[{"damage":0,"enemies":"Cultist","floor":2,"turns":3},{"damage":0,"enemies":"2 Louse","floor":3,"turns":2},{"damage":0,"enemies":"downfall:FleeingMerchant","floor":4,"turns":4},{"damage":0,"enemies":"Jaw Worm","floor":5,"turns":3},{"damage":12,"enemies":"Exordium Thugs","floor":6,"turns":4},{"damage":0,"enemies":"Red Slaver","floor":7,"turns":7},{"damage":2,"enemies":"3 Sentries","floor":9,"turns":9},{"damage":0,"enemies":"downfall:FleeingMerchant","floor":10,"turns":4},{"damage":0,"enemies":"downfall:FleeingMerchant","floor":13,"turns":4},{"damage":18,"enemies":"Lagavulin","floor":14,"turns":6},{"damage":11,"enemies":"Red Slaver","floor":15,"turns":4},{"damage":31,"enemies":"DF_ARCHETYPE_STREAMLINE","floor":16,"turns":9},{"damage":51,"enemies":"Spheric Guardian","floor":19,"turns":6},{"damage":16,"enemies":"Chosen and Byrds","floor":20,"turns":5},{"damage":18,"enemies":"Cultist and Chosen","floor":21,"turns":4}],"seed_played":"-6071608804382638","potions_obtained":[{"floor":2,"key":"CultistPotion"},{"floor":5,"key":"Regen Potion"},{"floor":6,"key":"Dexterity Potion"},{"floor":9,"key":"Regen Potion"},{"floor":15,"key":"ColorlessPotion"},{"floor":16,"key":"Guardian:BlockOnCardUsePotion"},{"floor":19,"key":"bronze:BurnAndBuffPotion"},{"floor":20,"key":"Block Potion"}],"is_trial":false,"path_per_floor":["R","M","M","$","M","M","MIM","R","E","$","?","R","$","E","M","B",null,"R","M","M","M"],"character_chosen":"THE_SPIRIT","items_purchased":[],"campfire_rested":0,"item_purchase_floors":[],"current_hp_per_floor":[63,63,63,63,63,51,51,51,49,49,49,49,63,45,41,26,63,73,29,13,0,0,0],"gold":71,"neow_bonus":"THREE_RARE_CARDS","is_daily":false,"chose_seed":false,"campfire_upgraded":4,"win_rate":0.0,"timestamp":1612000480,"path_taken":["R","M","M","$","M","?","MIM","R","E","$","?","R","?","E","M","BOSS","R","M","M","M"],"items_purchased_type":[],"build_version":"2020-12-22","purchased_purges":1,"victory":false,"max_hp_per_floor":[63,63,63,63,63,63,63,63,63,63,63,63,63,63,63,63,63,73,73,73,73,73,73],"card_choices":[{"not_picked":["hexamod:UnlimitedPower","hexamod:WildfireWeapon"],"picked":"hexamod:TimeOfNeed","floor":0},{"not_picked":["hexamod:HeatMetal","hexamod:Firestarter"],"picked":"hexamod:NecessarySacrifice","floor":2},{"not_picked":["hexamod:RainOfEmbers","hexamod:BurningTouch"],"picked":"hexamod:GhostflameBarrier","floor":3},{"not_picked":["hexamod:GhostShield","hexamod:SoulSteal"],"picked":"hexamod:SwordOfDarkness","floor":4},{"not_picked":["hexamod:BacktrackSmack","hexamod:Again"],"picked":"hexamod:HauntingEcho","floor":5},{"not_picked":["hexamod:GhostShield","hexamod:GhostOfSpirePast"],"picked":"hexamod:Hexaguard","floor":6},{"not_picked":["hexamod:GhostShield","hexamod:SpectralAdrenaline"],"picked":"hexamod:SuperheatedStrike","floor":7},{"not_picked":["hexamod:ShieldOfDarkness","hexamod:UnleashSpirits"],"picked":"hexamod:EmpoweredFlame","floor":9},{"not_picked":["hexamod:GhostShield","hexamod:NightmareStrike"],"picked":"hexamod:FifthSeal","floor":10},{"not_picked":["hexamod:CatchUp","hexamod:Haunt"],"picked":"hexamod:WildfireWeapon","floor":13},{"not_picked":["hexamod:FirstSeal","hexamod:FourthSeal"],"picked":"hexamod:ThirdSeal","floor":14},{"not_picked":["hexamod:SkipABeat","hexamod:TimeWarp"],"picked":"hexamod:FirstSeal","floor":14},{"not_picked":["hexamod:ThirdSeal","hexamod:SecondSeal"],"picked":"hexamod:SixthSeal","floor":15},{"not_picked":["hexamod:HeatCrush","hexamod:SpectralSpark"],"picked":"hexamod:FastForward","floor":15},{"not_picked":["hexamod:SpectersWail","hexamod:NightmareStrike"],"picked":"hexamod:FastForward","floor":15},{"not_picked":["hexamod:WildfireWeapon","hexamod:VolcanoVisage"],"picked":"hexamod:GhostflameInferno","floor":16},{"not_picked":["hexamod:UnleashSpirits","hexamod:ApocalypseNow"],"picked":"hexamod:ApocalypticArmor","floor":16},{"not_picked":["hexamod:FirstSeal","hexamod:SecondSeal"],"picked":"hexamod:FourthSeal","floor":19},{"not_picked":["hexamod:ChargedBarrage","hexamod:RainOfEmbers"],"picked":"hexamod:GhostLash","floor":19},{"not_picked":["hexamod:Incineration","hexamod:SpectersWail"],"picked":"hexamod:FlamesFromBeyond+1","floor":19},{"not_picked":["hexamod:FourthSeal","hexamod:ThirdSeal"],"picked":"hexamod:FirstSeal","floor":20},{"not_picked":["hexamod:NightmareStrike+1","hexamod:SpectersWail"],"picked":"hexamod:CatchUp+1","floor":20}],"player_experience":2228809,"relics_obtained":[{"floor":9,"key":"Happy Flower"},{"floor":14,"key":"White Beast Statue"}],"event_choices":[{"cards_removed":["hexamod:Strike"],"damage_healed":0,"gold_gain":0,"player_choice":"Card Removal","damage_taken":0,"max_hp_gain":0,"max_hp_loss":0,"event_name":"Wheel of Change","floor":11,"gold_loss":0}],"is_beta":false,"boss_relics":[{"not_picked":["Cursed Key","Runic Dome"],"picked":"hexamod:UnbrokenSoul"}],"items_purged_floors":[4],"is_endless":false,"potions_floor_spawned":[2,5,6,9,14,15,16,19,20],"killed_by":"Cultist and Chosen","ascension_level":2}}