{"host":"1c52r9kaxdyo25eq","time":1612005414,"event":{"mods":["AchievementEnabler","BaseMod","DeckTracker","Minty Spire (QoL Compilation)","Rare Cards Sparkle","SuperFastMode","everything is the same but u backflip on backflip"],"gold_per_floor":[118,135,135,148,33,33,33,68,68,84,98,161,161,32,32,104,104,122,122,122,135,210,210,220,220,220],"floor_reached":25,"language":"KOR","playtime":621,"items_purged":["Strike_R"],"score":372,"play_id":"ceb73855-964e-4e27-8395-9393abc3d53c","local_time":"20210130201654","is_ascension_mode":true,"campfire_choices":[{"data":"Evolve","floor":6.0,"key":"SMITH"},{"data":"True Grit","floor":15.0,"key":"SMITH"},{"data":"1","floor":23.0,"key":"LIFT"}],"circlet_count":0,"master_deck":["AscendersBane","Strike_R","Strike_R","Strike_R","Strike_R","Defend_R+1","Defend_R","Defend_R","Defend_R+1","Bash","Twin Strike","Evolve+1","Feel No Pain","Shrug It Off","Fire Breathing","Battle Trance","Wild Strike","True Grit+1","Immolate"],"relics":["Burning Blood","War Paint","Bird Faced Urn","Pear","Question Card","Girya","Mercury Hourglass","SlaversCollar","The Courier"],"acts_visited":["Exordium","TheCity"],"potions_floor_usage":[24,24],"damage_taken":[{"damage":0.0,"enemies":"Cultist","floor":1.0,"turns":3.0},{"damage":2.0,"enemies":"Jaw Worm","floor":2.0,"turns":4.0},{"damage":4.0,"enemies":"Small Slimes","floor":4.0,"turns":3.0},{"damage":21.0,"enemies":"3 Sentries","floor":8.0,"turns":10.0},{"damage":6.0,"enemies":"Red Slaver","floor":10.0,"turns":4.0},{"damage":23.0,"enemies":"Blue Slaver","floor":11.0,"turns":4.0},{"damage":19.0,"enemies":"3 Sentries","floor":12.0,"turns":5.0},{"damage":2.0,"enemies":"The Guardian","floor":16.0,"turns":13.0},{"damage":24.0,"enemies":"Chosen","floor":18.0,"turns":5.0},{"damage":45.0,"enemies":"3 Byrds","floor":21.0,"turns":5.0},{"damage":16,"enemies":"Snake Plant","floor":24,"turns":6},{"damage":32,"enemies":"Snecko","floor":25,"turns":6}],"seed_played":"424313407065570673","potions_obtained":[{"floor":8.0,"key":"Weak Potion"},{"floor":11.0,"key":"Block Potion"}],"is_trial":false,"path_per_floor":["M","M","T","M","$","R","?","E","T","M","M","?","?","$","R","B",null,"M","?","?","M","T","R","M","M"],"character_chosen":"IRONCLAD","items_purchased":["Feel No Pain","Shrug It Off","True Grit"],"campfire_rested":0,"item_purchase_floors":[5,5,14],"current_hp_per_floor":[74,75,75,75,75,75,80,77,77,79,68,61,61,61,61,71,85,72,72,72,39,39,39,35,9,9],"gold":220,"neow_bonus":"RANDOM_COMMON_RELIC","is_daily":false,"chose_seed":false,"campfire_upgraded":2,"win_rate":0.0,"timestamp":1612005414,"path_taken":["M","M","?","?","$","R","?","E","T","M","M","?","?","$","R","BOSS","M","?","?","M","?","R","M","M"],"items_purchased_type":["Card","Card","Card"],"build_version":"2020-12-22","purchased_purges":1,"victory":false,"max_hp_per_floor":[75,75,75,75,75,75,80,90,90,90,90,90,90,90,90,90,90,90,90,90,90,90,90,90,90,90],"card_choices":[{"not_picked":["Headbutt","Entrench"],"picked":"Twin Strike","floor":1.0},{"not_picked":["Thunderclap","Twin Strike","Whirlwind"],"picked":"SKIP","floor":2.0},{"not_picked":["Clash","Sever Soul"],"picked":"Evolve","floor":4.0},{"not_picked":["Havoc","Headbutt"],"picked":"Fire Breathing","floor":8.0},{"not_picked":["Perfected Strike","Iron Wave","Entrench"],"picked":"Battle Trance","floor":10.0},{"not_picked":["Heavy Blade","Combust","Sentinel"],"picked":"Wild Strike","floor":11.0},{"not_picked":["Reaper","Brutality","Limit Break"],"picked":"Immolate","floor":16.0},{"not_picked":["Hemokinesis+1","Headbutt","Havoc","Anger"],"picked":"SKIP","floor":18.0},{"not_picked":["Feel No Pain+1","Ghostly Armor","Rupture","Armaments"],"picked":"SKIP","floor":21.0},{"not_picked":["True Grit","Searing Blow","Seeing Red","Shrug It Off"],"picked":"SKIP","floor":24}],"player_experience":633827,"relics_obtained":[{"floor":3.0,"key":"Bird Faced Urn"},{"floor":8.0,"key":"Pear"},{"floor":9.0,"key":"Question Card"},{"floor":12.0,"key":"Girya"},{"floor":13.0,"key":"Mercury Hourglass"},{"floor":22.0,"key":"The Courier"}],"event_choices":[{"damage_healed":0.0,"max_hp_gain":5.0,"max_hp_loss":0.0,"gold_gain":0.0,"event_name":"Big Fish","player_choice":"Donut","floor":7.0,"gold_loss":0.0,"damage_taken":0.0},{"damage_healed":0.0,"max_hp_gain":0.0,"max_hp_loss":0.0,"gold_gain":0.0,"event_name":"Dead Adventurer","player_choice":"Searched \u00271\u0027 times","floor":12.0,"gold_loss":0.0,"damage_taken":0.0},{"damage_healed":0.0,"max_hp_gain":0.0,"max_hp_loss":0.0,"gold_gain":0.0,"event_name":"Wheel of Change","player_choice":"Relic","floor":13.0,"gold_loss":0.0,"damage_taken":0.0},{"damage_healed":0.0,"max_hp_gain":0.0,"max_hp_loss":0.0,"gold_gain":0.0,"event_name":"Vampires","player_choice":"Ignored","floor":19.0,"gold_loss":0.0,"damage_taken":0.0},{"damage_healed":0.0,"max_hp_gain":0.0,"max_hp_loss":0.0,"gold_gain":0.0,"event_name":"Ghosts","player_choice":"Ignored","floor":20.0,"gold_loss":0.0,"damage_taken":0.0}],"is_beta":false,"boss_relics":[{"not_picked":["Snecko Eye","Runic Dome"],"picked":"SlaversCollar"}],"items_purged_floors":[14],"is_endless":false,"potions_floor_spawned":[8,11,12,21],"killed_by":"Snecko","ascension_level":17}}