{"host":"l5zfpd2l2htson6l","time":1612001103,"event":{"mods":["AchievementEnabler","BaseMod","Colored Map","Colored Powertips","Minty Spire (QoL Compilation)","Permanent Neow","Quick Restart","Rare Cards Sparkle","Relic Stats","SuperFastMode"],"gold_per_floor":[117,127,147,147,163,163,163,188,211,211,211,243,243,262,262,262,262],"floor_reached":16,"language":"ENG","playtime":588,"items_purged":[],"score":187,"play_id":"089b0697-c878-4bae-ae75-e8fd5b6f1c25","local_time":"20210130020503","is_ascension_mode":true,"campfire_choices":[{"floor":6,"key":"REST"},{"floor":10,"key":"REST"},{"data":"Uppercut","floor":13,"key":"SMITH"},{"floor":15,"key":"REST"}],"circlet_count":0,"master_deck":["AscendersBane","Strike_R","Strike_R","Strike_R","Strike_R","Strike_R","Defend_R","Defend_R","Defend_R","Defend_R","Bash","Wild Strike","Pummel","Uppercut+1","Hemokinesis","Bludgeon","Warcry"],"relics":["Burning Blood","Peace Pipe","Omamori","Art of War","Centennial Puzzle","Bag of Preparation"],"acts_visited":["Exordium"],"potions_floor_usage":[14],"damage_taken":[{"damage":8,"enemies":"Jaw Worm","floor":1,"turns":5},{"damage":6,"enemies":"2 Louse","floor":2,"turns":3},{"damage":0,"enemies":"Small Slimes","floor":3,"turns":3},{"damage":24,"enemies":"Exordium Thugs","floor":5,"turns":5},{"damage":41,"enemies":"Lagavulin","floor":8,"turns":6},{"damage":39,"enemies":"3 Sentries","floor":12,"turns":8},{"damage":5,"enemies":"Red Slaver","floor":14,"turns":2},{"damage":36,"enemies":"The Guardian","floor":16,"turns":11}],"seed_played":"-5181672702627104587","potions_obtained":[{"floor":1,"key":"Ancient Potion"},{"floor":5,"key":"PowerPotion"},{"floor":12,"key":"SkillPotion"}],"is_trial":false,"path_per_floor":["M","M","M","?","M","R","?","E","T","R","?","E","R","M","R","B"],"character_chosen":"IRONCLAD","items_purchased":[],"campfire_rested":3,"item_purchase_floors":[],"current_hp_per_floor":[48,48,54,47,29,51,51,16,16,38,43,10,10,11,35,0,0],"gold":262,"neow_bonus":"ONE_RARE_RELIC","is_daily":false,"chose_seed":false,"campfire_upgraded":1,"win_rate":0.0,"timestamp":1612001103,"path_taken":["M","M","M","?","M","R","?","E","T","R","?","E","R","?","R","BOSS"],"items_purchased_type":[],"build_version":"2020-12-22","purchased_purges":0,"victory":false,"max_hp_per_floor":[75,75,75,75,75,75,75,75,75,75,80,80,80,80,80,80,80],"relic_stats":{"Peace Pipe":0,"Centennial Puzzle":[9],"counters":[8,43],"Art of War":[3],"Bag of Preparation":[4],"obtain_stats":[{"Peace Pipe":0,"Centennial Puzzle":9,"Omamori":4,"Art of War":8,"Bag of Preparation":12,"Burning Blood":0},{"Peace Pipe":0,"Centennial Puzzle":5,"Omamori":3,"Art of War":5,"Bag of Preparation":6,"Burning Blood":0},{"Peace Pipe":0,"Centennial Puzzle":22,"Omamori":11,"Art of War":22,"Bag of Preparation":30,"Burning Blood":0}],"Burning Blood":42},"card_choices":[{"not_picked":["Flame Barrier","Iron Wave"],"picked":"Wild Strike","floor":1},{"not_picked":["Thunderclap","Rupture"],"picked":"Pummel","floor":2},{"not_picked":["Heavy Blade","Armaments"],"picked":"Uppercut","floor":3},{"not_picked":["Perfected Strike","Heavy Blade"],"picked":"Hemokinesis","floor":5},{"not_picked":["Headbutt","Body Slam"],"picked":"Bludgeon","floor":8},{"not_picked":["Iron Wave","Rampage","Corruption"],"picked":"SKIP","floor":12},{"not_picked":["Burning Pact","Armaments"],"picked":"Warcry","floor":14}],"player_experience":783981,"relics_obtained":[{"floor":8,"key":"Art of War"},{"floor":9,"key":"Centennial Puzzle"},{"floor":12,"key":"Bag of Preparation"}],"event_choices":[{"damage_healed":0,"gold_gain":0,"player_choice":"Success","damage_taken":7,"relics_obtained":["Omamori"],"max_hp_gain":0,"max_hp_loss":0,"event_name":"Scrap Ooze","floor":4,"gold_loss":0},{"damage_healed":0,"gold_gain":0,"player_choice":"Ignored","damage_taken":0,"max_hp_gain":0,"max_hp_loss":0,"event_name":"Liars Game","floor":7,"gold_loss":0},{"damage_healed":0,"gold_gain":0,"player_choice":"Donut","damage_taken":0,"max_hp_gain":5,"max_hp_loss":0,"event_name":"Big Fish","floor":11,"gold_loss":0}],"is_beta":false,"boss_relics":[],"items_purged_floors":[],"is_endless":false,"potions_floor_spawned":[1,5,12],"killed_by":"The Guardian","ascension_level":14}}