{"host":"kda2p2afd6bvz6qo","time":1612028118,"event":{"mods":["BaseMod","Colored Map","Minty Spire (QoL Compilation)","Relic Stats"],"gold_per_floor":[119,138,138,156,176,176,176,176,176,209,209,222,222,242,242,318,318,337,170,190,19,19,19],"floor_reached":22,"language":"ENG","playtime":1168,"items_purged":[],"score":372,"play_id":"90166156-bdd5-41d8-af31-2eaf12ed34ec","local_time":"20210130173518","is_ascension_mode":true,"campfire_choices":[{"data":"Deadly Poison","floor":6,"key":"SMITH"},{"floor":8,"key":"REST"},{"floor":11,"key":"REST"},{"data":"Footwork","floor":13,"key":"SMITH"},{"data":"Leg Sweep","floor":15,"key":"SMITH"}],"circlet_count":0,"master_deck":["AscendersBane","Strike_G+1","Strike_G","Defend_G","Defend_G","Defend_G","Defend_G","Defend_G","Survivor","Neutralize","Quick Slash+1","Quick Slash","Deadly Poison+1","Acrobatics","Footwork+1","Deflect","Leg Sweep+1","Corpse Explosion","Unload+1","Storm of Steel+1","Night Terror+1","Quick Slash+1","Outmaneuver","Adrenaline","PiercingWail","Terror"],"relics":["Philosopher\u0027s Stone","Unceasing Top","Torii","Astrolabe","Orrery","Nunchaku"],"acts_visited":["Exordium","TheCity"],"potions_floor_usage":[10,10],"damage_taken":[{"damage":0,"enemies":"2 Louse","floor":1,"turns":4},{"damage":6,"enemies":"Small Slimes","floor":2,"turns":5},{"damage":0,"enemies":"Cultist","floor":4,"turns":3},{"damage":5,"enemies":"Red Slaver","floor":5,"turns":3},{"damage":28,"enemies":"3 Sentries","floor":10,"turns":12},{"damage":1,"enemies":"Looter","floor":12,"turns":4},{"damage":0,"enemies":"3 Louse","floor":14,"turns":3},{"damage":37,"enemies":"The Guardian","floor":16,"turns":12},{"damage":6,"enemies":"Shell Parasite","floor":18,"turns":5},{"damage":21,"enemies":"3 Byrds","floor":20,"turns":4},{"damage":35,"enemies":"Shelled Parasite and Fungi","floor":22,"turns":5}],"seed_played":"3551946981053063568","potions_obtained":[{"floor":2,"key":"DuplicationPotion"},{"floor":5,"key":"LiquidBronze"},{"floor":14,"key":"FairyPotion"},{"floor":16,"key":"Explosive Potion"}],"is_trial":false,"path_per_floor":["M","M","?","M","M","R","?","R","T","E","R","M","R","M","R","B",null,"M","$","M","$","M"],"character_chosen":"THE_SILENT","items_purchased":["Orrery","Nunchaku"],"campfire_rested":2,"item_purchase_floors":[19,21],"current_hp_per_floor":[59,53,33,33,28,28,28,47,47,19,38,37,37,37,37,19,54,48,48,27,27,0,0],"gold":19,"neow_bonus":"BOSS_RELIC","is_daily":false,"chose_seed":false,"campfire_upgraded":3,"win_rate":0.0,"timestamp":1612028118,"path_taken":["M","M","?","M","M","R","?","R","T","E","R","M","R","M","R","BOSS","M","$","M","$","M"],"items_purchased_type":["Relic","Relic"],"build_version":"2020-12-22","purchased_purges":0,"victory":false,"max_hp_per_floor":[66,66,66,66,66,66,66,66,66,66,66,66,66,66,66,66,66,66,66,66,66,66,66],"relic_stats":{"Nunchaku":[0],"Torii":10,"counters":[11,60],"Astrolabe":["Unload","Storm of Steel","Night Terror"],"obtain_stats":[{"Nunchaku":21,"Torii":10,"Astrolabe":17,"Orrery":19,"Philosopher\u0027s Stone":0,"Unceasing Top":9,"Ring of the Snake":0},{"Nunchaku":10,"Torii":5,"Astrolabe":8,"Orrery":9,"Philosopher\u0027s Stone":0,"Unceasing Top":4,"Ring of the Snake":0},{"Nunchaku":55,"Torii":27,"Astrolabe":46,"Orrery":51,"Philosopher\u0027s Stone":0,"Unceasing Top":15,"Ring of the Snake":0}],"Unceasing Top":[8]},"card_choices":[{"not_picked":["Outmaneuver","Cloak And Dagger"],"picked":"Quick Slash","floor":1},{"not_picked":["Cloak And Dagger","Finisher"],"picked":"Quick Slash","floor":2},{"not_picked":["Dodge and Roll","Well Laid Plans"],"picked":"Deadly Poison","floor":4},{"not_picked":["Blur","Flying Knee"],"picked":"Acrobatics","floor":5},{"not_picked":["PiercingWail","Poisoned Stab"],"picked":"Footwork","floor":10},{"not_picked":["Dagger Spray","Choke"],"picked":"Deflect","floor":12},{"not_picked":["Flechettes","Outmaneuver"],"picked":"Leg Sweep","floor":14},{"not_picked":["Glass Knife","Storm of Steel"],"picked":"Corpse Explosion","floor":16},{"not_picked":["Bane","Blade Dance"],"picked":"Quick Slash+1","floor":18},{"not_picked":["Masterful Stab+1","Underhanded Strike"],"picked":"Outmaneuver","floor":19},{"not_picked":["Blade Dance","Cloak And Dagger"],"picked":"Adrenaline","floor":19},{"not_picked":["Deflect","Cloak And Dagger"],"picked":"PiercingWail","floor":19},{"not_picked":["Flying Knee","Glass Knife"],"picked":"Terror","floor":19},{"not_picked":["Underhanded Strike","Dagger Throw","Predator"],"picked":"SKIP","floor":20}],"player_experience":177786,"relics_obtained":[{"floor":9,"key":"Unceasing Top"},{"floor":10,"key":"Torii"}],"event_choices":[{"damage_healed":0,"gold_gain":0,"player_choice":"Entered Light","damage_taken":20,"max_hp_gain":0,"max_hp_loss":0,"event_name":"Shining Light","floor":3,"gold_loss":0,"cards_upgraded":["Quick Slash","Strike_G"]},{"damage_healed":0,"gold_gain":0,"player_choice":"Ignored","damage_taken":0,"max_hp_gain":0,"max_hp_loss":0,"event_name":"Liars Game","floor":7,"gold_loss":0}],"is_beta":false,"boss_relics":[{"not_picked":["Black Star","Coffee Dripper"],"picked":"Astrolabe"}],"items_purged_floors":[],"is_endless":false,"potions_floor_spawned":[2,5,14,16],"killed_by":"Shelled Parasite and Fungi","ascension_level":20}}