{"host":"ifcf0cy5l3qbxi8r","time":1612011850,"event":{"mods":["Act Like it!","Arknights The Spire","BaseMod","Gensokyo","Minty Spire (QoL Compilation)","StSLib"],"gold_per_floor":[115,128,139,139,139,171,186,186,186,186,220,63,94,94,94,192,242,260,276,296,296,314,314,343,14,14,43,43,57,57,57,57,57,57],"floor_reached":33,"language":"ZHS","playtime":1306,"items_purged":[],"score":354,"play_id":"cc171999-f2a6-4898-a9fb-459c032acc8d","local_time":"20210130210410","is_ascension_mode":true,"campfire_choices":[{"data":"ats:Serious Mode","floor":8,"key":"SMITH"},{"floor":15,"key":"REST"},{"floor":23,"key":"REST"},{"data":"ats:Neurotoxin","floor":28,"key":"SMITH"},{"floor":32,"key":"REST"}],"circlet_count":0,"master_deck":["ats:Strike G","ats:Strike S","ats:Strike V","ats:Armor Crushing Shot+1","ats:Defend","ats:Defend","ats:Defend","ats:Defend","ats:Emotion Absorption","ats:Serious Mode+1","ats:Explosion Area Strengthen","ats:Powerful Strike+1","ats:Poison Spread+1","ats:Rapid Magazine","ats:Consecutive Shot Auto+1","ats:Fractured Body","ats:Overload","ats:Blood Oath","ats:Shadow Assault","ats:Wolf Pack","ats:Curse Doll","ats:Rat Pack","ats:Absolute Focus+1","ats:Flexible Camouflage+1","Gensokyo:MenInBlack","ats:Neurotoxin+1","ats:Rat Pack","Gensokyo:MenInBlack"],"relics":["ats:Sanity","NeowsBlessing","Pear","ats:Originium","Vajra","Ancient Tea Set","Matryoshka","Tiny House","Lizard Tail","Omamori","ats:Lavender","Shuriken","Medical Kit","Whetstone","Bottled Flame","Meat on the Bone"],"acts_visited":["Exordium","Gensokyo:Gensokyo"],"potions_floor_usage":[13,19,20,22,24,29,33],"damage_taken":[{"damage":0,"enemies":"Gensokyo:2_Kodama","floor":1,"turns":1},{"damage":0,"enemies":"Gensokyo:3_Fairies","floor":2,"turns":2},{"damage":0,"enemies":"Gensokyo:Gryphon","floor":3,"turns":1},{"damage":21,"enemies":"Gensokyo:Mamizou","floor":6,"turns":9},{"damage":7,"enemies":"Gensokyo:Kitsune","floor":7,"turns":3},{"damage":14,"enemies":"Gensokyo:Cirno","floor":11,"turns":5},{"damage":0,"enemies":"Gensokyo:Mamizou","floor":13,"turns":5},{"damage":54,"enemies":"Gensokyo:Kokoro","floor":16,"turns":7},{"damage":17,"enemies":"Gensokyo:Chomper","floor":18,"turns":5},{"damage":15,"enemies":"Gensokyo:AngelMirror","floor":19,"turns":3},{"damage":58,"enemies":"Gensokyo:3_Gloops","floor":20,"turns":6},{"damage":12,"enemies":"Gensokyo:Slime_Group","floor":22,"turns":3},{"damage":11,"enemies":"Gensokyo:Koishi","floor":24,"turns":4},{"damage":16,"enemies":"Gensokyo:Tenshi","floor":27,"turns":5},{"damage":16,"enemies":"Gensokyo:Wraith","floor":29,"turns":2},{"damage":160,"enemies":"Gensokyo:Eternal_Rivals","floor":33,"turns":12}],"seed_played":"7038213974505495543","potions_obtained":[{"floor":2,"key":"Fire Potion"},{"floor":11,"key":"Fire Potion"},{"floor":16,"key":"DistilledChaos"},{"floor":17,"key":"Fire Potion"},{"floor":19,"key":"PowerPotion"},{"floor":22,"key":"BlessingOfTheForge"},{"floor":24,"key":"SkillPotion"}],"is_trial":false,"path_per_floor":["M","M","M","?","?","E","M","R","T","?","E","COS","E","?","R","B",null,"M","M","M","T","M","R","E","COS","T","E","R","M","?","?","R","B"],"character_chosen":"DOCTOR_CLASS","items_purchased":[],"campfire_rested":3,"item_purchase_floors":[],"current_hp_per_floor":[72,72,72,67,67,46,39,39,39,39,25,25,28,28,52,1,87,73,61,30,30,20,46,43,43,43,31,31,31,31,31,54,0,0],"gold":57,"neow_bonus":"THREE_ENEMY_KILL","is_daily":false,"chose_seed":false,"campfire_upgraded":2,"win_rate":0.0,"timestamp":1612011850,"path_taken":["M","M","M","?","?","E","M","R","T","?","E","COS","E","?","R","BOSS","M","M","?","?","?","R","E","COS","T","E","R","M","?","?","R","BOSS"],"items_purchased_type":[],"build_version":"2020-12-22","purchased_purges":0,"victory":false,"max_hp_per_floor":[72,72,72,82,82,82,82,82,82,82,82,82,82,82,82,82,87,87,87,87,87,87,87,87,87,87,87,87,87,79,79,79,79,79],"card_choices":[{"not_picked":["ats:Poison Spread","ats:Closed Bolt Burst Fire"],"picked":"ats:Serious Mode","floor":1},{"not_picked":["ats:Absolute Focus","ats:Consecutive Shot Auto"],"picked":"ats:Explosion Area Strengthen","floor":2},{"not_picked":["ats:Ignite","ats:Part Time Job"],"picked":"ats:Powerful Strike","floor":3},{"not_picked":["ats:Consecutive Shot Auto","ats:Flexible Camouflage"],"picked":"ats:Rapid Magazine","floor":6},{"not_picked":["ats:Encircling Forest","ats:Revitalization"],"picked":"ats:Consecutive Shot Auto","floor":7},{"not_picked":["ats:Revitalization","ats:Hammer On"],"picked":"ats:Fractured Body","floor":10},{"not_picked":["ats:Guard Mode","ats:Blood Oath"],"picked":"ats:Overload","floor":10},{"not_picked":["ats:Very Hot Blade","ats:Powerful Strike"],"picked":"ats:Blood Oath","floor":11},{"not_picked":["ats:Healing Strengthening","ats:Ignite"],"picked":"ats:Shadow Assault","floor":13},{"not_picked":["ats:Volcano","ats:Disruption Kick"],"picked":"ats:Wolf Pack","floor":16},{"not_picked":["ats:Support Order","ats:Assault Order"],"picked":"ats:Curse Doll","floor":17},{"not_picked":["ats:Cat Scratch","ats:Assault Order","ats:LN2 Cannon"],"picked":"SKIP","floor":18},{"not_picked":["ats:Powerful Strike+1","ats:Explosion Area Strengthen","ats:Assault Order"],"picked":"SKIP","floor":19},{"not_picked":["ats:Flame Of Heaven","ats:Powerful Strike"],"picked":"ats:Rat Pack","floor":20},{"not_picked":["ats:Mental Burst","ats:Beaten Up"],"picked":"ats:Absolute Focus+1","floor":22},{"not_picked":["ats:Curse Doll+1","ats:Overload+1"],"picked":"ats:Flexible Camouflage+1","floor":24},{"not_picked":["ats:Composite Medical Shells+1","ats:Cat Scratch+1"],"picked":"ats:Neurotoxin","floor":27},{"not_picked":["ats:Poison Spread","ats:Red Shift"],"picked":"ats:Rat Pack","floor":29},{"not_picked":["Gensokyo:Doppelganger","Gensokyo:Kunekune"],"picked":"Gensokyo:MenInBlack","floor":30}],"player_experience":99062,"relics_obtained":[{"floor":6,"key":"ats:Originium"},{"floor":6,"key":"Vajra"},{"floor":11,"key":"ats:Originium"},{"floor":11,"key":"Ancient Tea Set"},{"floor":13,"key":"ats:Originium"},{"floor":13,"key":"Matryoshka"},{"floor":21,"key":"Omamori"},{"floor":21,"key":"ats:Lavender"},{"floor":24,"key":"ats:Originium"},{"floor":24,"key":"Shuriken"},{"floor":26,"key":"Whetstone"},{"floor":26,"key":"Bottled Flame"},{"floor":27,"key":"Meat on the Bone"}],"event_choices":[],"is_beta":false,"boss_relics":[{"not_picked":["Fusion Hammer","Philosopher\u0027s Stone"],"picked":"Tiny House"}],"items_purged_floors":[],"is_endless":false,"potions_floor_spawned":[2,11,16,18,19,22,24],"killed_by":"Gensokyo:Eternal_Rivals","ascension_level":2}}