{"host":"sc0o2qwpf9j16a4i","time":1612031257,"event":{"mods":["AchievementEnabler","BaseMod","BetterRewards","Block Reminder","Colored Map","Colored Powertips","Custom Start","Highlight Path","Minty Spire (QoL Compilation)","Relic Stats"],"gold_per_floor":[109,109,124,140,157,185,185,214,241,241,276,286,306,333,333,432,432,445,23,23,55,65,65,28,28,73,85,107,119,119],"floor_reached":29,"language":"ENG","playtime":790,"items_purged":["Zap"],"score":373,"play_id":"d645c806-d7e3-4db9-9ff9-4ec4ee5f8393","local_time":"20210130202737","daily_mods":["Chimera","Time Dilation","DeadlyEvents"],"is_ascension_mode":false,"campfire_choices":[{"floor":7,"key":"REST"},{"data":"TalkToTheHand","floor":10,"key":"SMITH"},{"floor":15,"key":"REST"},{"data":"Meditate","floor":23,"key":"SMITH"},{"data":"Worship","floor":27,"key":"SMITH"}],"circlet_count":0,"master_deck":["Bash+1","Survivor","Eruption","Strike_R","Strike_G","Strike_B","Defend_R","Defend_G","Defend_P+1","EmptyFist+1","CrushJoints","TalkToTheHand+1","Tantrum","FlurryOfBlows","SashWhip","Meditate+1","ClearTheMind","Protect","DeceiveReality","LessonLearned","Sanctity","ThirdEye+1","Protect","CarveReality","Worship+1","EmptyBody"],"relics":["PureWater","CultistMask","Akabeko","Oddly Smooth Stone","Bag of Marbles","Regal Pillow","PreservedInsect","VioletLotus","OrangePellets","Lantern","Eternal Feather","Toy Ornithopter","MawBank"],"acts_visited":["Exordium","TheCity"],"potions_floor_usage":[14,21,21,29],"damage_taken":[{"damage":11,"enemies":"Jaw Worm","floor":1,"turns":3},{"damage":0,"enemies":"2 Louse","floor":3,"turns":2},{"damage":0,"enemies":"Cultist","floor":4,"turns":2},{"damage":8,"enemies":"Blue Slaver","floor":5,"turns":4},{"damage":28,"enemies":"Lagavulin","floor":6,"turns":5},{"damage":2,"enemies":"3 Sentries","floor":8,"turns":3},{"damage":8,"enemies":"Gremlin Nob","floor":11,"turns":3},{"damage":0,"enemies":"3 Louse","floor":12,"turns":1},{"damage":0,"enemies":"Exordium Thugs","floor":13,"turns":3},{"damage":0,"enemies":"3 Sentries","floor":14,"turns":3},{"damage":0,"enemies":"Slime Boss","floor":16,"turns":4},{"damage":0,"enemies":"Shell Parasite","floor":18,"turns":3},{"damage":0,"enemies":"Book of Stabbing","floor":21,"turns":3},{"damage":0,"enemies":"Chosen","floor":22,"turns":1},{"damage":2,"enemies":"Snake Plant","floor":28,"turns":4},{"damage":105,"enemies":"Gremlin Leader","floor":29,"turns":12}],"seed_played":"739241844992993508","potions_obtained":[{"floor":6,"key":"BottledMiracle"},{"floor":8,"key":"SkillPotion"},{"floor":11,"key":"FearPotion"},{"floor":16,"key":"Energy Potion"},{"floor":22,"key":"SpeedPotion"}],"is_trial":true,"path_per_floor":["M","?","M","M","M","E","R","E","T","R","E","M","M","E","R","B",null,"M","$","?","E","M","R","$","?","T","R","M","E"],"character_chosen":"WATCHER","items_purchased":["OrangePellets","Lantern","ThirdEye","Worship"],"campfire_rested":2,"item_purchase_floors":[19,19,19,24],"current_hp_per_floor":[61,61,61,61,53,25,46,44,44,44,36,36,36,36,72,72,72,72,72,72,72,72,72,72,72,72,72,70,0,0],"gold":119,"neow_bonus":"","is_daily":false,"chose_seed":false,"campfire_upgraded":3,"win_rate":0.0,"timestamp":1612031257,"path_taken":["M","?","M","M","M","E","R","?","T","R","?","?","M","E","R","BOSS","M","$","?","?","M","R","$","?","T","R","?","E"],"items_purchased_type":["Relic","Relic","Card","Card"],"build_version":"2020-12-22","purchased_purges":1,"victory":false,"max_hp_per_floor":[72,72,72,72,72,72,72,72,72,72,72,72,72,72,72,72,72,72,72,72,72,72,72,72,72,72,72,72,72,72],"relic_stats":{"OrangePellets":[0],"Regal Pillow":15,"counters":[16,56],"Eternal Feather":0,"PreservedInsect":91,"VioletLotus":[6],"MawBank":36,"obtain_stats":[{"Regal Pillow":11,"Lantern":19,"Oddly Smooth Stone":8,"Eternal Feather":20,"PreservedInsect":14,"MawBank":26,"Akabeko":6,"OrangePellets":19,"CultistMask":2,"VioletLotus":17,"Bag of Marbles":9,"PureWater":0,"Toy Ornithopter":21},{"Regal Pillow":7,"Lantern":12,"Oddly Smooth Stone":6,"Eternal Feather":12,"PreservedInsect":10,"MawBank":14,"Akabeko":5,"OrangePellets":12,"CultistMask":1,"VioletLotus":11,"Bag of Marbles":6,"PureWater":0,"Toy Ornithopter":13},{"Regal Pillow":22,"Lantern":36,"Oddly Smooth Stone":19,"Eternal Feather":36,"PreservedInsect":29,"MawBank":40,"Akabeko":16,"OrangePellets":36,"CultistMask":3,"VioletLotus":33,"Bag of Marbles":19,"PureWater":0,"Toy Ornithopter":39}],"Toy Ornithopter":2},"card_choices":[{"not_picked":["FlurryOfBlows","ForeignInfluence"],"picked":"EmptyFist","floor":1},{"not_picked":["MentalFortress","WreathOfFlame"],"picked":"CrushJoints","floor":3},{"not_picked":["Halt","Study"],"picked":"TalkToTheHand","floor":4},{"not_picked":["Swivel","Indignation"],"picked":"Tantrum","floor":5},{"not_picked":["Pray","MentalFortress"],"picked":"FlurryOfBlows","floor":6},{"not_picked":["Crescendo","Prostrate"],"picked":"SashWhip","floor":8},{"not_picked":["ConjureBlade","Fasting2"],"picked":"Meditate","floor":11},{"not_picked":["WheelKick","ReachHeaven"],"picked":"ClearTheMind","floor":12},{"not_picked":["FlyingSleeves","EmptyFist"],"picked":"Protect","floor":13},{"not_picked":["FlyingSleeves","SashWhip"],"picked":"DeceiveReality","floor":14},{"not_picked":["Blasphemy","DeusExMachina"],"picked":"LessonLearned","floor":16},{"not_picked":["SignatureMove+1","CutThroughFate"],"picked":"Sanctity","floor":18},{"not_picked":["SashWhip","Evaluate"],"picked":"Protect","floor":21},{"not_picked":["FollowUp","PathToVictory"],"picked":"CarveReality","floor":22},{"not_picked":["CrushJoints","WreathOfFlame"],"picked":"EmptyBody","floor":28}],"player_experience":1104570,"relics_obtained":[{"floor":6,"key":"Akabeko"},{"floor":8,"key":"Oddly Smooth Stone"},{"floor":9,"key":"Bag of Marbles"},{"floor":11,"key":"Regal Pillow"},{"floor":14,"key":"PreservedInsect"},{"floor":21,"key":"Toy Ornithopter"},{"floor":26,"key":"MawBank"}],"event_choices":[{"damage_healed":0,"gold_gain":0,"player_choice":"Trade","damage_taken":0,"relics_obtained":["CultistMask"],"max_hp_gain":0,"max_hp_loss":0,"event_name":"FaceTrader","floor":2,"gold_loss":0},{"damage_healed":0,"gold_gain":0,"player_choice":"Gave Potion","damage_taken":0,"relics_obtained":["Eternal Feather"],"max_hp_gain":0,"max_hp_loss":0,"event_name":"WeMeetAgain","floor":20,"gold_loss":0},{"damage_healed":0,"gold_gain":0,"player_choice":"Ignored","damage_taken":0,"max_hp_gain":0,"max_hp_loss":0,"event_name":"Vampires","floor":25,"gold_loss":0}],"is_beta":false,"boss_relics":[{"not_picked":["Astrolabe","Pandora\u0027s Box"],"picked":"VioletLotus"}],"items_purged_floors":[19],"is_endless":false,"potions_floor_spawned":[6,8,11,13,16,22],"killed_by":"Gremlin Leader","ascension_level":0}}