{"host":"1xfdmobzcya69py0","time":1612032394,"event":{"mods":["AchievementEnabler","BaseMod","BetterRewards","Colored Powertips","Downfall","Gold Saver","Marisa（F雨　魔理沙）","Minty Spire (QoL Compilation)","MostiFishMod","Remove Card Discount Mod","Replay The Spire","Ryuuou龙王","Shop Mod","Spicy Shops","StSLib","SuperFastMode","The Bug Knight","The Cursed","The Jungle","noobMod","篝火指南"],"gold_per_floor":[119,129,141,158,170,195,195,224,224,244,7,80,80,110,106,211,211,231,258,19,40,40,82,82,117,117,145,177,177,198,219,215,339,-1061,-1046,-1046,-1025,-1010,-993,-993,-961,-961,-961,-928,-928,-928,-914,-887,-857,-837,-837,-830,-830,-830,-830,-797,-744],"floor_reached":58,"language":"ZHS","playtime":2118,"items_purged":["Defend_R","Defend_R","Strike_R","Strike_R","Defend_R","Strike_R","Bash","Strike_R","Strike_R","Blood for Blood","Defend_R","Bloodletting","CommonCold","Heavy Blade+1"],"score":2576,"play_id":"242233ad-0c0e-4a40-9901-a066a47c692d","local_time":"20210131024634","is_ascension_mode":true,"campfire_choices":[{"floor":7,"key":"RECALL"},{"data":"MostiFishMod:RacingGame","floor":24,"key":"SMITH"},{"data":"MostiFishMod:KingOfFree","floor":40,"key":"SMITH"},{"data":"Thunderclap","floor":42,"key":"SMITH"},{"floor":54,"key":"REST"}],"circlet_count":0,"master_deck":["Heavy Blade+1","Limit Break+1","Thunderclap+1","MostiFishMod:RacingGame+1","MostiFishMod:KingOfFree+1","MostiFishMod:DarkDeal"],"relics":["Burning Blood","ice","DaveBox","Dodecahedron","SynthV:TestCard","Divine Protection","Red Skull","MostiFishMod:AdaptiveDefenses","HollowDreamFlower","Singing Bowl","Sozu","MerchantsRug","ReplayTheSpireMod:Ring of Exchange","Replay:Wax Seal","ReplayTheSpireMod:Lightbulb","Magic Flower","Whetstone","SynthV:MejaisSoulstealer","Ice Cream","Snack Pack","Bottled Flame","Bronze Scales","Bag of Preparation"],"acts_visited":["Exordium","TheCity","TheBeyond","TheEnding"],"potions_floor_usage":[4,8,14,16],"damage_taken":[{"damage":0,"enemies":"Cultist","floor":1,"turns":4},{"damage":2,"enemies":"Jaw Worm","floor":2,"turns":3},{"damage":8,"enemies":"2 Louse","floor":3,"turns":2},{"damage":0,"enemies":"Lots of Slimes","floor":4,"turns":1},{"damage":11,"enemies":"2 Fungi Beasts","floor":5,"turns":4},{"damage":27,"enemies":"Replay:BlueRogue","floor":6,"turns":5},{"damage":25,"enemies":"Lagavulin","floor":8,"turns":5},{"damage":1,"enemies":"Looter","floor":10,"turns":2},{"damage":9,"enemies":"Replay:BlueRogue","floor":14,"turns":5},{"damage":33,"enemies":"Slime Boss","floor":16,"turns":7},{"damage":7,"enemies":"Chosen","floor":18,"turns":3},{"damage":0,"enemies":"3 Byrds","floor":21,"turns":1},{"damage":0,"enemies":"HollowMod:Nosk","floor":23,"turns":2},{"damage":0,"enemies":"Slavers","floor":25,"turns":1},{"damage":0,"enemies":"Sentry and Sphere","floor":27,"turns":1},{"damage":0,"enemies":"Gremlin Leader","floor":28,"turns":1},{"damage":0,"enemies":"Shelled Parasite and Fungi","floor":30,"turns":1},{"damage":4,"enemies":"Cultist and Chosen","floor":31,"turns":2},{"damage":0,"enemies":"Pondfish","floor":33,"turns":2},{"damage":16,"enemies":"3 Shapes","floor":35,"turns":1},{"damage":0,"enemies":"3 Darklings","floor":37,"turns":1},{"damage":0,"enemies":"Jaw Worm Horde","floor":38,"turns":1},{"damage":0,"enemies":"Maw","floor":39,"turns":1},{"damage":0,"enemies":"Nemesis","floor":41,"turns":1},{"damage":0,"enemies":"HollowMod:StalkingDevout","floor":44,"turns":1},{"damage":0,"enemies":"Jaw Worm Horde","floor":47,"turns":1},{"damage":0,"enemies":"Transient","floor":48,"turns":1},{"damage":0,"enemies":"Reptomancer","floor":49,"turns":1},{"damage":24,"enemies":"4 Shapes","floor":50,"turns":1},{"damage":0,"enemies":"Time Eater","floor":52,"turns":1},{"damage":0,"enemies":"Shield and Spear","floor":56,"turns":1},{"damage":220,"enemies":"The Heart","floor":57,"turns":3}],"seed_played":"-3523005050633524659","potions_obtained":[{"floor":3,"key":"Explosive Potion"},{"floor":5,"key":"EssenceOfSteel"},{"floor":6,"key":"Strength Potion"},{"floor":8,"key":"CultistPotion"},{"floor":14,"key":"Dexterity Potion"},{"floor":16,"key":"Fire Potion"}],"is_trial":false,"path_per_floor":["M","M","M","M","M","E","R","E","T","M","$","?","?","E","R","B",null,"M","T","$","M","?","E","R","E","T","M","E","?","M","M","R","B",null,"M","?","M","M","M","R","E","R","T","E","PTL","PTL","M","M","E","M","R","B",null,"R","$","E","B",null],"character_chosen":"IRONCLAD","items_purchased":["MostiFishMod:AdaptiveDefenses","HollowDreamFlower","MerchantsRug","MostiFishMod:KingOfFree"],"campfire_rested":1,"item_purchase_floors":[11,11,20,20],"current_hp_per_floor":[88,88,86,88,83,62,62,43,43,48,48,48,48,51,51,37,77,82,82,82,94,94,96,96,98,98,100,102,102,104,106,106,108,108,110,110,112,114,116,116,118,118,118,120,120,120,122,124,126,122,122,128,128,128,128,128,71],"gold":-744,"neow_bonus":"TEN_PERCENT_HP_BONUS","is_daily":false,"chose_seed":false,"campfire_upgraded":3,"win_rate":0.0,"timestamp":1612032394,"path_taken":["M","?","M","M","M","E","R","E","T","M","$","?","?","E","R","BOSS","M","?","$","M","?","E","R","E","T","M","E","?","M","M","R","BOSS","M","?","M","M","M","R","E","R","T","E","PTL","PTL","?","M","E","M","R","BOSS","R","$","E","BOSS"],"items_purchased_type":["Relic","Relic","Relic","Card"],"build_version":"2020-12-22","purchased_purges":14,"victory":true,"max_hp_per_floor":[88,88,88,88,88,88,88,88,88,88,88,88,88,90,90,90,90,92,92,92,94,94,96,96,98,98,100,102,102,104,106,106,108,108,110,110,112,114,116,116,118,118,118,120,120,120,122,124,126,128,128,128,128,128,128,128,128],"card_choices":[{"not_picked":["Headbutt","Defy Death","Life Link"],"picked":"SKIP","floor":1},{"not_picked":["Rage","Battle Trance","Intimidate","Perfected Strike"],"picked":"Blood for Blood","floor":2},{"not_picked":["Carnage","Replay:Undeath\u0027s Touch","Dark Embrace","Flex"],"picked":"Heavy Blade","floor":3},{"not_picked":["Armaments","Metallicize","Havoc","Clothesline","Sever Soul"],"picked":"SKIP","floor":4},{"not_picked":["True Grit","ReplayTheSpireMod:Corrosion Curse","Blood for Blood","ReplayTheSpireMod:Stacked"],"picked":"Limit Break","floor":5},{"not_picked":["Warcry","Body Slam","Havoc","MostiFishMod:HellRitual"],"picked":"Bloodletting","floor":6},{"not_picked":["Anger","Battle Trance","Feel No Pain","Searing Blow"],"picked":"Heavy Blade","floor":8},{"not_picked":["Sword Boomerang","Twin Strike","True Grit","Clash"],"picked":"Thunderclap","floor":10},{"not_picked":["Bloodletting","MostiFishMod:WingOfPhoenix","MostiFishMod:HellRitual","Uppercut","Rampage"],"picked":"Singing Bowl","floor":14},{"not_picked":["MostiFishMod:WingOfPhoenix","MostiFishMod:ChineseTea","MostiFishMod:DarkDeal","MostiFishMod:RainCloud"],"picked":"MostiFishMod:RacingGame","floor":16},{"not_picked":["Pommel Strike","Thunderclap","Searing Blow+1","Run Through","Body Slam+1"],"picked":"Singing Bowl","floor":18},{"not_picked":["Headbutt","Twin Strike","Wild Strike","Rampage+1","Perfected Strike"],"picked":"Singing Bowl","floor":21},{"not_picked":["Wild Strike","Perfected Strike","Sword Boomerang","Dropkick","Body Slam"],"picked":"Singing Bowl","floor":23},{"not_picked":["True Grit","Dual Wield","Replay:Undeath\u0027s Touch+1","Massacre","Immolate"],"picked":"Singing Bowl","floor":25},{"not_picked":["Pommel Strike","Defy Death+1","Sentinel+1","Seeing Red","Carnage"],"picked":"Singing Bowl","floor":27},{"not_picked":["Iron Wave+1","Pommel Strike","Clash","Thunderclap","Anger+1"],"picked":"Singing Bowl","floor":28},{"not_picked":["Warcry+1","Second Wind","Armaments","Brutality","Run Through+1"],"picked":"Singing Bowl","floor":30},{"not_picked":["Iron Wave","Cleave","Clothesline+1","Wild Strike","Anger"],"picked":"Singing Bowl","floor":31},{"not_picked":["Demon Form","Brutality","Demonic Infusion","MostiFishMod:FireWorks","MostiFishMod:OrdinaryWorld"],"picked":"Singing Bowl","floor":33},{"not_picked":["Reckless Charge+1","Life Link","Perfected Strike+1","True Grit","Sentinel+1"],"picked":"Singing Bowl","floor":35},{"not_picked":["True Grit+1","Defy Death+1","Thunderclap+1","Heavy Blade","Dark Embrace"],"picked":"Singing Bowl","floor":37},{"not_picked":["Iron Wave","Clash","Cleave+1","Replay:Undeath\u0027s Touch+1","Disarm"],"picked":"Singing Bowl","floor":38},{"not_picked":["Run Through+1","Sword Boomerang","Power Through+1","Fire Breathing","Searing Blow"],"picked":"Singing Bowl","floor":39},{"not_picked":["True Grit","Perfected Strike","Burning Pact","Evolve","Carnage+1"],"picked":"Singing Bowl","floor":41},{"not_picked":["Carnage+1","Spot Weakness","True Grit+1","Armaments","Defy Death"],"picked":"Singing Bowl","floor":44},{"not_picked":["Armaments+1","ReplayTheSpireMod:Strike From Hell+1","Thunderclap","Cleave+1","Metallicize"],"picked":"Singing Bowl","floor":47},{"not_picked":["Rage","Flex","MostiFishMod:BrandingRite+1","Feed","Fire Breathing+1"],"picked":"Singing Bowl","floor":48},{"not_picked":["Reckless Charge","Sever Soul+1","Perfected Strike+1","Wild Strike","Clothesline"],"picked":"Singing Bowl","floor":49},{"not_picked":["Armaments+1","Inflame+1","ReplayReversal+1","Perfected Strike+1","Dual Wield"],"picked":"Singing Bowl","floor":50},{"not_picked":["Anger+1","Hemokinesis+1","Dual Wield+1","ReplayTheSpireMod:Strike From Hell+1"],"picked":"MostiFishMod:DarkDeal","floor":56}],"player_experience":79230,"relics_obtained":[{"floor":1,"key":"SynthV:TestCard"},{"floor":6,"key":"Divine Protection"},{"floor":8,"key":"Red Skull"},{"floor":14,"key":"Singing Bowl"},{"floor":19,"key":"Blood Vial"},{"floor":22,"key":"ReplayTheSpireMod:Ring of Exchange"},{"floor":23,"key":"Replay:Wax Seal"},{"floor":25,"key":"ReplayTheSpireMod:Lightbulb"},{"floor":26,"key":"Magic Flower"},{"floor":28,"key":"Whetstone"},{"floor":41,"key":"Ice Cream"},{"floor":43,"key":"Snack Pack"},{"floor":44,"key":"Bottled Flame"},{"floor":49,"key":"Bronze Scales"},{"floor":56,"key":"Bag of Preparation"}],"event_choices":[{"damage_healed":0,"gold_gain":73,"player_choice":"Gained Gold","damage_taken":0,"max_hp_gain":0,"max_hp_loss":0,"event_name":"Golden Wing","floor":12,"gold_loss":0},{"damage_healed":0,"gold_gain":0,"player_choice":"Got Potions","damage_taken":0,"max_hp_gain":0,"max_hp_loss":0,"event_name":"Lab","floor":13,"gold_loss":0},{"damage_healed":0,"gold_gain":0,"player_choice":"Ignored","damage_taken":0,"max_hp_gain":0,"max_hp_loss":0,"event_name":"Cursed Tome","floor":29,"gold_loss":0},{"damage_healed":0,"gold_gain":0,"player_choice":"Upgraded","damage_taken":0,"max_hp_gain":0,"max_hp_loss":0,"event_name":"Upgrade Shrine","floor":36,"gold_loss":0,"cards_upgraded":["Limit Break"]}],"is_beta":false,"boss_relics":[{"not_picked":["xbg","Ring of Chaos"],"picked":"Sozu"},{"not_picked":["MetatronsCube","Replay:Wanted Poster"],"picked":"SynthV:MejaisSoulstealer"}],"items_purged_floors":[11,11,11,11,11,11,11,15,15,20,20,20,32,32],"is_endless":false,"potions_floor_spawned":[3,5,6,8,14,16,23,25,27,37,39,47,50,56],"ascension_level":5}}