{"host":"qfskrnw3pl1q86j0","time":1612029468,"event":{"mods":["BaseMod","Block Reminder","Hermit","Marisa????????","Minty Spire (QoL Compilation)","Quick Restart","Random Character Button","Relic Stats","StSLib","The Poker Player","slay the spire mod where everything is the same but ironclad has a cowboy hat"],"gold_per_floor":[115,25,25,36,47,47,59,76,101,133,133,59,75,87,87,182,182,182,107,124,223,242,242,242,242],"floor_reached":24,"language":"ENG","playtime":616,"items_purged":[],"score":250,"play_id":"5a67c8a5-cff6-4271-a233-eeba98e6354b","local_time":"20210130185748","is_ascension_mode":false,"campfire_choices":[{"data":"MasterSpark","floor":6.0,"key":"SMITH"},{"data":"OortCloud","floor":11.0,"key":"SMITH"},{"data":"MilkyWay","floor":15.0,"key":"SMITH"},{"data":"GrandCross","floor":23,"key":"SMITH"}],"circlet_count":0,"master_deck":["Strike_MRS","Strike_MRS","Strike_MRS","Defend_MRS","Defend_MRS","Defend_MRS","Defend_MRS","MasterSpark+1","UpSweep","SprinkleStarSeal","MilkyWay+1","AlicesGift","OortCloud+1","SporeBomb","StarBarrage","GrandCross+1","EnergyFlow","NonDirectionalLaser+1"],"relics":["MiniHakkero","Anchor","Blood Vial","Philosopher\u0027s Stone"],"acts_visited":["Exordium","TheCity"],"potions_floor_usage":[22,24],"damage_taken":[{"damage":0.0,"enemies":"Small Slimes","floor":1.0,"turns":2.0},{"damage":1.0,"enemies":"Jaw Worm","floor":4.0,"turns":3.0},{"damage":4.0,"enemies":"2 Louse","floor":5.0,"turns":3.0},{"damage":1.0,"enemies":"Looter","floor":7.0,"turns":4.0},{"damage":2.0,"enemies":"Large Slime","floor":8.0,"turns":3.0},{"damage":8.0,"enemies":"3 Sentries","floor":10.0,"turns":6.0},{"damage":0.0,"enemies":"2 Fungi Beasts","floor":13.0,"turns":3.0},{"damage":0.0,"enemies":"Blue Slaver","floor":14.0,"turns":2.0},{"damage":0.0,"enemies":"Slime Boss","floor":16.0,"turns":7.0},{"damage":0.0,"enemies":"3 Byrds","floor":18.0,"turns":1.0},{"damage":6.0,"enemies":"Shell Parasite","floor":20.0,"turns":5.0},{"damage":14,"enemies":"3 Cultists","floor":22,"turns":4},{"damage":3,"enemies":"Slavers","floor":24,"turns":2}],"seed_played":"-7644308795946422861","potions_obtained":[{"floor":1.0,"key":"LiquidBronze"},{"floor":5.0,"key":"Block Potion"},{"floor":7.0,"key":"FearPotion"},{"floor":13.0,"key":"SmokeBomb"},{"floor":20.0,"key":"PowerPotion"}],"is_trial":false,"path_per_floor":["M","$","?","M","M","R","M","M","T","E","R","$","M","M","R","B",null,"M","?","M","?","M","R","E"],"character_chosen":"MARISA","items_purchased":["MilkyWay","AlicesGift","EnergyFlow"],"campfire_rested":0,"item_purchase_floors":[2,2,12],"current_hp_per_floor":[82,82,82,81,77,77,76,74,74,66,66,66,68,70,70,72,82,82,82,76,76,64,64,63,63],"gold":242,"neow_bonus":"TEN_PERCENT_HP_BONUS","is_daily":false,"chose_seed":false,"campfire_upgraded":4,"win_rate":0.0,"timestamp":1612029468,"path_taken":["M","$","?","M","M","R","M","M","T","E","R","$","M","M","R","BOSS","M","?","M","?","M","R","E"],"items_purchased_type":["Card","Card","Card"],"build_version":"2020-12-22","purchased_purges":0,"victory":false,"max_hp_per_floor":[82,82,82,82,82,82,82,82,82,82,82,82,82,82,82,82,82,82,82,82,82,82,82,82,82],"relic_stats":{"Blood Vial":10,"counters":[13,45],"obtain_stats":[{"Blood Vial":10,"Anchor":9,"Philosopher\u0027s Stone":17,"MiniHakkero":0},{"Blood Vial":6,"Anchor":5,"Philosopher\u0027s Stone":9,"MiniHakkero":0},{"Blood Vial":21,"Anchor":15,"Philosopher\u0027s Stone":33,"MiniHakkero":0}]},"card_choices":[{"not_picked":["ChargeUpSpray","IllusionStar"],"picked":"SprinkleStarSeal","floor":1.0},{"not_picked":["PropBag","UnstableBomb"],"picked":"OortCloud","floor":4.0},{"not_picked":["ShootTheMoon","LuminesStrike"],"picked":"SporeBomb","floor":5.0},{"not_picked":["PowerUp","SporeBomb"],"picked":"StarBarrage","floor":7.0},{"not_picked":["TreasureHunter","DoubleSpark","GravityBeat"],"picked":"SKIP","floor":8.0},{"not_picked":["StarlightTyphoon","DC"],"picked":"GrandCross","floor":10.0},{"not_picked":["DoubleSpark","IllusionStar","NonDirectionalLaser"],"picked":"SKIP","floor":13.0},{"not_picked":["Acceleration","DarkMatter","IllusionStar"],"picked":"SKIP","floor":14.0},{"not_picked":["RefractionSpark","AsteroidBelt+1"],"picked":"NonDirectionalLaser+1","floor":20.0},{"not_picked":["EnergyRecoil","GrandCross","MachineGunSpark"],"picked":"SKIP","floor":22}],"player_experience":1023492,"relics_obtained":[{"floor":9.0,"key":"Anchor"},{"floor":10.0,"key":"Blood Vial"}],"event_choices":[{"damage_healed":0.0,"max_hp_gain":0.0,"max_hp_loss":0.0,"gold_gain":0.0,"event_name":"Liars Game","player_choice":"Ignored","floor":3.0,"gold_loss":0.0,"damage_taken":0.0},{"cards_removed":["Strike_MRS"],"damage_healed":0.0,"max_hp_gain":0.0,"max_hp_loss":0.0,"gold_gain":0.0,"event_name":"Beggar","player_choice":"Gave Gold","floor":19.0,"gold_loss":75.0,"damage_taken":0.0},{"damage_healed":0.0,"max_hp_gain":0.0,"max_hp_loss":0.0,"gold_gain":99.0,"event_name":"Nest","player_choice":"Stole From Cult","floor":21.0,"gold_loss":0.0,"damage_taken":0.0}],"is_beta":false,"boss_relics":[{"not_picked":["Black Star","Empty Cage"],"picked":"Philosopher\u0027s Stone"}],"items_purged_floors":[],"is_endless":false,"potions_floor_spawned":[1,5,7,13,14,20],"killed_by":"Slavers","ascension_level":0}}