{"host":"htqwg582tjjtn9p7","time":1612008686,"event":{"mods":["2.2 Compatiblity","AchievementEnabler","Act Like it!","Aspiration","BaseMod","Better Third Choice","Colored Map","Conspire","Curses Come First","Displayed Cursed Tome","Energized Spire","Force Act Four","Fox Events","GifTheSpireLib","Hermit","Highlight Path","JesterMod","Mad Scientist","Minty Spire (QoL Compilation)","Pale of the Ancients","Permanent Neow","Random Character Button","Relic Stats","Reliquary","Replay The Spire","Robot Space Explorer","Somnambulant","Spicy Shops","Spikes Relics","StSLib","Stuff the Spire","The Blue Laboratory","The Bug Knight","The Forsaken","The Gatherer","The Judge","The Jungle","The Marked","The Runesmith","The Servant 0.9.4","Uncapped"],"gold_per_floor":[114,149,149,149,164,164,192,192,269,289,308,342,0,0,0,103,180,198,218,30,45,19,46,46,81,158,189,205,230,329,329,329,434,511,522,575,55,74,74,109,109,144,248,281,301,335,349,378,378,378,394,409,409,1,1,15,15,174,174,174],"floor_reached":61,"language":"ENG","playtime":3134,"items_purged":["Pain","RobotSpaceExplorer:Strike","RobotSpaceExplorer:Defend"],"score":3108,"play_id":"d858ab5c-1f2f-4fa2-93df-fee36f7ab747","local_time":"20210130131126","is_ascension_mode":true,"campfire_choices":[{"data":"RobotSpaceExplorer:SlimeMissile","floor":6,"key":"SMITH"},{"data":"RobotSpaceExplorer:MiniBoosters","floor":15,"key":"SMITH"},{"data":"RobotSpaceExplorer:Multitool","floor":24,"key":"SMITH"},{"data":"RobotSpaceExplorer:Strike","floor":32,"key":"PURGE"},{"data":"RobotSpaceExplorer:Strike","floor":41,"key":"PURGE"},{"data":"RobotSpaceExplorer:Strike","floor":49,"key":"PURGE"},{"data":"RobotSpaceExplorer:Defend","floor":55,"key":"PURGE"},{"data":"RobotSpaceExplorer:SlimeMissile+1","floor":57,"key":"PURGE"}],"circlet_count":0,"master_deck":["RobotSpaceExplorer:Defend","RobotSpaceExplorer:Defend","RobotSpaceExplorer:Scan","RobotSpaceExplorer:MiniLasers","RobotSpaceExplorer:Multitool+1","RobotSpaceExplorer:StunGrenade","RobotSpaceExplorer:ScrapShield+1","RobotSpaceExplorer:StunGrenade","RobotSpaceExplorer:MiniDrones","Pot Of Greed+1","Pot Of Greed+1","RobotSpaceExplorer:Pulsar+1","RobotSpaceExplorer:MiniBoosters+1","RobotSpaceExplorer:DroneSwarm","RobotSpaceExplorer:Calculate+1","RobotSpaceExplorer:MiniDrones","Master of Strategy+1","RobotSpaceExplorer:ChargingLaser","Pot Of Greed+1","RobotSpaceExplorer:Pulsar+1","RobotSpaceExplorer:FranticSearch+1","RobotSpaceExplorer:StarLightning","RobotSpaceExplorer:ScrapMissile+1","RobotSpaceExplorer:Counterblock+1","RobotSpaceExplorer:PowerCollector","RobotSpaceExplorer:JunkDive+1","RobotSpaceExplorer:PlasmaMissile","RobotSpaceExplorer:IronShell+1","RobotSpaceExplorer:SurgingShield+1","RobotSpaceExplorer:StarLightning","RobotSpaceExplorer:Probe+1","Pot Of Greed+1","RobotSpaceExplorer:Pulsar+1","RobotSpaceExplorer:ScrapMissile","RobotSpaceExplorer:MiniDrones","RobotSpaceExplorer:PowerCollector","RobotSpaceExplorer:MiniDrones","RobotSpaceExplorer:FranticSearch+1","RobotSpaceExplorer:ScrapMissile"],"relics":["RobotSpaceExplorer:RoboCore","foxEvents:LuckyCharm","Toxic Egg 2","Rawhide","Grinning Jar","Membership Card","Orrery","StuffTheSpire:Kangaroo","Divine Protection","HornCleat","reliquary:JackalopeAntler","RollingBoulder","Question Card","CherryCoatedStake","energizedSpire:RedRose","Gambling Chip","Kunai","Peace Pipe","conspire:GiftBox","Vajra","Singing Bowl","StuffTheSpire:DarkSteelAnvil","Art of War","ReplayTheSpireMod:TigerMarble","Lizard Tail","Lantern","paleoftheancients:Timepiece","CultistMask","paleoftheancients:SoulOfTheWokeBloke","BrokenLever","StuffTheSpire:BottledEssence","Medical Kit","Pen Nib"],"acts_visited":["Exordium","TheCity","TheBeyond","TheBeyond"],"potions_floor_usage":[12,12,18,27,33,36,51,60],"damage_taken":[{"damage":0,"enemies":"Small Slimes","floor":1,"turns":4},{"damage":10,"enemies":"Colosseum Slavers","floor":2,"turns":4},{"damage":0,"enemies":"2 Louse","floor":5,"turns":2},{"damage":17,"enemies":"3 Sentries","floor":7,"turns":11},{"damage":0,"enemies":"Jaw Worm","floor":10,"turns":3},{"damage":7,"enemies":"Large Slime","floor":11,"turns":5},{"damage":0,"enemies":"Gremlin Nob","floor":12,"turns":4},{"damage":0,"enemies":"Hexaghost","floor":16,"turns":11},{"damage":0,"enemies":"3 Byrds","floor":18,"turns":4},{"damage":0,"enemies":"Spheric Guardian","floor":19,"turns":1},{"damage":0,"enemies":"Shelled Parasite and Fungi","floor":21,"turns":4},{"damage":5,"enemies":"Book of Stabbing","floor":23,"turns":4},{"damage":0,"enemies":"Gremlin Leader","floor":25,"turns":5},{"damage":19,"enemies":"Slavers","floor":27,"turns":2},{"damage":0,"enemies":"3 Cultists","floor":28,"turns":2},{"damage":0,"enemies":"Gremlin Leader","floor":29,"turns":4},{"damage":0,"enemies":"Pondfish","floor":33,"turns":7},{"damage":0,"enemies":"Orb Walker","floor":35,"turns":3},{"damage":0,"enemies":"2 Orb Walkers","floor":36,"turns":5},{"damage":0,"enemies":"3 Shapes","floor":38,"turns":3},{"damage":0,"enemies":"Giant Head","floor":40,"turns":5},{"damage":0,"enemies":"Nemesis","floor":42,"turns":5},{"damage":0,"enemies":"Giant Head","floor":44,"turns":4},{"damage":0,"enemies":"Writhing Mass","floor":45,"turns":5},{"damage":0,"enemies":"Nemesis","floor":46,"turns":3},{"damage":0,"enemies":"3 Darklings","floor":47,"turns":1},{"damage":0,"enemies":"Giant Head","floor":48,"turns":4},{"damage":0,"enemies":"Donu and Deca","floor":50,"turns":3},{"damage":0,"enemies":"Donu and Deca","floor":51,"turns":5},{"damage":0,"enemies":"Donu and Deca","floor":52,"turns":3},{"damage":0,"enemies":"Donu and Deca","floor":56,"turns":2},{"damage":6,"enemies":"paleoftheancients:N","floor":60,"turns":6}],"seed_played":"-4257539109047982379","potions_obtained":[{"floor":5,"key":"Flashbang"},{"floor":7,"key":"blueLaboratory:BottleOfRum"},{"floor":12,"key":"blueLaboratory:RememoryPotion"},{"floor":27,"key":"SkillPotion"},{"floor":28,"key":"blueLaboratory:FrostheartPotion"},{"floor":29,"key":"Swift Potion"},{"floor":33,"key":"DuplicationPotion"},{"floor":36,"key":"blueLaboratory:BottleOfVodka"},{"floor":46,"key":"RobotSpaceExplorer:RecyclePotion"},{"floor":51,"key":"blueLaboratory:PhilterOfMotion"}],"is_trial":false,"path_per_floor":["M","?","?","?","M","R","E","?","T","M","M","E","$","?","R","B",null,"M","M","$","M","$","E","R","E","T","E","M","E","?","?","R_BF","B",null,"M","?","$","M","?","E","R","E","T","E","M","E","M","E","R_BF","B","M","M","?","$","R","M","R","T","?","B",null],"character_chosen":"RobotSpaceExplorer","items_purchased":["Membership Card","Orrery","Master of Strategy+1","LiquidMemories","RobotSpaceExplorer:StarLightning","Divine Protection","RobotSpaceExplorer:Counterblock+1","RobotSpaceExplorer:StarLightning","Kunai","Peace Pipe","conspire:GiftBox","Vajra","BrokenLever","StuffTheSpire:BottledEssence","Medical Kit","Pen Nib"],"campfire_rested":0,"item_purchase_floors":[13,13,13,13,20,20,22,37,37,37,37,37,54,54,54,54],"current_hp_per_floor":[68,58,73,73,73,73,56,56,56,56,49,49,49,49,49,49,69,69,69,69,69,69,64,64,64,64,45,45,45,45,45,45,55,70,70,74,74,75,95,95,95,95,95,97,97,97,99,99,99,99,99,101,101,101,101,101,101,101,101,98],"gold":174,"neow_bonus":"ONE_RANDOM_RARE_CARD","is_daily":false,"chose_seed":false,"campfire_upgraded":3,"win_rate":0.0,"timestamp":1612008686,"path_taken":["M","?","?","?","M","R","E","?","T","M","M","E","?","?","R","BOSS","M","M","$","M","$","E","R","E","T","E","M","E","?","?","R_BF","BOSS","M","?","$","M","?","E","R","E","T","E","M","E","M","E","R_BF","BOSS","M","M","?","$","R","M","R","T","?","BOSS"],"items_purchased_type":["Relic","Relic","Card","Potion","Card","Relic","Card","Card","Relic","Relic","Relic","Relic","Relic","Relic","Relic","Relic"],"build_version":"2020-12-22","purchased_purges":3,"victory":true,"max_hp_per_floor":[75,75,75,75,75,75,75,75,75,75,75,75,75,75,75,75,75,75,75,75,75,75,75,75,75,75,75,75,75,75,75,75,75,75,75,75,75,75,95,95,95,95,95,97,97,97,99,99,99,99,99,101,101,101,101,101,101,101,101,101],"relic_stats":{"Peace Pipe":5,"Lizard Tail":0,"Singing Bowl":6,"counters":[32,134],"Gambling Chip":[31],"Pen Nib":[3],"Art of War":[4],"Kunai":[51],"Question Card":14,"Medical Kit":[4],"obtain_stats":[{"Divine Protection":20,"Lantern":48,"Singing Bowl":40,"Vajra":37,"Rawhide":9,"BrokenLever":54,"StuffTheSpire:BottledEssence":54,"Lizard Tail":46,"HornCleat":23,"Gambling Chip":36,"RollingBoulder":27,"Kunai":37,"Toxic Egg 2":7,"energizedSpire:RedRose":34,"CherryCoatedStake":31,"RobotSpaceExplorer:RoboCore":0,"Pen Nib":54,"Question Card":29,"Medical Kit":54,"reliquary:JackalopeAntler":25,"Peace Pipe":37,"paleoftheancients:Timepiece":50,"conspire:GiftBox":37,"paleoftheancients:SoulOfTheWokeBloke":51,"Orrery":13,"StuffTheSpire:DarkSteelAnvil":42,"CultistMask":50,"foxEvents:LuckyCharm":2,"StuffTheSpire:Kangaroo":17,"Art of War":43,"ReplayTheSpireMod:TigerMarble":44,"Membership Card":13,"Grinning Jar":12},{"Divine Protection":10,"Lantern":27,"Singing Bowl":21,"Vajra":19,"Rawhide":4,"BrokenLever":30,"StuffTheSpire:BottledEssence":30,"Lizard Tail":25,"HornCleat":12,"Gambling Chip":19,"RollingBoulder":14,"Kunai":19,"Toxic Egg 2":4,"energizedSpire:RedRose":17,"CherryCoatedStake":16,"RobotSpaceExplorer:RoboCore":0,"Pen Nib":30,"Question Card":16,"Medical Kit":30,"reliquary:JackalopeAntler":13,"Peace Pipe":19,"paleoftheancients:Timepiece":28,"conspire:GiftBox":19,"paleoftheancients:SoulOfTheWokeBloke":29,"Orrery":7,"StuffTheSpire:DarkSteelAnvil":22,"CultistMask":28,"foxEvents:LuckyCharm":2,"StuffTheSpire:Kangaroo":8,"Art of War":22,"ReplayTheSpireMod:TigerMarble":23,"Membership Card":7,"Grinning Jar":7},{"Divine Protection":49,"Lantern":115,"Singing Bowl":93,"Vajra":85,"Rawhide":21,"BrokenLever":126,"StuffTheSpire:BottledEssence":126,"Lizard Tail":110,"HornCleat":57,"Gambling Chip":85,"RollingBoulder":64,"Kunai":85,"Toxic Egg 2":21,"energizedSpire:RedRose":77,"CherryCoatedStake":70,"RobotSpaceExplorer:RoboCore":0,"Pen Nib":126,"Question Card":70,"Medical Kit":126,"reliquary:JackalopeAntler":62,"Peace Pipe":85,"paleoftheancients:Timepiece":118,"conspire:GiftBox":85,"paleoftheancients:SoulOfTheWokeBloke":123,"Orrery":33,"StuffTheSpire:DarkSteelAnvil":98,"CultistMask":118,"foxEvents:LuckyCharm":8,"StuffTheSpire:Kangaroo":44,"Art of War":98,"ReplayTheSpireMod:TigerMarble":102,"Membership Card":33,"Grinning Jar":33}]},"card_choices":[{"not_picked":["RobotSpaceExplorer:ShockKick","RobotSpaceExplorer:FreezeRay"],"picked":"RobotSpaceExplorer:StunGrenade","floor":1},{"not_picked":["RobotSpaceExplorer:SurgingShield","RobotSpaceExplorer:SwiftStep"],"picked":"RobotSpaceExplorer:SlimeMissile","floor":5},{"not_picked":["RobotSpaceExplorer:FrostMissile","RobotSpaceExplorer:ScrapToss"],"picked":"RobotSpaceExplorer:ScrapShield+1","floor":7},{"not_picked":["RobotSpaceExplorer:SwiftStep+1","RobotSpaceExplorer:ExhaustFan"],"picked":"RobotSpaceExplorer:StunGrenade","floor":10},{"not_picked":["RobotSpaceExplorer:FreezeRay","RobotSpaceExplorer:Ammunition+1"],"picked":"RobotSpaceExplorer:MiniDrones","floor":11},{"not_picked":["RobotSpaceExplorer:Comet+1","RobotSpaceExplorer:DualCore"],"picked":"RobotSpaceExplorer:Pulsar+1","floor":12},{"not_picked":["RobotSpaceExplorer:ImprovisedAttack","RobotSpaceExplorer:Electropulse"],"picked":"RobotSpaceExplorer:MiniBoosters","floor":13},{"not_picked":["RobotSpaceExplorer:GlueShot+1","RobotSpaceExplorer:LaserBurst"],"picked":"RobotSpaceExplorer:DroneSwarm","floor":13},{"not_picked":["RobotSpaceExplorer:SwiftStep+1","RobotSpaceExplorer:FreezingShield+1"],"picked":"RobotSpaceExplorer:Calculate+1","floor":13},{"not_picked":["RobotSpaceExplorer:Ammunition+1","RobotSpaceExplorer:FrostMissile"],"picked":"RobotSpaceExplorer:MiniDrones","floor":13},{"not_picked":["RobotSpaceExplorer:Explosion","RobotSpaceExplorer:Autoloader"],"picked":"RobotSpaceExplorer:ChargingLaser","floor":16},{"not_picked":["RobotSpaceExplorer:ScrapToss","RobotSpaceExplorer:GearShield+1"],"picked":"RobotSpaceExplorer:Pulsar+1","floor":18},{"not_picked":["RobotSpaceExplorer:ShovelStrike+1","RobotSpaceExplorer:ExhaustFan+1"],"picked":"RobotSpaceExplorer:FranticSearch+1","floor":19},{"not_picked":["RobotSpaceExplorer:FranticSearch+1","RobotSpaceExplorer:Electropulse"],"picked":"RobotSpaceExplorer:ScrapMissile+1","floor":21},{"not_picked":["RobotSpaceExplorer:Blaster","RobotSpaceExplorer:Blitz","RobotSpaceExplorer:DualCore"],"picked":"SKIP","floor":23},{"not_picked":["RobotSpaceExplorer:SlimeMissile+1","RobotSpaceExplorer:Blitz"],"picked":"RobotSpaceExplorer:PowerCollector","floor":25},{"not_picked":["RobotSpaceExplorer:FranticSearch+1","RobotSpaceExplorer:Probe"],"picked":"RobotSpaceExplorer:JunkDive+1","floor":27},{"not_picked":["RobotSpaceExplorer:JunkDive+1","RobotSpaceExplorer:DoubleBlock+1"],"picked":"RobotSpaceExplorer:PlasmaMissile","floor":28},{"not_picked":["RobotSpaceExplorer:FrostMissile","RobotSpaceExplorer:MiniBoosters+1","RobotSpaceExplorer:SurgingShield+1"],"picked":"SKIP","floor":29},{"not_picked":["RobotSpaceExplorer:SurgingStrike","RobotSpaceExplorer:SwiftStep+1","RobotSpaceExplorer:ShockKick+1"],"picked":"RobotSpaceExplorer:IronShell+1","floor":35},{"not_picked":["RobotSpaceExplorer:Probe","RobotSpaceExplorer:BigMissile+1","RobotSpaceExplorer:DroneSwarm"],"picked":"RobotSpaceExplorer:SurgingShield+1","floor":36},{"not_picked":["RobotSpaceExplorer:ScrapShield+1","RobotSpaceExplorer:DualCore+1","RobotSpaceExplorer:LuckyStrike"],"picked":"RobotSpaceExplorer:Probe+1","floor":38},{"not_picked":["RobotSpaceExplorer:GlueShot+1","RobotSpaceExplorer:StunGrenade+1","RobotSpaceExplorer:DoubleFind+1"],"picked":"RobotSpaceExplorer:Pulsar+1","floor":40},{"not_picked":["RobotSpaceExplorer:SlimeMissile","RobotSpaceExplorer:Pulsar+1","RobotSpaceExplorer:ShockKick"],"picked":"RobotSpaceExplorer:ScrapMissile","floor":42},{"not_picked":["RobotSpaceExplorer:Counterblock+1","RobotSpaceExplorer:Pulsar+1","RobotSpaceExplorer:GlueSpray+1","RobotSpaceExplorer:HighVoltage"],"picked":"Singing Bowl","floor":44},{"not_picked":["RobotSpaceExplorer:Probe","RobotSpaceExplorer:PlasmaMissile","RobotSpaceExplorer:Counterblock+1"],"picked":"RobotSpaceExplorer:MiniDrones","floor":45},{"not_picked":["RobotSpaceExplorer:TrailblazerForm","RobotSpaceExplorer:FranticSearch+1","RobotSpaceExplorer:Counterblock+1"],"picked":"RobotSpaceExplorer:PowerCollector","floor":46},{"not_picked":["RobotSpaceExplorer:ShockKick+1","RobotSpaceExplorer:StunGrenade+1","RobotSpaceExplorer:GlueShot+1","RobotSpaceExplorer:Electropulse+1"],"picked":"Singing Bowl","floor":47},{"not_picked":["RobotSpaceExplorer:SurgingShield+1","RobotSpaceExplorer:FrostMissile","RobotSpaceExplorer:SlimeMissile+1"],"picked":"RobotSpaceExplorer:MiniDrones","floor":48},{"not_picked":["RobotSpaceExplorer:StunGrenade","RobotSpaceExplorer:BigMissile","RobotSpaceExplorer:LuckyStrike"],"picked":"RobotSpaceExplorer:FranticSearch+1","floor":51},{"not_picked":["RobotSpaceExplorer:ShockKick","RobotSpaceExplorer:Counterblock+1","RobotSpaceExplorer:StunGrenade+1","RobotSpaceExplorer:RigExplosive+1"],"picked":"Singing Bowl","floor":52},{"not_picked":["RobotSpaceExplorer:SurgingShield+1","RobotSpaceExplorer:FranticSearch+1","RobotSpaceExplorer:Multitool"],"picked":"RobotSpaceExplorer:ScrapMissile","floor":56}],"player_experience":1980430,"relics_obtained":[{"floor":2,"key":"foxEvents:LuckyCharm"},{"floor":7,"key":"Toxic Egg 2"},{"floor":9,"key":"Rawhide"},{"floor":12,"key":"Grinning Jar"},{"floor":23,"key":"HornCleat"},{"floor":25,"key":"reliquary:JackalopeAntler"},{"floor":27,"key":"RollingBoulder"},{"floor":29,"key":"Question Card"},{"floor":36,"key":"Gambling Chip"},{"floor":40,"key":"Singing Bowl"},{"floor":42,"key":"StuffTheSpire:DarkSteelAnvil"},{"floor":43,"key":"Art of War"},{"floor":44,"key":"ReplayTheSpireMod:TigerMarble"},{"floor":46,"key":"Lizard Tail"},{"floor":48,"key":"Lantern"},{"floor":51,"key":"paleoftheancients:SoulOfTheWokeBloke"}],"event_choices":[{"damage_healed":0,"gold_gain":0,"player_choice":"Searched \u00270\u0027 times","damage_taken":0,"max_hp_gain":0,"max_hp_loss":0,"event_name":"Dead Adventurer","floor":8,"gold_loss":0},{"damage_healed":0,"gold_gain":99,"player_choice":"Steal","damage_taken":0,"max_hp_gain":0,"max_hp_loss":0,"event_name":"betterThird:BetterNest","floor":30,"gold_loss":0},{"damage_healed":0,"gold_gain":0,"player_choice":"Opened","damage_taken":0,"relics_obtained":["CherryCoatedStake"],"max_hp_gain":0,"max_hp_loss":0,"event_name":"The Mausoleum","floor":31,"gold_loss":0},{"damage_healed":0,"gold_gain":0,"player_choice":"Fight","damage_taken":0,"max_hp_gain":0,"max_hp_loss":0,"event_name":"Mysterious Sphere","floor":36,"gold_loss":0},{"damage_healed":0,"gold_gain":0,"player_choice":"Leave","damage_taken":0,"max_hp_gain":0,"max_hp_loss":0,"event_name":"conspire:Investor","floor":53,"gold_loss":0}],"is_beta":false,"boss_relics":[{"not_picked":["Snecko Heart","Fusion Hammer"],"picked":"StuffTheSpire:Kangaroo"},{"not_picked":["Runic Dome","aspiration:FutureDiary"],"picked":"energizedSpire:RedRose"}],"items_purged_floors":[13,37,54],"is_endless":false,"potions_floor_spawned":[5,7,12,27,28,29,33,36,38,44,46,48,51],"ascension_level":9}}