{"host":"g6a9gfzrk472u7l9","time":1612014799,"event":{"mods":["BaseMod","Downfall","Minty Spire (QoL Compilation)","StSLib"],"gold_per_floor":[99,115,129,146,56,67,67,67,67,93,93,108,128,160,180,276,276,276,287,304,304,189,189,212,69,81,81,81,119,119,119,135,235,235,235,254,254,264,274,274,274,291,291,311,311,54,67,81,96,96],"floor_reached":51,"language":"ENG","playtime":2619,"items_purged":["Guardian:Strike_Guardian","Guardian:Defend_Guardian"],"score":763,"play_id":"6454dc3a-2eff-419f-9ace-1dfa465e2d1d","local_time":"20210130145319","is_ascension_mode":false,"campfire_choices":[{"data":"Guardian:TwinSlam","floor":1,"key":"SMITH"},{"data":"Guardian:PrimingBeam","floor":8,"key":"SMITH"},{"data":"Guardian:ChargeCore","floor":11,"key":"SMITH"},{"data":"Guardian:GemFire","floor":18,"key":"SMITH"},{"data":"Guardian:BronzeOrb","floor":27,"key":"SMITH"},{"data":"Guardian:BaubleBeam","floor":35,"key":"SMITH"},{"data":"Guardian:EvasiveProtocol","floor":43,"key":"SMITH"},{"data":"Guardian:WalkerClaw","floor":45,"key":"SMITH"}],"circlet_count":0,"master_deck":["Guardian:Strike_Guardian","Guardian:Strike_Guardian","Guardian:Defend_Guardian","Guardian:Defend_Guardian","Guardian:CurlUp","Guardian:TwinSlam+1","Guardian:GemFinder","Guardian:PrimingBeam+1","Guardian:Reroute","Guardian:GemFire+1","Guardian:ChargeCore+1","Guardian:BronzeOrb+1","Guardian:ArmoredProtocol","Guardian:CrystalBeam","Guardian:SpikerProtocol+1","Guardian:EvasiveProtocol+1","Guardian:PrimingBeam","Guardian:Orbwalk+1","Writhe","Guardian:VentSteam","Guardian:BaubleBeam+1","Guardian:RevengeProtocol","Guardian:Recover+1","Guardian:StasisStrike","expansioncontent:Chronoboost","Guardian:PrismaticBarrier+1","Guardian:Incinerate+1","Guardian:WalkerClaw+1"],"relics":["Guardian:ModeShifter","InkBottle","Pear","Bronze Scales","Philosopher\u0027s Stone","Enchiridion","Boot","Oddly Smooth Stone","Guardian:BottledStasis","Busted Crown","Bottled Flame","Gremlin Horn"],"acts_visited":["Exordium","TheCity","TheBeyond"],"potions_floor_usage":[],"damage_taken":[{"damage":0,"enemies":"Small Slimes","floor":2,"turns":3},{"damage":1,"enemies":"Cultist","floor":3,"turns":5},{"damage":8,"enemies":"Jaw Worm","floor":4,"turns":3},{"damage":5,"enemies":"downfall:FleeingMerchant","floor":5,"turns":4},{"damage":7,"enemies":"3 Louse","floor":6,"turns":3},{"damage":14,"enemies":"Gremlin Nob","floor":10,"turns":4},{"damage":0,"enemies":"2 Fungi Beasts","floor":12,"turns":1},{"damage":5,"enemies":"Exordium Thugs","floor":13,"turns":3},{"damage":14,"enemies":"Lagavulin","floor":14,"turns":4},{"damage":8,"enemies":"Red Slaver","floor":15,"turns":2},{"damage":14,"enemies":"IC_STATUS_ARCHETYPE","floor":16,"turns":6},{"damage":0,"enemies":"3 Byrds","floor":19,"turns":3},{"damage":3,"enemies":"Spheric Guardian","floor":20,"turns":3},{"damage":0,"enemies":"downfall:FleeingMerchant","floor":22,"turns":4},{"damage":12,"enemies":"downfall:FleeingMerchant","floor":25,"turns":4},{"damage":0,"enemies":"Snecko","floor":26,"turns":5},{"damage":0,"enemies":"downfall:FleeingMerchant","floor":29,"turns":2},{"damage":0,"enemies":"Shelled Parasite and Fungi","floor":32,"turns":3},{"damage":0,"enemies":"WA_ARCHETYPE_CALM","floor":33,"turns":5},{"damage":0,"enemies":"3 Shapes","floor":36,"turns":3},{"damage":0,"enemies":"Orb Walker","floor":38,"turns":3},{"damage":4,"enemies":"Sphere and 2 Shapes","floor":39,"turns":4},{"damage":1,"enemies":"Jaw Worm Horde","floor":42,"turns":3},{"damage":5,"enemies":"3 Darklings","floor":44,"turns":3},{"damage":0,"enemies":"Transient","floor":47,"turns":5},{"damage":0,"enemies":"4 Shapes","floor":48,"turns":4},{"damage":25,"enemies":"Writhing Mass","floor":49,"turns":4},{"damage":12,"enemies":"SI_POISON_ARCHETYPE","floor":50,"turns":8}],"seed_played":"7666672218117567085","potions_obtained":[{"floor":3,"key":"FairyPotion"},{"floor":6,"key":"EntropicBrew"},{"floor":12,"key":"CultistPotion"}],"is_trial":false,"path_per_floor":["R","M","M","M","$","M","T","R","?","E","R","M","M","E","M","B",null,"R","M","M","?","$","?","T","$","M","R","?","$","?","?","M","B",null,"R","M","?","M","M","?","T","M","R","M","R","$","M","M","M","B",null],"character_chosen":"GUARDIAN","items_purchased":["Guardian:EvasiveProtocol","Guardian:PrimingBeam","Guardian:BaubleBeam","Guardian:BottledStasis","Gremlin Horn"],"campfire_rested":0,"item_purchase_floors":[25,25,29,29,46],"current_hp_per_floor":[80,80,79,71,66,59,59,59,59,55,55,55,50,36,28,14,90,90,90,87,87,87,71,71,59,59,59,59,59,59,59,59,59,90,90,90,90,90,86,86,86,85,85,80,80,80,80,80,55,43],"gold":96,"neow_bonus":"TRANSFORM_CARD","is_daily":false,"chose_seed":false,"campfire_upgraded":8,"win_rate":0.0,"timestamp":1612014799,"path_taken":["R","M","M","M","$","M","T","R","?","E","R","M","?","E","M","BOSS","R","M","M","?","$","?","T","$","M","R","?","$","?","?","M","BOSS","R","M","?","M","M","?","T","M","R","?","R","$","M","M","M","BOSS"],"items_purchased_type":["Card","Card","Card","Relic","Relic"],"build_version":"2020-12-22","purchased_purges":2,"victory":true,"max_hp_per_floor":[80,80,80,80,80,80,80,80,80,90,90,90,90,90,90,90,90,90,90,90,90,90,90,90,90,90,90,90,90,90,90,90,90,90,90,90,90,90,90,90,90,90,90,90,90,90,90,90,90,90],"card_choices":[{"not_picked":["Guardian:Gem_Green","Guardian:Gem_Lightblue"],"picked":"Guardian:Gem_Red","floor":2},{"not_picked":["Guardian:DonusPower","Guardian:ArmoredProtocol"],"picked":"Guardian:PrimingBeam","floor":2},{"not_picked":["Guardian:PrismaticBeam","Guardian:WalkerClaw","Guardian:TimeCapacitor"],"picked":"SKIP","floor":3},{"not_picked":["Guardian:Emergency","Guardian:Suspension"],"picked":"Guardian:Gem_Green","floor":4},{"not_picked":["Guardian:Gem_Green","Guardian:Gem_Lightblue"],"picked":"Guardian:Gem_Red","floor":5},{"not_picked":["Guardian:CrystalBeam","Guardian:Planning"],"picked":"Guardian:Reroute","floor":5},{"not_picked":["Guardian:ShieldCharger","Guardian:PolyBeam","Guardian:RollAttack"],"picked":"SKIP","floor":6},{"not_picked":["Guardian:Gem_Red","Guardian:Gem_Lightblue"],"picked":"Guardian:Gem_Cyan","floor":10},{"not_picked":["Guardian:Gem_Red","Guardian:ShieldSpikes"],"picked":"Guardian:ChargeCore","floor":10},{"not_picked":["Guardian:Clone","Guardian:GemFinder"],"picked":"Guardian:BronzeOrb","floor":12},{"not_picked":["Guardian:DonusPower","Guardian:SentryBeam","Guardian:BronzeArmor"],"picked":"SKIP","floor":13},{"not_picked":["Guardian:Incinerate","Guardian:BaubleBeam"],"picked":"Guardian:ArmoredProtocol","floor":14},{"not_picked":["Guardian:Harden","Guardian:BronzeArmor","Guardian:Gem_Cyan"],"picked":"SKIP","floor":15},{"not_picked":["Guardian:Gem_Red","Guardian:Gem_Lightblue"],"picked":"Guardian:Gem_Cyan","floor":16},{"not_picked":["Guardian:FierceBash","Guardian:HyperBeam_Guardian"],"picked":"Guardian:Gem_Synthetic","floor":16},{"not_picked":["Guardian:ShieldSpikes","Guardian:Suspension","Guardian:TimeCapacitor+1"],"picked":"SKIP","floor":19},{"not_picked":["Guardian:Gem_Lightblue","Guardian:Gem_Cyan"],"picked":"Guardian:Gem_Green","floor":20},{"not_picked":["Guardian:DonusPower","Guardian:TemporalShield+1"],"picked":"Guardian:CrystalBeam","floor":20},{"not_picked":["Guardian:Planning","Guardian:TemporalShield","Guardian:CrystalBeam"],"picked":"SKIP","floor":22},{"not_picked":["Guardian:ChargeCore","Guardian:TemporalShield+1"],"picked":"Guardian:SpikerProtocol+1","floor":25},{"not_picked":["Guardian:WalkerClaw","Guardian:Planning"],"picked":"Guardian:Orbwalk+1","floor":26},{"not_picked":["Guardian:HyperBeam_Guardian","Guardian:ChargeCore"],"picked":"Guardian:VentSteam","floor":29},{"not_picked":["Guardian:TemporalStrike","Guardian:Gem_Yellow"],"picked":"Guardian:Recover+1","floor":32},{"not_picked":["Guardian:Gem_Synthetic","Guardian:AncientConstruct"],"picked":"Guardian:StasisStrike","floor":33},{"not_picked":["Guardian:Recover+1"],"picked":"SKIP","floor":36},{"not_picked":["expansioncontent:InvincibleStrength","expansioncontent:PrepareCrush"],"picked":"expansioncontent:Chronoboost","floor":37},{"not_picked":[],"picked":"Guardian:PrismaticBarrier+1","floor":38},{"not_picked":[],"picked":"Guardian:Incinerate+1","floor":39},{"not_picked":["Guardian:VentSteam+1"],"picked":"SKIP","floor":42},{"not_picked":["Guardian:Gem_Lightblue","Guardian:Gem_Green"],"picked":"Guardian:Gem_Cyan","floor":44},{"not_picked":[],"picked":"Guardian:WalkerClaw","floor":44},{"not_picked":["Guardian:Gem_Red"],"picked":"SKIP","floor":47},{"not_picked":["Guardian:RefractedBeam+1"],"picked":"SKIP","floor":48},{"not_picked":["Guardian:Reroute+1"],"picked":"SKIP","floor":49}],"player_experience":106162,"relics_obtained":[{"floor":7,"key":"InkBottle"},{"floor":10,"key":"Pear"},{"floor":14,"key":"Bronze Scales"},{"floor":23,"key":"Enchiridion"},{"floor":24,"key":"Boot"},{"floor":41,"key":"Bottled Flame"}],"event_choices":[],"is_beta":false,"boss_relics":[{"not_picked":["Snecko Eye","Fusion Hammer"],"picked":"Philosopher\u0027s Stone"},{"not_picked":["bronze:MakeshiftBattery","Cursed Key"],"picked":"Busted Crown"}],"items_purged_floors":[5,22],"is_endless":false,"potions_floor_spawned":[3,6,12,13,15,26,32,33,39,42,44,47,49],"ascension_level":0}}