{"host":"6xsbn6ynqlzwllfm","time":1612023752,"event":{"mods":["2.2 Compatiblity","BaseMod","Bestiary","Colored Map","Colored Powertips","Curses Come First","Highlight Path","Keyboard Shortcuts","Minty Spire (QoL Compilation)","Relic Stats","Slay the Relics Exporter","StSLib","SuperFastMode"],"gold_per_floor":[116,133,133,148,223,252,252,6,6,6,6,6,6,17,17,95,95,114,130,130,0,0,0],"floor_reached":22,"language":"ENG","playtime":460,"items_purged":["Strike_B"],"score":355,"play_id":"51792cac-4be8-4462-9aaf-eedad81f52df","local_time":"20210130112232","is_ascension_mode":true,"campfire_choices":[{"floor":7,"key":"REST"},{"data":"Sweeping Beam","floor":10,"key":"SMITH"},{"data":"Compile Driver","floor":12,"key":"SMITH"},{"data":"Ball Lightning","floor":15,"key":"SMITH"}],"circlet_count":0,"master_deck":["AscendersBane","Strike_B","Defend_B","Defend_B","Defend_B","Defend_B","Zap","Dualcast","Ball Lightning+1","Sweeping Beam+1","Compile Driver+1","Go for the Eyes","Sweeping Beam","Creative AI","Beam Cell","Consume"],"relics":["Cracked Core","Oddly Smooth Stone","Ornamental Fan","Akabeko","Mercury Hourglass","Coffee Dripper"],"acts_visited":["Exordium","TheCity"],"potions_floor_usage":[6,16,16],"damage_taken":[{"damage":0,"enemies":"2 Louse","floor":1,"turns":3},{"damage":6,"enemies":"Jaw Worm","floor":2,"turns":2},{"damage":10,"enemies":"Small Slimes","floor":4,"turns":3},{"damage":26,"enemies":"3 Sentries","floor":6,"turns":7},{"damage":8,"enemies":"Exordium Thugs","floor":14,"turns":3},{"damage":20,"enemies":"Hexaghost","floor":16,"turns":8},{"damage":14,"enemies":"Spheric Guardian","floor":18,"turns":4},{"damage":16,"enemies":"2 Thieves","floor":19,"turns":2},{"damage":19,"enemies":"Cultist and Chosen","floor":22,"turns":3}],"seed_played":"4152825118547306614","potions_obtained":[{"floor":4,"key":"Fire Potion"},{"floor":6,"key":"Explosive Potion"},{"floor":14,"key":"SkillPotion"}],"is_trial":false,"path_per_floor":["M","M","?","M","?","E","R","$","T","R","?","R","?","M","R","B",null,"M","M","?","?","M"],"character_chosen":"DEFECT","items_purchased":["Akabeko"],"campfire_rested":1,"item_purchase_floors":[8],"current_hp_per_floor":[64,58,63,53,42,16,38,38,38,38,31,31,31,23,23,3,58,44,28,6,6,0,0],"gold":0,"neow_bonus":"RANDOM_COMMON_RELIC","is_daily":false,"chose_seed":false,"campfire_upgraded":3,"win_rate":0.0,"timestamp":1612023752,"path_taken":["M","M","?","M","?","E","R","$","T","R","?","R","?","?","R","BOSS","M","M","?","?","M"],"items_purchased_type":["Relic"],"build_version":"2020-12-22","purchased_purges":1,"victory":false,"max_hp_per_floor":[71,71,76,76,76,76,76,76,76,76,76,76,76,76,76,76,76,76,76,81,81,81,81],"relic_stats":{"counters":[9,35],"Ornamental Fan":[20],"obtain_stats":[{"Ornamental Fan":6,"Oddly Smooth Stone":0,"Coffee Dripper":17,"Cracked Core":0,"Akabeko":8,"Mercury Hourglass":9},{"Ornamental Fan":4,"Oddly Smooth Stone":0,"Coffee Dripper":6,"Cracked Core":0,"Akabeko":4,"Mercury Hourglass":4},{"Ornamental Fan":15,"Oddly Smooth Stone":0,"Coffee Dripper":26,"Cracked Core":0,"Akabeko":15,"Mercury Hourglass":15}],"Mercury Hourglass":[63]},"card_choices":[{"not_picked":["Gash","Rebound"],"picked":"Ball Lightning","floor":1},{"not_picked":["FTL","Chill"],"picked":"Sweeping Beam","floor":2},{"not_picked":["Chill","Reprogram"],"picked":"Compile Driver","floor":4},{"not_picked":["Gash","Thunder Strike"],"picked":"Go for the Eyes","floor":6},{"not_picked":["Redo","Leap"],"picked":"Sweeping Beam","floor":14},{"not_picked":["Thunder Strike","Meteor Strike"],"picked":"Creative AI","floor":16},{"not_picked":["Streamline","Scrape"],"picked":"Beam Cell","floor":18},{"not_picked":["Streamline","Chaos"],"picked":"Consume","floor":19}],"player_experience":1287633,"relics_obtained":[{"floor":6,"key":"Ornamental Fan"},{"floor":9,"key":"Mercury Hourglass"}],"event_choices":[{"damage_healed":0,"gold_gain":0,"player_choice":"Donut","damage_taken":0,"max_hp_gain":5,"max_hp_loss":0,"event_name":"Big Fish","floor":3,"gold_loss":0},{"damage_healed":0,"gold_gain":75,"player_choice":"Gather Gold","damage_taken":11,"max_hp_gain":0,"max_hp_loss":0,"event_name":"World of Goop","floor":5,"gold_loss":0},{"cards_removed":["Strike_B"],"damage_healed":0,"gold_gain":0,"player_choice":"Card Removal","damage_taken":7,"max_hp_gain":0,"max_hp_loss":0,"event_name":"Golden Wing","floor":11,"gold_loss":0},{"cards_removed":["Strike_B"],"damage_healed":0,"gold_gain":0,"player_choice":"Offered Basic","damage_taken":0,"max_hp_gain":0,"max_hp_loss":0,"event_name":"Bonfire Elementals","floor":13,"gold_loss":0},{"damage_healed":0,"gold_gain":0,"player_choice":"Shed Blood","damage_taken":27,"max_hp_gain":5,"max_hp_loss":0,"event_name":"Forgotten Altar","floor":20,"gold_loss":0},{"damage_healed":0,"gold_gain":0,"player_choice":"Paid Fearfully","damage_taken":0,"max_hp_gain":0,"max_hp_loss":0,"event_name":"Masked Bandits","floor":21,"gold_loss":130}],"is_beta":false,"boss_relics":[{"not_picked":["Empty Cage","Nuclear Battery"],"picked":"Coffee Dripper"}],"items_purged_floors":[8],"is_endless":false,"potions_floor_spawned":[4,6,14],"killed_by":"Cultist and Chosen","ascension_level":19}}