{"host":"Nico","time":1612044130,"event":{"mods":["2.2 Compatiblity","AchievementEnabler","Aspiration","BaseMod","Better Altar","Better Note","Better Skull","Conspire","Custom Start","DeckTracker","Displayed Cursed Tome","Energized Spire","Filter the Spire","Halation","Highlight Path","Hubris","Infinite Spire","Minty Spire (QoL Compilation)","Permanent Neow","Poor People Problems","Relic Filter Mod","Relic Sorter","Replay The Spire","Shop Mod","StSLib","Synergy Search","Trackpad","Transform Curses","Unknown Chances"],"gold_per_floor":[361,376,131,131,131,131,131,162,162,162,175,175,192,218,218,317,317,329,348,368,382,430,458,458,471,541,573,673,684,128,138,138,138,138],"floor_reached":33,"language":"ENG","playtime":2499,"items_purged":[],"score":297,"play_id":"8943165e-64bf-4ba4-961f-3534b23d5743","local_time":"20210130220210","is_ascension_mode":false,"campfire_choices":[{"data":"Armaments","floor":6.0,"key":"SMITH"},{"data":"Anger","floor":12.0,"key":"SMITH"},{"data":"conspire:Charge","floor":15.0,"key":"SMITH"},{"floor":24,"key":"REST"},{"floor":32,"key":"REST"}],"circlet_count":0,"master_deck":["Strike_R","Strike_R","Strike_R","Strike_R","Strike_R","Defend_R","Defend_R","Defend_R","Defend_R","Bash","Armaments+1","Armaments+1","conspire:Charge+1","Anger+1","Run Through","Twin Strike","Metallicize","Pommel Strike+1","Flex+1","Headbutt","Limit Break+1","Flex+1","hubris:SharpeningStone+1"],"relics":["Burning Blood","conspire:Dentures","hubris:Towel","Lantern","Toxic Egg 2","trackpad:ByrdBGone","TungstenRod","trackpad:AdjectivePendant","Juzu Bracelet","Shuriken","hubris:64BitClover","hubris:SphereOfDissonance","trackpad:PetRock","MerchantsRug"],"acts_visited":["Exordium","TheCity"],"potions_floor_usage":[23,27],"damage_taken":[{"damage":5.0,"enemies":"Jaw Worm","floor":1.0,"turns":6.0},{"damage":0.0,"enemies":"2 Louse","floor":2.0,"turns":4.0},{"damage":13.0,"enemies":"3 Sentries","floor":8.0,"turns":8.0},{"damage":5.0,"enemies":"Small Slimes","floor":11.0,"turns":3.0},{"damage":5.0,"enemies":"Looter","floor":13.0,"turns":3.0},{"damage":23.0,"enemies":"Lagavulin","floor":14.0,"turns":5.0},{"damage":36.0,"enemies":"Slime Boss","floor":16.0,"turns":9.0},{"damage":14.0,"enemies":"conspire:FuzzyDice","floor":18.0,"turns":5.0},{"damage":0.0,"enemies":"Chosen","floor":19.0,"turns":4.0},{"damage":9.0,"enemies":"Centurion and Healer","floor":20.0,"turns":6.0},{"damage":33.0,"enemies":"Snake Plant","floor":21.0,"turns":5.0},{"damage":28,"enemies":"Slavers","floor":23,"turns":6},{"damage":10,"enemies":"Cultist and Chosen","floor":25,"turns":6},{"damage":16,"enemies":"Gremlin Leader","floor":27,"turns":6},{"damage":20,"enemies":"3 Cultists","floor":29,"turns":5},{"damage":18,"enemies":"Shelled Parasite and Fungi","floor":31,"turns":4},{"damage":59,"enemies":"hubris:MusketHawk","floor":33,"turns":6}],"seed_played":"-1670940272955807168","potions_obtained":[{"floor":1.0,"key":"Toxic Potion"},{"floor":13.0,"key":"SteroidPotion"},{"floor":18.0,"key":"DuplicationPotion"},{"floor":20.0,"key":"SkillPotion"},{"floor":23,"key":"Elixir"},{"floor":27,"key":"SteroidPotion"}],"is_trial":false,"path_per_floor":["M","M","$","?","?","R","?","E","T","T","M","R","M","E","R","B",null,"M","M","M","M","T","E","R","M","T","E","?","M","$","M","R","B"],"character_chosen":"IRONCLAD","items_purchased":["conspire:Dentures","hubris:SphereOfDissonance","trackpad:PetRock","MerchantsRug"],"campfire_rested":2,"item_purchase_floors":[3,30,30,30],"current_hp_per_floor":[57,63,63,63,63,63,63,56,56,56,57,57,58,41,41,11,80,72,78,75,48,48,26,50,46,46,36,36,22,22,10,34,0,0],"gold":138,"neow_bonus":"TWO_FIFTY_GOLD","is_daily":false,"chose_seed":false,"campfire_upgraded":3,"win_rate":0.0,"timestamp":1612044130,"path_taken":["M","M","$","?","?","R","?","E","T","?","M","R","M","E","R","BOSS","M","M","?","M","?","E","R","M","T","E","?","M","$","M","R","BOSS"],"items_purchased_type":["Relic","Relic","Relic","Relic"],"build_version":"2020-12-18","purchased_purges":0,"victory":false,"max_hp_per_floor":[80,80,80,80,80,80,80,80,80,80,80,80,80,80,80,80,80,80,80,80,80,80,80,80,80,80,80,80,80,80,80,80,80,80],"card_choices":[{"not_picked":["Anger","Flex"],"picked":"Armaments","floor":1.0},{"not_picked":["Heavy Blade","Havoc"],"picked":"Armaments","floor":2.0},{"not_picked":["Perfected Strike","Feel No Pain"],"picked":"Anger","floor":8.0},{"not_picked":["Sentinel+1","Massacre"],"picked":"Run Through","floor":11.0},{"not_picked":["Pommel Strike","Wild Strike"],"picked":"Twin Strike","floor":13.0},{"not_picked":["Clothesline","Armaments+1"],"picked":"Metallicize","floor":14.0},{"not_picked":["Run Through","Shockwave+1"],"picked":"Pommel Strike+1","floor":18.0},{"not_picked":["Reaper","conspire:ExplosiveBarrier+1"],"picked":"Flex+1","floor":19.0},{"not_picked":["Havoc+1","Warcry+1"],"picked":"Headbutt","floor":20.0},{"not_picked":["Burning Pact+1","ReplayTheSpireMod:Stacked+1","Dark Embrace"],"picked":"SKIP","floor":21.0},{"not_picked":["Wild Strike","Dropkick"],"picked":"Limit Break+1","floor":23},{"not_picked":["Headbutt","ReplayTheSpireMod:Muscle Training+1"],"picked":"Flex+1","floor":25},{"not_picked":["ReplayReversal+1","Defy Death+1"],"picked":"hubris:SharpeningStone+1","floor":27},{"not_picked":["ReplayTheSpireMod:Muscle Training+1","Havoc+1","Heavy Blade"],"picked":"SKIP","floor":29},{"not_picked":["Anger","Run Through","Rupture"],"picked":"SKIP","floor":31}],"player_experience":538800,"relics_obtained":[{"floor":8.0,"key":"Lantern"},{"floor":9.0,"key":"Toxic Egg 2"},{"floor":10.0,"key":"trackpad:ByrdBGone"},{"floor":14.0,"key":"TungstenRod"},{"floor":22.0,"key":"trackpad:AdjectivePendant"},{"floor":23,"key":"Juzu Bracelet"},{"floor":26,"key":"Shuriken"},{"floor":27,"key":"hubris:64BitClover"}],"event_choices":[{"damage_healed":0.0,"max_hp_gain":0.0,"max_hp_loss":0.0,"gold_gain":0.0,"event_name":"Living Wall","player_choice":"Grow","floor":5.0,"gold_loss":0.0,"damage_taken":0.0,"cards_upgraded":["Armaments"]},{"damage_healed":0,"gold_gain":100,"player_choice":"Pray","damage_taken":0,"max_hp_gain":0,"max_hp_loss":0,"event_name":"Golden Shrine","floor":28,"gold_loss":0}],"is_beta":true,"boss_relics":[{"not_picked":["aspiration:RunicSpoon","ReplayTheSpireMod:DimensionalGlitch","Snecko Eye"]}],"items_purged_floors":[],"is_endless":false,"potions_floor_spawned":[1,13,18,20,23,27],"killed_by":"hubris:MusketHawk","ascension_level":0}}