{"host":"kkntor5wdjky96yl","time":1612018350,"event":{"mods":["AchievementEnabler","BaseMod","Colored Map","KOR Keyword Fix","Minty Spire (QoL Compilation)","Shop Mod","StSLib","SuperFastMode","Swap Starting Deck Mod"],"gold_per_floor":[118,133,145,245,265,294,294,319,346,364,364,381,435,435,435,530,530,547,637,194,209,220,253,253,269,292,311,311,311,338,348,348,348,348],"floor_reached":33,"language":"KOR","playtime":896,"items_purged":[],"score":424,"play_id":"be14dfb8-6d7e-4411-9393-f67e2bd49742","local_time":"20210130235230","is_ascension_mode":true,"campfire_choices":[{"data":"Armaments","floor":7,"key":"SMITH"},{"data":"Flex","floor":11,"key":"SMITH"},{"data":"Flex","floor":15,"key":"SMITH"},{"floor":24,"key":"REST"},{"floor":32,"key":"REST"}],"circlet_count":0,"master_deck":["Anger","Twin Strike","Twin Strike","Twin Strike","Twin Strike","Rage","Rage","Rage","Rage","Flex+1","Pummel","Clash","Armaments+1","Flex+1","Exhume","Twin Strike+1","Pommel Strike","Rampage+1"],"relics":["Burning Blood","swapstartingdeckmod:DeadBlossom","Boot","PreservedInsect","MealTicket","MerchantsRug","Anchor","Incense Burner","Toy Ornithopter","Strawberry","Regal Pillow"],"acts_visited":["Exordium","TheCity"],"potions_floor_usage":[16,33,33,33],"damage_taken":[{"damage":0,"enemies":"2 Louse","floor":1,"turns":2},{"damage":0,"enemies":"Cultist","floor":2,"turns":2},{"damage":0,"enemies":"Jaw Worm","floor":3,"turns":2},{"damage":0,"enemies":"2 Fungi Beasts","floor":5,"turns":2},{"damage":11,"enemies":"Gremlin Nob","floor":6,"turns":3},{"damage":11,"enemies":"3 Sentries","floor":8,"turns":5},{"damage":0,"enemies":"Large Slime","floor":10,"turns":4},{"damage":0,"enemies":"Lots of Slimes","floor":12,"turns":3},{"damage":39,"enemies":"Hexaghost","floor":16,"turns":6},{"damage":5,"enemies":"Shell Parasite","floor":18,"turns":2},{"damage":6,"enemies":"Spheric Guardian","floor":21,"turns":3},{"damage":10,"enemies":"Centurion and Healer","floor":22,"turns":5},{"damage":38,"enemies":"Gremlin Leader","floor":23,"turns":3},{"damage":0,"enemies":"Snake Plant","floor":25,"turns":3},{"damage":9,"enemies":"Sentry and Sphere","floor":27,"turns":4},{"damage":12,"enemies":"Book of Stabbing","floor":30,"turns":3},{"damage":0,"enemies":"Centurion and Healer","floor":31,"turns":4},{"damage":65,"enemies":"Champ","floor":33,"turns":6}],"seed_played":"-8961486555467275148","potions_obtained":[{"floor":1,"key":"SkillPotion"},{"floor":5,"key":"Strength Potion"},{"floor":6,"key":"Fire Potion"},{"floor":10,"key":"Regen Potion"},{"floor":16,"key":"Explosive Potion"},{"floor":22,"key":"SkillPotion"},{"floor":25,"key":"Ancient Potion"}],"is_trial":false,"path_per_floor":["M","M","M","?","M","E","R","E","T","M","R","M","?","?","R","B",null,"M","?","$","M","M","E","R","M","T","M","?","?","E","M","R","B"],"character_chosen":"IRONCLAD","items_purchased":["MerchantsRug","Anchor","Incense Burner"],"campfire_rested":2,"item_purchase_floors":[20,20,20],"current_hp_per_floor":[80,80,80,80,80,72,72,64,64,67,67,70,70,73,73,37,55,53,41,49,46,39,4,17,20,24,18,18,18,9,12,33,0,0],"gold":348,"neow_bonus":"","is_daily":false,"chose_seed":false,"campfire_upgraded":3,"win_rate":0.0,"timestamp":1612018350,"path_taken":["M","M","M","?","M","E","R","E","T","?","R","M","?","?","R","BOSS","M","?","$","M","M","E","R","M","T","?","?","?","E","M","R","BOSS"],"items_purchased_type":["Relic","Relic","Relic"],"build_version":"2020-12-22","purchased_purges":0,"victory":false,"max_hp_per_floor":[80,80,80,80,80,80,80,80,80,80,80,80,80,85,85,85,85,85,85,85,85,85,85,85,85,92,92,92,92,92,92,92,92,92],"card_choices":[{"not_picked":["Cleave","Pommel Strike"],"picked":"Pummel","floor":1},{"not_picked":["Intimidate","Wild Strike"],"picked":"Clash","floor":2},{"not_picked":["Shrug It Off","Searing Blow"],"picked":"Armaments","floor":3},{"not_picked":["Perfected Strike","Warcry"],"picked":"Flex","floor":5},{"not_picked":["Anger","Sword Boomerang","Cleave"],"picked":"SKIP","floor":6},{"not_picked":["Disarm","Flex","Shrug It Off"],"picked":"SKIP","floor":8},{"not_picked":["Anger","Entrench","Wild Strike"],"picked":"SKIP","floor":10},{"not_picked":["Infernal Blade","Uppercut","Immolate"],"picked":"SKIP","floor":12},{"not_picked":["Reaper","Immolate"],"picked":"Exhume","floor":16},{"not_picked":["Shockwave","Warcry","Clothesline"],"picked":"SKIP","floor":18},{"not_picked":["Armaments","Power Through","Fire Breathing"],"picked":"SKIP","floor":21},{"not_picked":["Intimidate","Pommel Strike"],"picked":"Twin Strike+1","floor":22},{"not_picked":["Heavy Blade+1","Sword Boomerang"],"picked":"Pommel Strike","floor":23},{"not_picked":["Intimidate+1","Havoc","Wild Strike"],"picked":"SKIP","floor":25},{"not_picked":["Sentinel","Twin Strike","Rampage"],"picked":"SKIP","floor":27},{"not_picked":["Ghostly Armor+1","Barricade"],"picked":"Rampage+1","floor":30},{"not_picked":["Dropkick","Twin Strike","Clothesline"],"picked":"SKIP","floor":31}],"player_experience":119409,"relics_obtained":[{"floor":6,"key":"Boot"},{"floor":8,"key":"PreservedInsect"},{"floor":9,"key":"MealTicket"},{"floor":23,"key":"Toy Ornithopter"},{"floor":26,"key":"Strawberry"},{"floor":30,"key":"Regal Pillow"}],"event_choices":[{"damage_healed":0,"gold_gain":100,"player_choice":"Pray","damage_taken":0,"max_hp_gain":0,"max_hp_loss":0,"event_name":"Golden Shrine","floor":4,"gold_loss":0},{"damage_healed":0,"gold_gain":54,"player_choice":"Gained Gold","damage_taken":0,"max_hp_gain":0,"max_hp_loss":0,"event_name":"Golden Wing","floor":13,"gold_loss":0},{"damage_healed":0,"gold_gain":0,"player_choice":"Donut","damage_taken":0,"max_hp_gain":5,"max_hp_loss":0,"event_name":"Big Fish","floor":14,"gold_loss":0},{"damage_healed":0,"gold_gain":90,"player_choice":"GOLD ","damage_taken":12,"max_hp_gain":0,"max_hp_loss":0,"event_name":"Knowing Skull","floor":19,"potions_obtained":[],"gold_loss":0,"cards_obtained":[]},{"damage_healed":0,"gold_gain":0,"player_choice":"Ignored","damage_taken":0,"max_hp_gain":0,"max_hp_loss":0,"event_name":"Cursed Tome","floor":28,"gold_loss":0},{"damage_healed":0,"gold_gain":0,"player_choice":"Ignored","damage_taken":0,"max_hp_gain":0,"max_hp_loss":0,"event_name":"Ghosts","floor":29,"gold_loss":0}],"is_beta":false,"boss_relics":[{"not_picked":["Runic Pyramid","Coffee Dripper"],"picked":"Pandora\u0027s Box"}],"items_purged_floors":[],"is_endless":false,"potions_floor_spawned":[1,5,6,10,16,22,25],"killed_by":"Champ","ascension_level":5}}