{"host":"tp44ibfkhs2l94sg","time":1612042609,"event":{"mods":["BaseMod","Downfall","Minty Spire (QoL Compilation)","StSLib"],"gold_per_floor":[99,9,21,40,40,74,74,102,112,112,125,151,51,70,81,178,178,78,88,99,199,219,252,252,285,285,305,405,420,420,437,449,550,550,550,560,176,190,190,235,235,267,287,10,10,21,21,31,51,51],"floor_reached":51,"language":"ENG","playtime":7531,"items_purged":["bronze:Strike","bronze:Strike"],"score":843,"play_id":"3422847f-2ee3-4adb-b288-e08dc4dd10f0","local_time":"20210130133649","is_ascension_mode":false,"campfire_choices":[{"floor":1.0,"key":"RECALL"},{"floor":13.0,"key":"REST"},{"floor":18.0,"key":"REST"},{"floor":26,"key":"DIG"},{"floor":30,"key":"DIG"},{"floor":35,"key":"DIG"},{"floor":45,"key":"DIG"},{"floor":47,"key":"DIG"}],"circlet_count":0,"master_deck":["bronze:Strike","bronze:Strike","bronze:Defend","bronze:Defend","bronze:Defend","bronze:Replicate","bronze:Goto","bronze:ForceShield","bronze:ChosenStrike","bronze:WhirlingStrike","bronze:Boost","bronze:ItsAFeature","bronze:Repair","bronze:Frontload","bronze:CloningBeam","bronze:SpaghettiCode","bronze:CutThrough","bronze:SpaghettiCode","bronze:Optimize","bronze:Optimize+1","Panache","expansioncontent:Hexaburn","bronze:ClassDefault","bronze:Branch","bronze:ChosenStrike+1","bronze:ChildClass+1","bronze:Frontload+1","bronze:SpaghettiCode+1","expansioncontent:YouAreMine+1","bronze:Deprecate+1"],"relics":["Fusion Hammer","Meat on the Bone","Matryoshka","Kunai","Ginger","downfall:HeartBlessingRed","Busted Crown","downfall:HeartBlessingGreen","Unceasing Top","Ornamental Fan","Shovel","Tiny Chest","Bottled Lightning","Prayer Wheel","CaptainsWheel","Mercury Hourglass","Coffee Dripper","bronze:CableSpool","Frozen Egg 2","Toxic Egg 2","Calipers","StrikeDummy","Bottled Flame","PreservedInsect","Oddly Smooth Stone","Ancient Tea Set","Centennial Puzzle"],"acts_visited":["Exordium","TheCity","TheBeyond"],"potions_floor_usage":[23,33,37,40,42,50,50,50],"damage_taken":[{"damage":0.0,"enemies":"downfall:FleeingMerchant","floor":2.0,"turns":4.0},{"damage":0.0,"enemies":"2 Louse","floor":3.0,"turns":4.0},{"damage":1.0,"enemies":"Small Slimes","floor":4.0,"turns":3.0},{"damage":14.0,"enemies":"Gremlin Nob","floor":6.0,"turns":2.0},{"damage":9.0,"enemies":"3 Sentries","floor":8.0,"turns":7.0},{"damage":0.0,"enemies":"Cultist","floor":9.0,"turns":3.0},{"damage":3.0,"enemies":"Lots of Slimes","floor":11.0,"turns":3.0},{"damage":1.0,"enemies":"Gremlin Nob","floor":12.0,"turns":4.0},{"damage":0.0,"enemies":"Blue Slaver","floor":14.0,"turns":1.0},{"damage":0.0,"enemies":"3 Louse","floor":15.0,"turns":3.0},{"damage":12.0,"enemies":"WA_ARCHETYPE_RETAIN","floor":16.0,"turns":9.0},{"damage":1.0,"enemies":"Shell Parasite","floor":19.0,"turns":5.0},{"damage":2.0,"enemies":"Shelled Parasite and Fungi","floor":20.0,"turns":5.0},{"damage":1.0,"enemies":"IC_STATUS_ARCHETYPE","floor":21.0,"turns":6.0},{"damage":9.0,"enemies":"3 Cultists","floor":22.0,"turns":5.0},{"damage":0,"enemies":"Gremlin Leader","floor":23,"turns":7},{"damage":4,"enemies":"Book of Stabbing","floor":25,"turns":5},{"damage":0,"enemies":"Snecko","floor":27,"turns":4},{"damage":0,"enemies":"Centurion and Healer","floor":29,"turns":4},{"damage":0,"enemies":"Cultist and Chosen","floor":31,"turns":4},{"damage":2,"enemies":"Snecko","floor":32,"turns":5},{"damage":0,"enemies":"SI_MIRROR_ARCHETYPE","floor":33,"turns":8},{"damage":0,"enemies":"3 Shapes","floor":36,"turns":4},{"damage":0,"enemies":"downfall:FleeingMerchant","floor":37,"turns":4},{"damage":0,"enemies":"Orb Walker","floor":38,"turns":3},{"damage":0,"enemies":"2 Orb Walkers","floor":40,"turns":2},{"damage":19,"enemies":"Reptomancer","floor":42,"turns":5},{"damage":0,"enemies":"4 Shapes","floor":43,"turns":5},{"damage":0,"enemies":"downfall:FleeingMerchant","floor":44,"turns":2},{"damage":0,"enemies":"Transient","floor":46,"turns":5},{"damage":0,"enemies":"Jaw Worm Horde","floor":48,"turns":1},{"damage":0,"enemies":"Sphere and 2 Shapes","floor":49,"turns":1},{"damage":25,"enemies":"DF_ARCHETYPE_ORBS","floor":50,"turns":5}],"seed_played":"-6416758655834302713","potions_obtained":[{"floor":3.0,"key":"champ:CounterPotion"},{"floor":4.0,"key":"GamblersBrew"},{"floor":9.0,"key":"Fire Potion"},{"floor":11.0,"key":"SmokeBomb"},{"floor":15.0,"key":"Block Potion"},{"floor":16.0,"key":"Guardian:BlockOnCardUsePotion"},{"floor":21.0,"key":"sneckomod:MuddlingPotion"},{"floor":25,"key":"BlessingOfTheForge"},{"floor":29,"key":"Weak Potion"},{"floor":31,"key":"FearPotion"},{"floor":38,"key":"SteroidPotion"},{"floor":43,"key":"Energy Potion"},{"floor":49,"key":"EssenceOfSteel"}],"is_trial":false,"path_per_floor":["R","$","M","M","?","E","T","E","M","?","M","E","R","M","M","B",null,"R","M","M","?","M","E","T","E","R","M","?","M","R","M","M","B",null,"R","M","$","M","T","?","T","E","M","$","R","M","R","M","M","B",null],"character_chosen":"THE_AUTOMATON","items_purchased":["Panache","expansioncontent:Hexaburn","bronze:SpaghettiCode+1","PreservedInsect","Oddly Smooth Stone","expansioncontent:YouAreMine","Weak Potion"],"campfire_rested":2,"item_purchase_floors":[37,37,44,44,44,44,44],"current_hp_per_floor":[70,70,70,69,69,55,55,46,46,46,43,49,70,70,70,62,70,70,70,68,70,70,70,70,70,70,70,70,70,70,70,70,70,70,70,70,70,70,70,70,70,51,51,51,51,51,51,51,51,36],"gold":51,"neow_bonus":"BOSS_RELIC","is_daily":false,"chose_seed":false,"campfire_upgraded":0,"win_rate":0.0,"timestamp":1612042609,"path_taken":["R","$","M","M","?","E","T","E","M","?","M","E","R","M","M","BOSS","R","M","M","?","M","E","T","E","R","M","?","M","R","?","M","BOSS","R","M","$","?","?","?","T","E","M","$","R","M","R","M","M","BOSS"],"items_purchased_type":["Card","Card","Card","Relic","Relic","Card","Potion"],"build_version":"2020-12-22","purchased_purges":2,"victory":true,"max_hp_per_floor":[70,70,70,70,70,70,70,70,70,70,70,70,70,70,70,70,70,70,70,70,70,70,70,70,70,70,70,70,70,70,70,70,70,70,70,70,70,70,70,70,70,70,70,70,70,70,70,70,70,70],"card_choices":[{"not_picked":["bronze:BugBarrage","bronze:ThunderWave"],"picked":"bronze:ForceShield","floor":2.0},{"not_picked":["bronze:BitShift","bronze:BugBarrage"],"picked":"bronze:ChosenStrike","floor":3.0},{"not_picked":["bronze:BugBarrage","bronze:MaxOutput"],"picked":"bronze:WhirlingStrike","floor":4.0},{"not_picked":["bronze:Backtrace","bronze:DelayedGuard","bronze:WildBeam"],"picked":"SKIP","floor":6.0},{"not_picked":["bronze:BugBarrage","bronze:BitShift"],"picked":"bronze:Boost","floor":8.0},{"not_picked":["bronze:NullPointer","bronze:WildBeam"],"picked":"bronze:ItsAFeature","floor":9.0},{"not_picked":["bronze:Frontload","bronze:Format"],"picked":"bronze:Repair","floor":11.0},{"not_picked":["bronze:ShipIt","bronze:ChosenStrike"],"picked":"bronze:Frontload","floor":12.0},{"not_picked":["bronze:Safeguard","bronze:BronzeArmor"],"picked":"bronze:CloningBeam","floor":14.0},{"not_picked":["bronze:Invalidate","bronze:ForLoop","bronze:Frontload"],"picked":"SKIP","floor":15.0},{"not_picked":["bronze:BurnOut","bronze:CleanCode"],"picked":"bronze:SpaghettiCode","floor":16.0},{"not_picked":["bronze:Overload"],"picked":"SKIP","floor":19.0},{"not_picked":["bronze:Invalidate"],"picked":"SKIP","floor":20.0},{"not_picked":[],"picked":"bronze:CutThrough","floor":21.0},{"not_picked":["bronze:DelayedGuard"],"picked":"SKIP","floor":22.0},{"not_picked":[],"picked":"bronze:SpaghettiCode","floor":23},{"not_picked":["bronze:OilSpill+1"],"picked":"SKIP","floor":25},{"not_picked":[],"picked":"bronze:Optimize","floor":27},{"not_picked":["bronze:Invalidate+1"],"picked":"SKIP","floor":27},{"not_picked":["bronze:ItsAFeature"],"picked":"SKIP","floor":29},{"not_picked":["bronze:OilSpill"],"picked":"SKIP","floor":29},{"not_picked":["bronze:BugBarrage"],"picked":"SKIP","floor":31},{"not_picked":["bronze:NullPointer+1"],"picked":"SKIP","floor":31},{"not_picked":["bronze:Frontload"],"picked":"SKIP","floor":32},{"not_picked":["bronze:CleanCode"],"picked":"SKIP","floor":32},{"not_picked":["bronze:FineTuning"],"picked":"SKIP","floor":36},{"not_picked":["bronze:CutThrough"],"picked":"SKIP","floor":36},{"not_picked":[],"picked":"bronze:Optimize+1","floor":37},{"not_picked":[],"picked":"bronze:ClassDefault","floor":38},{"not_picked":[],"picked":"bronze:Branch","floor":38},{"not_picked":[],"picked":"bronze:ChosenStrike+1","floor":40},{"not_picked":[],"picked":"bronze:ChildClass+1","floor":42},{"not_picked":[],"picked":"bronze:Frontload+1","floor":43},{"not_picked":["bronze:DarkDash+1"],"picked":"SKIP","floor":43},{"not_picked":["bronze:WhirlingStrike"],"picked":"SKIP","floor":44},{"not_picked":["bronze:Allocate+1"],"picked":"SKIP","floor":46},{"not_picked":["bronze:CloningBeam+1"],"picked":"SKIP","floor":46},{"not_picked":[],"picked":"bronze:Deprecate+1","floor":48},{"not_picked":["bronze:Iterate+1"],"picked":"SKIP","floor":48},{"not_picked":["bronze:WhirlingStrike"],"picked":"SKIP","floor":49},{"not_picked":["bronze:Shield+1"],"picked":"SKIP","floor":49}],"player_experience":1127172,"relics_obtained":[{"floor":6.0,"key":"Meat on the Bone"},{"floor":7.0,"key":"Matryoshka"},{"floor":8.0,"key":"Kunai"},{"floor":12.0,"key":"Ginger"},{"floor":21.0,"key":"Unceasing Top"},{"floor":21.0,"key":"Ornamental Fan"},{"floor":23,"key":"Shovel"},{"floor":24,"key":"Tiny Chest"},{"floor":24,"key":"Bottled Lightning"},{"floor":25,"key":"Prayer Wheel"},{"floor":26,"key":"CaptainsWheel"},{"floor":30,"key":"Mercury Hourglass"},{"floor":35,"key":"bronze:CableSpool"},{"floor":39,"key":"Frozen Egg 2"},{"floor":39,"key":"Toxic Egg 2"},{"floor":40,"key":"Calipers"},{"floor":41,"key":"StrikeDummy"},{"floor":42,"key":"Bottled Flame"},{"floor":45,"key":"Ancient Tea Set"},{"floor":47,"key":"Centennial Puzzle"}],"event_choices":[{"cards_removed":["bronze:Defend"],"damage_healed":0.0,"max_hp_gain":0.0,"max_hp_loss":0.0,"gold_gain":0.0,"event_name":"The Cleric","player_choice":"Card Removal","floor":10.0,"gold_loss":0.0,"damage_taken":0.0},{"damage_healed":0,"gold_gain":0,"player_choice":"Fight","damage_taken":0,"max_hp_gain":0,"max_hp_loss":0,"event_name":"Mysterious Sphere","floor":40,"gold_loss":0}],"is_beta":false,"boss_relics":[{"not_picked":["Astrolabe","Velvet Choker"],"picked":"Busted Crown"},{"not_picked":["Philosopher\u0027s Stone","Tiny House"],"picked":"Coffee Dripper"}],"items_purged_floors":[2,37],"is_endless":false,"potions_floor_spawned":[3,4,9,11,15,16,21,25,29,31,32,38,43,49],"ascension_level":0}}