{"host":"qgrlfjrqk9z96gfi","time":1612032928,"event":{"mods":["BaseMod","Block Reminder","Colored Map","Custom Start","DeckTracker","Minty Spire (QoL Compilation)"],"gold_per_floor":[109,33,49,99,99,132,132,164,164,164,164],"floor_reached":10,"language":"ENG","playtime":151,"items_purged":[],"score":198,"play_id":"5e1f83b5-4b63-4088-b73c-36b175f634a4","local_time":"20210130085528","is_ascension_mode":true,"campfire_choices":[{"data":"Dagger Spray","floor":7,"key":"SMITH"}],"circlet_count":0,"master_deck":["AscendersBane","Strike_G","Strike_G","Strike_G","Strike_G","Strike_G","Defend_G","Defend_G","Defend_G","Defend_G","Defend_G","Survivor","Neutralize","Underhanded Strike","Dagger Spray+1","Outmaneuver","Infinite Blades","Crippling Poison"],"relics":["Ring of the Snake","NeowsBlessing","HornCleat","Art of War","Meat on the Bone"],"acts_visited":["Exordium"],"potions_floor_usage":[8],"damage_taken":[{"damage":0,"enemies":"Jaw Worm","floor":1,"turns":1},{"damage":0,"enemies":"Small Slimes","floor":3,"turns":1},{"damage":0,"enemies":"Lagavulin","floor":6,"turns":1},{"damage":38,"enemies":"Gremlin Nob","floor":8,"turns":5},{"damage":22,"enemies":"3 Sentries","floor":10,"turns":4}],"seed_played":"2992349261502190730","potions_obtained":[{"floor":1,"key":"Fire Potion"}],"is_trial":false,"path_per_floor":["M","$","M","?","?","E","R","E","T","E"],"character_chosen":"THE_SILENT","items_purchased":["Dagger Spray","Outmaneuver"],"campfire_rested":0,"item_purchase_floors":[2,2],"current_hp_per_floor":[59,59,59,59,59,59,59,21,21,0,0],"gold":164,"neow_bonus":"THREE_ENEMY_KILL","is_daily":false,"chose_seed":false,"campfire_upgraded":1,"win_rate":0.0,"timestamp":1612032928,"path_taken":["M","$","M","?","?","E","R","E","T","E"],"items_purchased_type":["Card","Card"],"build_version":"2020-12-22","purchased_purges":0,"victory":false,"max_hp_per_floor":[66,66,66,66,66,66,66,66,66,66,66],"card_choices":[{"not_picked":["Caltrops","Sucker Punch"],"picked":"Underhanded Strike","floor":1},{"not_picked":["Setup","Deadly Poison"],"picked":"Infinite Blades","floor":3},{"not_picked":["Deflect","All Out Attack"],"picked":"Crippling Poison","floor":6},{"not_picked":["Dagger Spray","Flying Knee","Choke"],"picked":"SKIP","floor":8}],"player_experience":1085042,"relics_obtained":[{"floor":6,"key":"HornCleat"},{"floor":8,"key":"Art of War"},{"floor":9,"key":"Meat on the Bone"}],"event_choices":[{"damage_healed":0,"gold_gain":50,"player_choice":"Gained Gold","damage_taken":0,"max_hp_gain":0,"max_hp_loss":0,"event_name":"Golden Wing","floor":4,"gold_loss":0},{"damage_healed":0,"gold_gain":0,"player_choice":"Ignored","damage_taken":0,"max_hp_gain":0,"max_hp_loss":0,"event_name":"Liars Game","floor":5,"gold_loss":0}],"is_beta":false,"boss_relics":[],"items_purged_floors":[],"is_endless":false,"potions_floor_spawned":[1],"killed_by":"3 Sentries","ascension_level":20}}