{"host":"a1eatafr7pisesky","time":1612003376,"event":{"mods":["AchievementEnabler","BaseMod","Colored Map","Keyboard Shortcuts","Minty Spire (QoL Compilation)","Say the Spire","StSLib","SuperFastMode","everything is the same but u backflip on backflip"],"gold_per_floor":[116,41,41,41,54,87,101,127,127,127,159,173,200,214,214,287,287,306,316,316,316,328,328,42,65,92,92,125,125,151,151,151],"floor_reached":31,"language":"KOR","playtime":878,"items_purged":["Defend_B"],"score":554,"play_id":"3dc9dd19-df5f-4cef-a141-0707108b7314","local_time":"20210130194256","is_ascension_mode":true,"campfire_choices":[{"floor":10.0,"key":"REST"},{"floor":15.0,"key":"REST"},{"floor":23.0,"key":"REST"},{"data":"Defragment","floor":27.0,"key":"SMITH"},{"floor":29.0,"key":"REST"}],"circlet_count":0,"master_deck":["AscendersBane","Strike_B","Strike_B","Defend_B","Defend_B","Zap","Dualcast+1","Storm","Hologram","Ball Lightning","Coolheaded+1","Undo","Turbo+1","Glacier","BootSequence","Defragment+1","White Noise","Amplify","Recycle","Lockon","Consume","Self Repair"],"relics":["Cracked Core","NeowsBlessing","Vajra","WingedGreaves","War Paint","Ice Cream","Runic Pyramid","Mummified Hand","MealTicket","Nunchaku","Smiling Mask","InkBottle"],"acts_visited":["Exordium","TheCity"],"potions_floor_usage":[],"damage_taken":[{"damage":0.0,"enemies":"Jaw Worm","floor":1.0,"turns":1.0},{"damage":0.0,"enemies":"Small Slimes","floor":5.0,"turns":1.0},{"damage":0.0,"enemies":"Lagavulin","floor":6.0,"turns":1.0},{"damage":0.0,"enemies":"Cultist","floor":7.0,"turns":3.0},{"damage":34.0,"enemies":"3 Sentries","floor":8.0,"turns":6.0},{"damage":23.0,"enemies":"Lagavulin","floor":11.0,"turns":6.0},{"damage":6.0,"enemies":"Blue Slaver","floor":12.0,"turns":3.0},{"damage":16.0,"enemies":"3 Sentries","floor":13.0,"turns":7.0},{"damage":0.0,"enemies":"2 Fungi Beasts","floor":14.0,"turns":3.0},{"damage":3.0,"enemies":"Hexaghost","floor":16.0,"turns":9.0},{"damage":12.0,"enemies":"2 Thieves","floor":18.0,"turns":4.0},{"damage":4.0,"enemies":"Spheric Guardian","floor":19.0,"turns":4.0},{"damage":19.0,"enemies":"Snake Plant","floor":22.0,"turns":4.0},{"damage":26.0,"enemies":"Slavers","floor":28.0,"turns":7.0},{"damage":29.0,"enemies":"Gremlin Leader","floor":30.0,"turns":7.0},{"damage":8,"enemies":"Shelled Parasite and Fungi","floor":31,"turns":2}],"seed_played":"6599260912231505635","potions_obtained":[{"floor":5.0,"key":"SkillPotion"},{"floor":6.0,"key":"Block Potion"},{"floor":14.0,"key":"AttackPotion"},{"floor":18.0,"key":"SpeedPotion"}],"is_trial":false,"path_per_floor":["M","$","?","?","M","E","M","E","T","R","E","M","E","M","R","B",null,"M","M","?","?","M","R","$","T","T","R","E","R","E","M"],"character_chosen":"DEFECT","items_purchased":["Mummified Hand","Self Repair"],"campfire_rested":4,"item_purchase_floors":[24,24],"current_hp_per_floor":[64,64,64,64,64,64,64,30,30,51,28,22,6,6,27,24,59,47,43,43,30,11,33,33,33,33,33,14,36,21,13,13],"gold":151,"neow_bonus":"THREE_ENEMY_KILL","is_daily":false,"chose_seed":false,"campfire_upgraded":1,"win_rate":0.0,"timestamp":1612003376,"path_taken":["M","$","?","?","M","E","M","E","T","R","E","?","E","M","R","BOSS","M","M","?","?","M","R","$","?","T","R","E","R","E","M"],"items_purchased_type":["Relic","Card"],"build_version":"2020-12-22","purchased_purges":1,"victory":false,"max_hp_per_floor":[71,71,71,71,71,71,71,71,71,71,71,71,71,71,71,71,71,71,71,71,76,76,76,76,76,76,76,76,76,76,76,76],"card_choices":[{"not_picked":["Rebound","Compile Driver"],"picked":"Storm","floor":1.0},{"not_picked":["Hologram","Melter"],"picked":"Ball Lightning","floor":5.0},{"not_picked":["Darkness","Compile Driver"],"picked":"Coolheaded","floor":6.0},{"not_picked":["Rebound","Compile Driver"],"picked":"Undo","floor":7.0},{"not_picked":["Auto Shields","Barrage"],"picked":"Turbo","floor":8.0},{"not_picked":["Multi-Cast","Streamline"],"picked":"Glacier","floor":11.0},{"not_picked":["Rebound","Static Discharge"],"picked":"BootSequence","floor":12.0},{"not_picked":["Fusion","Redo"],"picked":"Defragment","floor":13.0},{"not_picked":["Consume","Beam Cell"],"picked":"White Noise","floor":14.0},{"not_picked":["Buffer","Thunder Strike"],"picked":"Amplify","floor":16.0},{"not_picked":["Rebound","Barrage","Compile Driver+1"],"picked":"SKIP","floor":18.0},{"not_picked":["Gash","Stack"],"picked":"Recycle","floor":19.0},{"not_picked":["Hologram+1","Conserve Battery","Stack"],"picked":"SKIP","floor":22.0},{"not_picked":["Consume","Compile Driver","Turbo"],"picked":"SKIP","floor":28.0},{"not_picked":["Turbo","Lockon+1","Hologram"],"picked":"SKIP","floor":30.0}],"player_experience":382847,"relics_obtained":[{"floor":6.0,"key":"Vajra"},{"floor":8.0,"key":"WingedGreaves"},{"floor":11.0,"key":"War Paint"},{"floor":13.0,"key":"Ice Cream"},{"floor":25.0,"key":"MealTicket"},{"floor":26.0,"key":"Nunchaku"},{"floor":28.0,"key":"Smiling Mask"},{"floor":30.0,"key":"InkBottle"}],"event_choices":[{"damage_healed":0.0,"max_hp_gain":0.0,"max_hp_loss":0.0,"gold_gain":0.0,"cards_transformed":["Strike_B"],"event_name":"Living Wall","player_choice":"Change","floor":3.0,"gold_loss":0.0,"damage_taken":0.0,"cards_obtained":["Hologram"]},{"damage_healed":0.0,"max_hp_gain":0.0,"max_hp_loss":0.0,"gold_gain":0.0,"event_name":"Upgrade Shrine","player_choice":"Upgraded","floor":4.0,"gold_loss":0.0,"damage_taken":0.0,"cards_upgraded":["Dualcast"]},{"damage_healed":0.0,"max_hp_gain":0.0,"max_hp_loss":0.0,"gold_gain":0.0,"cards_transformed":["Strike_B","Defend_B"],"event_name":"Drug Dealer","player_choice":"Became Test Subject","floor":20.0,"gold_loss":0.0,"damage_taken":0.0,"cards_obtained":["Lockon","Consume"]},{"damage_healed":0.0,"max_hp_gain":5.0,"max_hp_loss":0.0,"gold_gain":0.0,"event_name":"Forgotten Altar","player_choice":"Shed Blood","floor":21.0,"gold_loss":0.0,"damage_taken":18.0}],"is_beta":false,"boss_relics":[{"not_picked":["Fusion Hammer","Runic Dome"],"picked":"Runic Pyramid"}],"items_purged_floors":[2],"is_endless":false,"potions_floor_spawned":[5,6,7,14,18],"killed_by":"Shelled Parasite and Fungi","ascension_level":14}}