{"host":"zfh44j5h77tkupss","time":1612028460,"event":{"mods":["AchievementEnabler","BaseMod","Colored Map","Colored Powertips","Highlight Path","Minty Spire (QoL Compilation)","Quick Restart","Relic Stats","StSLib"],"gold_per_floor":[111,111,125,142,142,173,185,122,148,148,48,68,68,68,68,177,177,190,210,220,240,115,115,135,135,183,183,98,98,98,110,110,220,220,235,235,235,252,268,268,268],"floor_reached":40,"language":"ENG","playtime":1145,"items_purged":["Defend_R","Strike_R","Strike_R"],"score":436,"play_id":"ef1d8452-3365-4aa7-88e8-01f38f92bdfe","local_time":"20210130184100","is_ascension_mode":false,"campfire_choices":[{"data":"Searing Blow","floor":7.0,"key":"SMITH"},{"data":"Searing Blow+1","floor":10.0,"key":"SMITH"},{"floor":13.0,"key":"REST"},{"data":"Searing Blow+2","floor":15.0,"key":"SMITH"},{"floor":23.0,"key":"REST"},{"data":"Searing Blow+3","floor":25.0,"key":"SMITH"},{"data":"Searing Blow+4","floor":27.0,"key":"SMITH"},{"data":"Searing Blow+5","floor":32.0,"key":"SMITH"}],"circlet_count":0,"master_deck":["Strike_R","Defend_R","Defend_R","Defend_R","Bash","Searing Blow+6","Feed","Demon Form","Heavy Blade","Double Tap"],"relics":["SlaversCollar","MawBank","Bag of Preparation","CeramicFish","Busted Crown","Bronze Scales","Champion Belt","Black Star"],"acts_visited":["Exordium","TheCity","TheBeyond"],"potions_floor_usage":[],"damage_taken":[{"damage":2.0,"enemies":"2 Louse","floor":1.0,"turns":3.0},{"damage":15.0,"enemies":"Jaw Worm","floor":3.0,"turns":4.0},{"damage":0.0,"enemies":"Small Slimes","floor":4.0,"turns":3.0},{"damage":13.0,"enemies":"Gremlin Nob","floor":6.0,"turns":4.0},{"damage":26.0,"enemies":"Gremlin Gang","floor":12.0,"turns":6.0},{"damage":35.0,"enemies":"Hexaghost","floor":16.0,"turns":6.0},{"damage":19.0,"enemies":"Spheric Guardian","floor":18.0,"turns":4.0},{"damage":22.0,"enemies":"Shell Parasite","floor":19.0,"turns":4.0},{"damage":19.0,"enemies":"Snecko","floor":20.0,"turns":5.0},{"damage":18.0,"enemies":"Snake Plant","floor":21.0,"turns":4.0},{"damage":29.0,"enemies":"Chosen and Byrds","floor":24.0,"turns":6.0},{"damage":17.0,"enemies":"Cultist and Chosen","floor":31.0,"turns":4.0},{"damage":56.0,"enemies":"Automaton","floor":33.0,"turns":8.0},{"damage":27.0,"enemies":"3 Shapes","floor":35.0,"turns":4.0},{"damage":31.0,"enemies":"Orb Walker","floor":38.0,"turns":3.0},{"damage":37.0,"enemies":"Sphere and 2 Shapes","floor":39.0,"turns":5.0},{"damage":12,"enemies":"Jaw Worm Horde","floor":40,"turns":2}],"seed_played":"-8562511743822570180","potions_obtained":[{"floor":1.0,"key":"BlessingOfTheForge"},{"floor":4.0,"key":"Block Potion"},{"floor":16.0,"key":"Regen Potion"},{"floor":18.0,"key":"PowerPotion"},{"floor":20.0,"key":"SpeedPotion"},{"floor":24.0,"key":"Regen Potion"}],"is_trial":false,"path_per_floor":["M","?","M","M","?","E","R","$","T","R","$","M","R","?","R","B",null,"M","M","M","M","$","R","M","R","T","R","?","?","?","M","R","B",null,"M","?","?","M","M","M"],"character_chosen":"IRONCLAD","items_purchased":[],"campfire_rested":2,"item_purchase_floors":[],"current_hp_per_floor":[78,71,56,56,56,46,46,46,46,46,46,23,48,48,48,13,86,70,51,35,29,29,57,31,31,31,31,31,63,63,46,46,5,98,71,71,71,40,3,0,0],"gold":268,"neow_bonus":"BOSS_RELIC","is_daily":false,"chose_seed":false,"campfire_upgraded":6,"win_rate":0.0,"timestamp":1612028460,"path_taken":["M","?","M","M","?","E","R","$","T","R","$","M","R","?","R","BOSS","M","M","M","?","$","R","M","R","T","R","?","?","?","?","R","BOSS","M","?","?","M","M","M"],"items_purchased_type":[],"build_version":"2020-12-22","purchased_purges":3,"victory":false,"max_hp_per_floor":[80,80,80,80,80,83,83,83,83,83,83,86,86,86,86,86,86,89,92,95,95,95,95,98,98,98,98,98,98,98,98,98,98,98,98,98,98,98,98,98,98],"relic_stats":{"Busted Crown":20,"counters":[17,75],"CeramicFish":27,"Bronze Scales":[53],"Bag of Preparation":[26],"Black Star":0,"Champion Belt":[4],"MawBank":24,"obtain_stats":[{"SlaversCollar":0,"Busted Crown":17,"CeramicFish":14,"Bronze Scales":26,"Bag of Preparation":9,"Black Star":34,"Champion Belt":28,"MawBank":6,"Burning Blood":0},{"SlaversCollar":0,"Busted Crown":6,"CeramicFish":5,"Bronze Scales":11,"Bag of Preparation":4,"Black Star":13,"Champion Belt":11,"MawBank":4,"Burning Blood":0},{"SlaversCollar":0,"Busted Crown":26,"CeramicFish":20,"Bronze Scales":49,"Bag of Preparation":14,"Black Star":61,"Champion Belt":49,"MawBank":14,"Burning Blood":0}]},"card_choices":[{"not_picked":["Dual Wield","Blood for Blood"],"picked":"Searing Blow","floor":1.0},{"not_picked":["Sentinel","True Grit","Shrug It Off"],"picked":"SKIP","floor":3.0},{"not_picked":["Shrug It Off","Headbutt"],"picked":"Feed","floor":4.0},{"not_picked":["Iron Wave","Wild Strike","Anger"],"picked":"SKIP","floor":6.0},{"not_picked":["True Grit","Evolve","Twin Strike"],"picked":"SKIP","floor":12.0},{"not_picked":["Immolate","Offering"],"picked":"Demon Form","floor":16.0},{"not_picked":["Thunderclap"],"picked":"SKIP","floor":18.0},{"not_picked":[],"picked":"Heavy Blade","floor":19.0},{"not_picked":["Searing Blow"],"picked":"SKIP","floor":20.0},{"not_picked":["Searing Blow+1"],"picked":"SKIP","floor":21.0},{"not_picked":["Twin Strike"],"picked":"SKIP","floor":24.0},{"not_picked":["Perfected Strike+1"],"picked":"SKIP","floor":31.0},{"not_picked":[],"picked":"Double Tap","floor":33.0},{"not_picked":["Twin Strike"],"picked":"SKIP","floor":35.0},{"not_picked":["Heavy Blade"],"picked":"SKIP","floor":38.0},{"not_picked":["Sword Boomerang"],"picked":"SKIP","floor":39.0}],"player_experience":316953,"relics_obtained":[{"floor":6.0,"key":"MawBank"},{"floor":9.0,"key":"Bag of Preparation"},{"floor":14.0,"key":"CeramicFish"},{"floor":26.0,"key":"Bronze Scales"}],"event_choices":[{"cards_removed":["Strike_R"],"damage_healed":0.0,"max_hp_gain":0.0,"max_hp_loss":0.0,"gold_gain":0.0,"event_name":"Golden Wing","player_choice":"Card Removal","floor":2.0,"gold_loss":0.0,"damage_taken":7.0},{"damage_healed":0.0,"max_hp_gain":0.0,"max_hp_loss":0.0,"gold_gain":0.0,"event_name":"Liars Game","player_choice":"Ignored","floor":5.0,"gold_loss":0.0,"damage_taken":0.0},{"damage_healed":0.0,"max_hp_gain":0.0,"max_hp_loss":0.0,"gold_gain":0.0,"event_name":"Wheel of Change","player_choice":"Relic","floor":14.0,"gold_loss":0.0,"damage_taken":0.0},{"damage_healed":0.0,"max_hp_gain":0.0,"max_hp_loss":0.0,"gold_gain":0.0,"event_name":"Addict","player_choice":"Obtained Relic","floor":28.0,"gold_loss":85.0,"damage_taken":0.0,"relics_obtained":["Champion Belt"]},{"damage_healed":32.0,"max_hp_gain":0.0,"max_hp_loss":0.0,"gold_gain":0.0,"event_name":"The Library","player_choice":"Heal","floor":29.0,"gold_loss":0.0,"damage_taken":0.0},{"damage_healed":0.0,"max_hp_gain":0.0,"max_hp_loss":0.0,"gold_gain":0.0,"event_name":"Match and Keep!","player_choice":"0 cards matched","floor":30.0,"gold_loss":0.0,"damage_taken":0.0,"cards_obtained":[]},{"cards_removed":["Strike_R"],"damage_healed":0.0,"max_hp_gain":0.0,"max_hp_loss":0.0,"gold_gain":0.0,"event_name":"Falling","player_choice":"Removed Attack","floor":36.0,"gold_loss":0.0,"damage_taken":0.0},{"damage_healed":0.0,"max_hp_gain":0.0,"max_hp_loss":0.0,"gold_gain":0.0,"event_name":"SecretPortal","player_choice":"Ignored","floor":37.0,"gold_loss":0.0,"damage_taken":0.0}],"is_beta":false,"boss_relics":[{"not_picked":["Sozu","Pandora\u0027s Box"],"picked":"Busted Crown"},{"not_picked":["Coffee Dripper","Runic Dome"],"picked":"Black Star"}],"items_purged_floors":[8,11,22],"is_endless":false,"potions_floor_spawned":[1,4,16,18,20,24],"killed_by":"Jaw Worm Horde","ascension_level":0}}