{"host":"7k7s6ne09mxa92o8","time":1612017385,"event":{"mods":["2.2 Compatiblity","BaseMod","DeckTracker","Hermit","Minty Spire (QoL Compilation)","StSLib","Waifu the Spire"],"gold_per_floor":[115,190,190,190,190,190,221,221,248,283,313,338,338,382,382,382,382],"floor_reached":16,"language":"KOR","playtime":402,"items_purged":[],"score":246,"play_id":"112f7efc-dd93-4939-9ee1-3eeed3a7f3a1","local_time":"20210130233625","is_ascension_mode":true,"campfire_choices":[{"floor":6,"key":"REST"},{"data":"hermit:Enervate","floor":8,"key":"SMITH"},{"floor":15,"key":"REST"}],"circlet_count":0,"master_deck":["AscendersBane","hermit:Strike_Hermit","hermit:Strike_Hermit","hermit:Strike_Hermit","hermit:Strike_Hermit","hermit:Defend_Hermit","hermit:Defend_Hermit","hermit:Defend_Hermit","hermit:Defend_Hermit+1","hermit:Snapshot","hermit:Covet+1","hermit:Dive+1","Injury","hermit:Enervate+1","hermit:CursedWeapon","hermit:Dissolve","hermit:Enervate","Regret","hermit:Snipe"],"relics":["hermit:Momento","NeowsBlessing","Golden Idol","Happy Flower","Juzu Bracelet","Boot","Odd Mushroom","PreservedInsect","Bronze Scales"],"acts_visited":["Exordium"],"potions_floor_usage":[16,16],"damage_taken":[{"damage":0,"enemies":"Jaw Worm","floor":1,"turns":1},{"damage":0,"enemies":"Gremlin Nob","floor":7,"turns":1},{"damage":0,"enemies":"3 Sentries","floor":10,"turns":2},{"damage":30,"enemies":"The Mushroom Lair","floor":11,"turns":6},{"damage":2,"enemies":"Small Slimes","floor":12,"turns":4},{"damage":12,"enemies":"Lagavulin","floor":14,"turns":7},{"damage":44,"enemies":"Hexaghost","floor":16,"turns":9}],"seed_played":"-7426529912879863226","potions_obtained":[{"floor":7,"key":"Swift Potion"},{"floor":11,"key":"Fire Potion"}],"is_trial":false,"path_per_floor":["M","?","?","?","?","R","E","R","T","E","?","M","?","E","R","B"],"character_chosen":"HERMIT","items_purchased":[],"campfire_rested":2,"item_purchase_floors":[],"current_hp_per_floor":[68,57,57,42,42,64,64,64,64,64,34,32,32,20,42,0,0],"gold":382,"neow_bonus":"THREE_ENEMY_KILL","is_daily":false,"chose_seed":false,"campfire_upgraded":1,"win_rate":0.0,"timestamp":1612017385,"path_taken":["M","?","?","?","?","R","E","R","T","E","?","M","?","E","R","BOSS"],"items_purchased_type":[],"build_version":"2020-12-22","purchased_purges":0,"victory":false,"max_hp_per_floor":[75,75,75,75,75,75,75,75,75,75,75,75,75,75,75,75,75],"card_choices":[{"not_picked":["hermit:Manifest","hermit:Headshot"],"picked":"hermit:Dive","floor":1},{"not_picked":["hermit:Manifest","hermit:TrackingShot"],"picked":"hermit:Enervate","floor":7},{"not_picked":["hermit:Malice","hermit:Headshot"],"picked":"hermit:CursedWeapon","floor":10},{"not_picked":["hermit:HighCaliber","hermit:DeadMansHand"],"picked":"hermit:Dissolve","floor":11},{"not_picked":["hermit:HighCaliber","hermit:DeadMansHand"],"picked":"hermit:Enervate","floor":12},{"not_picked":["hermit:Quickdraw","hermit:LoneWolf"],"picked":"hermit:Snipe","floor":14}],"player_experience":1227441,"relics_obtained":[{"floor":7,"key":"Happy Flower"},{"floor":9,"key":"Juzu Bracelet"},{"floor":10,"key":"Boot"},{"floor":11,"key":"Odd Mushroom"},{"floor":14,"key":"Bronze Scales"}],"event_choices":[{"damage_healed":0,"gold_gain":75,"player_choice":"Gather Gold","damage_taken":11,"max_hp_gain":0,"max_hp_loss":0,"event_name":"World of Goop","floor":2,"gold_loss":0},{"damage_healed":0,"gold_gain":0,"player_choice":"Grow","damage_taken":0,"max_hp_gain":0,"max_hp_loss":0,"event_name":"Living Wall","floor":3,"gold_loss":0,"cards_upgraded":["hermit:Dive"]},{"damage_healed":0,"gold_gain":0,"player_choice":"Entered Light","damage_taken":15,"max_hp_gain":0,"max_hp_loss":0,"event_name":"Shining Light","floor":4,"gold_loss":0,"cards_upgraded":["hermit:Covet","hermit:Defend_Hermit"]},{"damage_healed":0,"gold_gain":0,"player_choice":"Take Wound","damage_taken":0,"relics_obtained":["Golden Idol"],"max_hp_gain":0,"max_hp_loss":0,"event_name":"Golden Idol","floor":5,"gold_loss":0,"cards_obtained":["Injury"]},{"damage_healed":0,"gold_gain":0,"player_choice":"Fought Mushrooms","damage_taken":0,"max_hp_gain":0,"max_hp_loss":0,"event_name":"Mushrooms","floor":11,"gold_loss":0},{"damage_healed":0,"gold_gain":0,"player_choice":"Box","damage_taken":0,"relics_obtained":["PreservedInsect"],"max_hp_gain":0,"max_hp_loss":0,"event_name":"Big Fish","floor":13,"gold_loss":0,"cards_obtained":["Regret"]}],"is_beta":false,"boss_relics":[],"items_purged_floors":[],"is_endless":false,"potions_floor_spawned":[7,11],"killed_by":"Hexaghost","ascension_level":10}}