{"host":"c3lc60y5x60jlt1y","time":1612041880,"event":{"mods":["AchievementEnabler","BaseMod","Bestiary","Colored Map","Minty Spire (QoL Compilation)","Quick Restart","StSLib","ojb\u0027s Info Mod"],"gold_per_floor":[110,110,129,129,139,139,89,122,122,135,168,168,168,202,202,298,298,315,315,315,315,301,301,328,328,328,361,361,66,81,94,94,198,198,209,224,224,274,50,50,50,50,77,77,90,121,137,157,157,157,157,157,57,91,91],"floor_reached":56,"language":"ENG","playtime":10754,"items_purged":["Defend_B","Defend_B"],"score":1381,"play_id":"6d49def4-8957-474e-bc31-f2473c584f5a","local_time":"20210130232440","is_ascension_mode":false,"campfire_choices":[{"data":"Coolheaded","floor":6.0,"key":"SMITH"},{"data":"Consume","floor":13.0,"key":"SMITH"},{"data":"Undo","floor":15.0,"key":"SMITH"},{"data":"Seek","floor":23.0,"key":"SMITH"},{"data":"Capacitor","floor":25,"key":"SMITH"},{"data":"Ghostly","floor":32,"key":"SMITH"},{"floor":40,"key":"RECALL"},{"data":"Ghostly","floor":42,"key":"SMITH"},{"data":"Ghostly","floor":49,"key":"SMITH"},{"data":"Ghostly","floor":52,"key":"SMITH"}],"circlet_count":0,"master_deck":["Zap","Dualcast","Coolheaded+1","Undo+1","Rip and Tear","Compile Driver","Consume+1","Capacitor+1","Coolheaded","Seek+1","Bite+1","Bite+1","Bite+1","Bite+1","Bite+1","FTL+1","Compile Driver+1","Compile Driver+1","Ghostly+1","Ghostly+1","Ghostly+1","Ghostly","Ghostly+1","Self Repair+1","Electrodynamics","Chill","Madness","Madness","Coolheaded+1","FTL+1","Turbo+1","Reboot"],"relics":["Cracked Core","Pocketwatch","Question Card","InkBottle","HornCleat","Bag of Marbles","Cables","Molten Egg 2","Inserter","Letter Opener","White Beast Statue","Regal Pillow","PreservedInsect","OrangePellets","Coffee Dripper","Torii","Bag of Preparation","Toy Ornithopter","Anchor"],"acts_visited":["Exordium","TheCity","TheBeyond","TheEnding"],"potions_floor_usage":[24,36,55,55,55],"damage_taken":[{"damage":1.0,"enemies":"Jaw Worm","floor":1.0,"turns":3.0},{"damage":1.0,"enemies":"Cultist","floor":3.0,"turns":3.0},{"damage":0.0,"enemies":"Small Slimes","floor":5.0,"turns":5.0},{"damage":14.0,"enemies":"3 Sentries","floor":8.0,"turns":9.0},{"damage":0.0,"enemies":"Looter","floor":10.0,"turns":3.0},{"damage":0.0,"enemies":"Gremlin Nob","floor":11.0,"turns":3.0},{"damage":5.0,"enemies":"Lagavulin","floor":14.0,"turns":5.0},{"damage":0.0,"enemies":"The Guardian","floor":16.0,"turns":14.0},{"damage":7.0,"enemies":"Spheric Guardian","floor":18.0,"turns":5.0},{"damage":20.0,"enemies":"2 Thieves","floor":22.0,"turns":4.0},{"damage":12,"enemies":"Slavers","floor":24,"turns":23},{"damage":20,"enemies":"Gremlin Leader","floor":27,"turns":38},{"damage":7,"enemies":"Sentry and Sphere","floor":30,"turns":8},{"damage":0,"enemies":"Snake Plant","floor":31,"turns":5},{"damage":1,"enemies":"Automaton","floor":33,"turns":10},{"damage":7,"enemies":"3 Shapes","floor":35,"turns":2},{"damage":7,"enemies":"Orb Walker","floor":36,"turns":4},{"damage":0,"enemies":"Mind Bloom Boss Battle","floor":38,"turns":8},{"damage":12,"enemies":"Transient","floor":45,"turns":5},{"damage":0,"enemies":"Reptomancer","floor":46,"turns":8},{"damage":0,"enemies":"Spire Growth","floor":47,"turns":6},{"damage":10,"enemies":"3 Darklings","floor":48,"turns":4},{"damage":17,"enemies":"Time Eater","floor":50,"turns":12},{"damage":0,"enemies":"Shield and Spear","floor":54,"turns":6},{"damage":56,"enemies":"The Heart","floor":55,"turns":10}],"seed_played":"-5360811918142131077","potions_obtained":[{"floor":3.0,"key":"CultistPotion"},{"floor":8.0,"key":"Swift Potion"},{"floor":10.0,"key":"Fire Potion"},{"floor":24,"key":"FocusPotion"},{"floor":33,"key":"EssenceOfDarkness"},{"floor":35,"key":"Fruit Juice"},{"floor":36,"key":"PotionOfCapacity"},{"floor":46,"key":"DuplicationPotion"}],"is_trial":false,"path_per_floor":["M","?","M","?","M","R","?","E","T","M","E","T","R","E","R","B",null,"M","?","?","?","M","R","E","R","T","E","?","$","M","M","R","B",null,"M","M","?","?","$","R","$","R","T","?","M","E","M","M","R","B",null,"R","$","E","B",null],"character_chosen":"DEFECT","items_purchased":["PreservedInsect","OrangePellets","Bag of Preparation"],"campfire_rested":0,"item_purchase_floors":[29,29,39],"current_hp_per_floor":[53,41,40,40,40,40,40,26,26,26,26,26,26,21,21,21,75,68,52,52,52,44,44,52,52,52,52,26,26,25,26,26,26,26,26,31,31,31,31,31,31,31,31,27,29,31,31,31,31,31,31,31,31,31,14],"gold":91,"neow_bonus":"ONE_RARE_RELIC","is_daily":false,"chose_seed":false,"campfire_upgraded":9,"win_rate":0.0,"timestamp":1612041880,"path_taken":["M","?","M","?","?","R","?","E","T","M","E","?","R","E","R","BOSS","M","?","?","?","?","R","E","R","T","E","?","$","M","M","R","BOSS","M","M","?","?","$","R","?","R","T","?","?","E","M","M","R","BOSS","R","$","E","BOSS"],"items_purchased_type":["Relic","Relic","Relic"],"build_version":"2020-12-22","purchased_purges":2,"victory":true,"max_hp_per_floor":[75,75,75,75,75,75,75,75,75,75,75,75,75,75,75,75,75,75,52,52,52,52,52,52,52,52,52,26,26,26,26,26,26,26,26,31,31,31,31,31,31,31,31,31,31,31,31,31,31,31,31,31,31,31,31],"card_choices":[{"not_picked":["Leap","Steam"],"picked":"Coolheaded","floor":1.0},{"not_picked":["Tempest","Coolheaded","Hello World"],"picked":"Undo","floor":3.0},{"not_picked":["Melter","Force Field","Double Energy"],"picked":"Rip and Tear","floor":5.0},{"not_picked":["Melter","Redo","Go for the Eyes"],"picked":"Compile Driver","floor":8.0},{"not_picked":["Sweeping Beam","Hello World","Rip and Tear"],"picked":"Consume","floor":10.0},{"not_picked":["Static Discharge","All For One","Steam"],"picked":"Capacitor","floor":11.0},{"not_picked":["Conserve Battery","Recycle","Stack"],"picked":"Coolheaded","floor":14.0},{"not_picked":["Meteor Strike+1","Creative AI","Echo Form"],"picked":"Seek","floor":16.0},{"not_picked":["Cold Snap+1","Redo","Leap","Coolheaded"],"picked":"SKIP","floor":18.0},{"not_picked":["Streamline+1","Hologram","Compile Driver+1"],"picked":"FTL+1","floor":22.0},{"not_picked":["BootSequence","Skim","Go for the Eyes+1"],"picked":"Compile Driver+1","floor":24},{"not_picked":["Static Discharge+1","Biased Cognition","Gash+1"],"picked":"Compile Driver+1","floor":27},{"not_picked":["Reprogram","Ball Lightning+1","Beam Cell+1"],"picked":"Self Repair+1","floor":30},{"not_picked":["Rebound+1","Redo","Barrage+1","Go for the Eyes+1"],"picked":"SKIP","floor":31},{"not_picked":["Multi-Cast","Meteor Strike+1","Seek"],"picked":"Electrodynamics","floor":33},{"not_picked":["Redo+1","Sweeping Beam+1","Capacitor+1"],"picked":"Chill","floor":35},{"not_picked":["Streamline+1","Cold Snap+1","Auto Shields+1","Sunder+1"],"picked":"SKIP","floor":36},{"not_picked":["Gash+1","Stack","Rebound+1"],"picked":"Coolheaded+1","floor":45},{"not_picked":["Sunder+1","Redo","Chill+1"],"picked":"FTL+1","floor":46},{"not_picked":["Undo","Go for the Eyes+1","Beam Cell+1","Conserve Battery"],"picked":"SKIP","floor":47},{"not_picked":["Consume+1","Sweeping Beam+1","Leap+1"],"picked":"Turbo+1","floor":48},{"not_picked":["Stack+1","Conserve Battery+1","FTL+1"],"picked":"Reboot","floor":54}],"player_experience":8851915,"relics_obtained":[{"floor":8.0,"key":"InkBottle"},{"floor":9.0,"key":"HornCleat"},{"floor":11.0,"key":"Bag of Marbles"},{"floor":12.0,"key":"Cables"},{"floor":14.0,"key":"Molten Egg 2"},{"floor":24,"key":"Letter Opener"},{"floor":26,"key":"White Beast Statue"},{"floor":27,"key":"Regal Pillow"},{"floor":38,"key":"Torii"},{"floor":46,"key":"Toy Ornithopter"},{"floor":54,"key":"Anchor"}],"event_choices":[{"damage_healed":0.0,"max_hp_gain":0.0,"max_hp_loss":0.0,"gold_gain":0.0,"event_name":"Scrap Ooze","player_choice":"Success","floor":2.0,"gold_loss":0.0,"damage_taken":12.0,"relics_obtained":["Question Card"]},{"cards_removed":["Defend_B"],"damage_healed":0.0,"max_hp_gain":0.0,"max_hp_loss":0.0,"gold_gain":0.0,"event_name":"Wheel of Change","player_choice":"Card Removal","floor":4.0,"gold_loss":0.0,"damage_taken":0.0},{"cards_removed":["Strike_B"],"damage_healed":0.0,"max_hp_gain":0.0,"max_hp_loss":0.0,"gold_gain":0.0,"event_name":"The Cleric","player_choice":"Card Removal","floor":7.0,"gold_loss":50.0,"damage_taken":0.0},{"damage_healed":0.0,"max_hp_gain":0.0,"max_hp_loss":23.0,"gold_gain":0.0,"event_name":"Vampires","player_choice":"Became a vampire","floor":19.0,"gold_loss":0.0,"damage_taken":0.0,"cards_obtained":["Bite","Bite","Bite","Bite","Bite"]},{"damage_healed":0.0,"max_hp_gain":0.0,"max_hp_loss":0.0,"gold_gain":0.0,"event_name":"The Mausoleum","player_choice":"Ignored","floor":20.0,"gold_loss":0.0,"damage_taken":0.0},{"cards_removed":["Defend_B"],"damage_healed":0.0,"max_hp_gain":0.0,"max_hp_loss":0.0,"gold_gain":0.0,"event_name":"Purifier","player_choice":"Purged","floor":21.0,"gold_loss":0.0,"damage_taken":0.0},{"damage_healed":0,"gold_gain":0,"player_choice":"Became a Ghost","damage_taken":0,"max_hp_gain":0,"max_hp_loss":26,"event_name":"Ghosts","floor":28,"gold_loss":0,"cards_obtained":["Ghostly","Ghostly","Ghostly","Ghostly","Ghostly"]},{"damage_healed":0,"gold_gain":0,"player_choice":"Ignored","damage_taken":0,"max_hp_gain":0,"max_hp_loss":0,"event_name":"Tomb of Lord Red Mask","floor":37,"gold_loss":0},{"damage_healed":0,"gold_gain":0,"player_choice":"Fight","damage_taken":0,"max_hp_gain":0,"max_hp_loss":0,"event_name":"MindBloom","floor":38,"gold_loss":0},{"damage_healed":0,"gold_gain":0,"player_choice":"Embrace Madness","damage_taken":4,"max_hp_gain":0,"max_hp_loss":0,"event_name":"Winding Halls","floor":44,"gold_loss":0,"cards_obtained":["Madness","Madness"]}],"is_beta":false,"boss_relics":[{"not_picked":["Astrolabe","Pandora\u0027s Box"],"picked":"Inserter"},{"not_picked":["Sozu","Busted Crown"],"picked":"Coffee Dripper"}],"items_purged_floors":[39,53],"is_endless":false,"potions_floor_spawned":[3,8,10,14,22,24,27,30,31,33,35,36,38,45,46,47,48,54],"ascension_level":0}}