{"host":"gquo1rsrdiuo0hhv","time":1612032691,"event":{"mods":["Act Like it!","BaseMod","Colored Powertips","Minty Spire (QoL Compilation)","Quick Restart","StSLib"],"gold_per_floor":[112,128,128,128,60,90,70,70,125,148,175,187,199,222,234,341,353,375,487,499,14,14,14,47,47,47,65,65,65],"floor_reached":28,"language":"ENG","playtime":1006,"items_purged":[],"score":246,"play_id":"3afa6453-dfe5-4ef0-9237-981da6958219","local_time":"20210131015131","is_ascension_mode":true,"campfire_choices":[{"floor":8,"key":"REST"},{"floor":12,"key":"REST"},{"floor":15,"key":"REST"},{"floor":23,"key":"RECALL"},{"floor":25,"key":"REST"}],"circlet_count":0,"master_deck":["Strike_R","Strike_R+1","Strike_R","Defend_R","Defend_R","Bash","Spot Weakness","Entrench","Flex","Metallicize","Seeing Red","Inflame","Disarm","Intimidate","Demon Form","Wild Strike","Armaments","Warcry","Havoc","Reaper","Fire Breathing"],"relics":["Burning Blood","Pen Nib","Girya","MawBank","Empty Cage","Charon\u0027s Ashes","Ginger"],"acts_visited":["Exordium","TheCity"],"potions_floor_usage":[16,24,27],"damage_taken":[{"damage":11,"enemies":"2 Louse","floor":1,"turns":3},{"damage":5,"enemies":"Small Slimes","floor":2,"turns":4},{"damage":31,"enemies":"3 Sentries","floor":6,"turns":9},{"damage":0,"enemies":"Cultist","floor":10,"turns":2},{"damage":15,"enemies":"Gremlin Gang","floor":11,"turns":5},{"damage":13,"enemies":"2 Fungi Beasts","floor":14,"turns":4},{"damage":36,"enemies":"The Guardian","floor":16,"turns":9},{"damage":37,"enemies":"Shell Parasite","floor":18,"turns":6},{"damage":42,"enemies":"Book of Stabbing","floor":24,"turns":6},{"damage":26,"enemies":"3 Byrds","floor":27,"turns":5},{"damage":39,"enemies":"Centurion and Healer","floor":28,"turns":5}],"seed_played":"-3853187281788010045","potions_obtained":[{"floor":2,"key":"SteroidPotion"},{"floor":7,"key":"CultistPotion"},{"floor":11,"key":"Swift Potion"},{"floor":14,"key":"SkillPotion"},{"floor":24,"key":"SteroidPotion"}],"is_trial":false,"path_per_floor":["M","M","?","?","$","E","?","R","T","M","M","R","?","M","R","B",null,"M","?","$","$","?","R","E","R","T","M","M"],"character_chosen":"IRONCLAD","items_purchased":["Metallicize","FairyPotion","Charon\u0027s Ashes","Armaments","Warcry"],"campfire_rested":4,"item_purchase_floors":[5,21,21,21,21],"current_hp_per_floor":[67,68,54,42,42,17,17,38,38,44,35,56,49,42,63,33,72,41,41,41,41,41,41,27,48,48,39,0,0],"gold":65,"neow_bonus":"TRANSFORM_TWO_CARDS","is_daily":false,"chose_seed":false,"campfire_upgraded":0,"win_rate":0.0,"timestamp":1612032691,"path_taken":["M","M","?","?","$","E","?","R","T","?","?","R","?","M","R","BOSS","M","?","?","$","?","R","E","R","T","M","M"],"items_purchased_type":["Card","Potion","Relic","Card","Card"],"build_version":"2020-12-22","purchased_purges":0,"victory":false,"max_hp_per_floor":[72,72,72,72,72,72,72,72,72,72,72,72,72,72,72,72,72,72,72,72,72,72,72,72,72,72,72,72,72],"card_choices":[{"not_picked":["True Grit","Rampage"],"picked":"Entrench","floor":1},{"not_picked":["Rupture","Havoc"],"picked":"Flex","floor":2},{"not_picked":["Sword Boomerang","Havoc"],"picked":"Seeing Red","floor":6},{"not_picked":["Thunderclap","Rupture"],"picked":"Inflame","floor":10},{"not_picked":["Havoc","Headbutt"],"picked":"Disarm","floor":11},{"not_picked":["Clash","Hemokinesis"],"picked":"Intimidate","floor":14},{"not_picked":["Reaper","Limit Break"],"picked":"Demon Form","floor":16},{"not_picked":["Clash","Reckless Charge"],"picked":"Wild Strike","floor":18},{"not_picked":["Flame Barrier","Intimidate"],"picked":"Reaper","floor":24},{"not_picked":["Shrug It Off","Rage+1"],"picked":"Fire Breathing","floor":27}],"player_experience":409365,"relics_obtained":[{"floor":6,"key":"Girya"},{"floor":9,"key":"MawBank"},{"floor":24,"key":"Ginger"}],"event_choices":[{"damage_healed":0,"gold_gain":0,"player_choice":"Entered Light","damage_taken":14,"max_hp_gain":0,"max_hp_loss":0,"event_name":"Shining Light","floor":3,"gold_loss":0,"cards_upgraded":["Strike_R","Strike_R"]},{"damage_healed":0,"gold_gain":0,"player_choice":"Success","damage_taken":12,"relics_obtained":["Pen Nib"],"max_hp_gain":0,"max_hp_loss":0,"event_name":"Scrap Ooze","floor":4,"gold_loss":0},{"damage_healed":0,"gold_gain":0,"player_choice":"Bought 1 Potion","damage_taken":0,"max_hp_gain":0,"max_hp_loss":0,"event_name":"The Woman in Blue","floor":7,"gold_loss":0},{"cards_removed":["Strike_R"],"damage_healed":0,"gold_gain":0,"player_choice":"Card Removal","damage_taken":7,"max_hp_gain":0,"max_hp_loss":0,"event_name":"Golden Wing","floor":13,"gold_loss":0},{"damage_healed":0,"gold_gain":100,"player_choice":"Pray","damage_taken":0,"max_hp_gain":0,"max_hp_loss":0,"event_name":"Golden Shrine","floor":19,"gold_loss":0},{"damage_healed":0,"gold_gain":0,"player_choice":"Read","damage_taken":0,"max_hp_gain":0,"max_hp_loss":0,"event_name":"The Library","floor":22,"gold_loss":0,"cards_obtained":["Havoc"]}],"is_beta":false,"boss_relics":[{"not_picked":["Astrolabe","Snecko Eye"],"picked":"Empty Cage"}],"items_purged_floors":[],"is_endless":false,"potions_floor_spawned":[2,11,14,24],"killed_by":"Centurion and Healer","ascension_level":1}}