{"host":"r4aerl4ckfvw1dw3","time":1612044004,"event":{"mods":["BaseMod","BetterRewards","Minty Spire (QoL Compilation)","Quick Restart","StSLib"],"gold_per_floor":[119,131,131,146,163,163,178,178,249,274,6,6,33,50,50,145,145,165,176,153,153,172,172,207,207,207,207,207,217,217,232,232,232,232],"floor_reached":33,"language":"ENG","playtime":1453,"items_purged":[],"score":291,"play_id":"21290490-3717-4351-8b72-1cd61e23677c","local_time":"20210130140004","is_ascension_mode":true,"campfire_choices":[{"data":"Body Slam","floor":6,"key":"SMITH"},{"data":"Shockwave","floor":8,"key":"SMITH"},{"data":"Seeing Red","floor":12,"key":"SMITH"},{"floor":15,"key":"RECALL"},{"data":"Armaments","floor":23,"key":"SMITH"},{"floor":27,"key":"REST"},{"data":"Limit Break","floor":30,"key":"SMITH"},{"floor":32,"key":"REST"}],"circlet_count":0,"master_deck":["Strike_R","Strike_R","Strike_R","Strike_R","Strike_R","Defend_R","Defend_R","Defend_R","Defend_R","Bash","Anger","Infernal Blade+1","Cleave","Body Slam+1","Shockwave+1","Disarm","Metallicize","Heavy Blade","Armaments+1","Thunderclap","Inflame","Seeing Red+1","Evolve","Heavy Blade","Limit Break+1","Perfected Strike+1","Shrug It Off","Armaments","Heavy Blade","Clothesline+1","Flex+1"],"relics":["Burning Blood","Ancient Tea Set","Calipers","Orrery","PreservedInsect","Busted Crown","Blue Candle","Orichalcum","Molten Egg 2","Nilry\u0027s Codex"],"acts_visited":["Exordium","TheCity"],"potions_floor_usage":[33,33],"damage_taken":[{"damage":9,"enemies":"Jaw Worm","floor":1,"turns":4},{"damage":1,"enemies":"Cultist","floor":2,"turns":3},{"damage":0,"enemies":"Small Slimes","floor":4,"turns":2},{"damage":8,"enemies":"Exordium Wildlife","floor":5,"turns":3},{"damage":0,"enemies":"Looter","floor":7,"turns":2},{"damage":17,"enemies":"3 Sentries","floor":10,"turns":5},{"damage":13,"enemies":"Lagavulin","floor":13,"turns":6},{"damage":5,"enemies":"Exordium Thugs","floor":14,"turns":3},{"damage":31,"enemies":"The Guardian","floor":16,"turns":14},{"damage":24,"enemies":"2 Thieves","floor":18,"turns":4},{"damage":7,"enemies":"Chosen","floor":19,"turns":4},{"damage":7,"enemies":"Centurion and Healer","floor":22,"turns":5},{"damage":54,"enemies":"Slavers","floor":24,"turns":6},{"damage":17,"enemies":"Sentry and Sphere","floor":29,"turns":4},{"damage":5,"enemies":"Snecko","floor":31,"turns":5},{"damage":62,"enemies":"Collector","floor":33,"turns":7}],"seed_played":"1530547857372432505","potions_obtained":[{"floor":5,"key":"Ancient Potion"},{"floor":7,"key":"ElixirPotion"},{"floor":10,"key":"CultistPotion"},{"floor":14,"key":"DuplicationPotion"}],"is_trial":false,"path_per_floor":["M","M","?","M","M","R","M","R","T","E","$","R","E","M","R","B",null,"M","M","$","?","M","R","E","?","T","R","?","M","R","M","R","B"],"character_chosen":"IRONCLAD","items_purchased":["Disarm","Metallicize","Orrery","Shrug It Off"],"campfire_rested":2,"item_purchase_floors":[11,11,11,20],"current_hp_per_floor":[77,80,80,80,78,78,80,80,80,69,69,69,62,63,63,38,80,62,61,61,61,60,60,12,38,38,62,46,35,35,36,60,0,0],"gold":232,"neow_bonus":"RANDOM_COMMON_RELIC","is_daily":false,"chose_seed":false,"campfire_upgraded":5,"win_rate":0.0,"timestamp":1612044004,"path_taken":["M","M","?","M","?","R","M","R","T","E","$","R","E","M","R","BOSS","M","M","$","?","M","R","E","?","T","R","?","M","R","M","R","BOSS"],"items_purchased_type":["Card","Card","Relic","Card"],"build_version":"2020-12-22","purchased_purges":0,"victory":false,"max_hp_per_floor":[80,80,80,80,80,80,80,80,80,80,80,80,80,80,80,80,80,80,80,80,80,80,80,80,80,80,80,80,80,80,80,80,80,80],"card_choices":[{"not_picked":["True Grit","Pommel Strike"],"picked":"Anger","floor":1},{"not_picked":["Body Slam","Warcry"],"picked":"Infernal Blade","floor":2},{"not_picked":["Clash","Hemokinesis"],"picked":"Cleave","floor":4},{"not_picked":["Havoc","Thunderclap"],"picked":"Body Slam","floor":5},{"not_picked":["Second Wind","Clothesline"],"picked":"Shockwave","floor":7},{"not_picked":["Shockwave","Anger","Clothesline"],"picked":"SKIP","floor":10},{"not_picked":["Dark Embrace","Body Slam"],"picked":"Heavy Blade","floor":11},{"not_picked":["Uppercut","Flex"],"picked":"Armaments","floor":11},{"not_picked":["Metallicize","Havoc"],"picked":"Thunderclap","floor":11},{"not_picked":["Sentinel","Heavy Blade"],"picked":"Inflame","floor":11},{"not_picked":["Evolve","Burning Pact"],"picked":"Seeing Red","floor":11},{"not_picked":["Heavy Blade","Corruption"],"picked":"Evolve","floor":13},{"not_picked":["Sword Boomerang","Battle Trance"],"picked":"Heavy Blade","floor":14},{"not_picked":["Juggernaut","Double Tap"],"picked":"Limit Break","floor":16},{"not_picked":["Sword Boomerang"],"picked":"SKIP","floor":18},{"not_picked":[],"picked":"Perfected Strike+1","floor":19},{"not_picked":[],"picked":"Armaments","floor":22},{"not_picked":[],"picked":"Heavy Blade","floor":24},{"not_picked":[],"picked":"Clothesline+1","floor":29},{"not_picked":[],"picked":"Flex+1","floor":31}],"player_experience":447016,"relics_obtained":[{"floor":10,"key":"Calipers"},{"floor":13,"key":"PreservedInsect"},{"floor":24,"key":"Orichalcum"},{"floor":26,"key":"Molten Egg 2"},{"floor":28,"key":"Nilry\u0027s Codex"}],"event_choices":[{"damage_healed":0,"gold_gain":0,"player_choice":"Upgraded","damage_taken":0,"max_hp_gain":0,"max_hp_loss":0,"event_name":"Upgrade Shrine","floor":3,"gold_loss":0,"cards_upgraded":["Infernal Blade"]},{"damage_healed":0,"gold_gain":0,"player_choice":"Opened","damage_taken":0,"relics_obtained":["Blue Candle"],"max_hp_gain":0,"max_hp_loss":0,"event_name":"The Mausoleum","floor":21,"gold_loss":0},{"damage_healed":26,"gold_gain":0,"player_choice":"Heal","damage_taken":0,"max_hp_gain":0,"max_hp_loss":0,"event_name":"The Library","floor":25,"gold_loss":0},{"damage_healed":0,"gold_gain":0,"player_choice":"Obtained Book","damage_taken":16,"max_hp_gain":0,"max_hp_loss":0,"event_name":"Cursed Tome","floor":28,"gold_loss":0}],"is_beta":false,"boss_relics":[{"not_picked":["Black Blood","Fusion Hammer"],"picked":"Busted Crown"}],"items_purged_floors":[],"is_endless":false,"potions_floor_spawned":[5,7,10,14,16,18,19,29],"killed_by":"Collector","ascension_level":1}}