{"host":"4pckc3u5mqcilakq","time":1612022285,"event":{"mods":["AchievementEnabler","BaseMod","Colored Map","Colored Powertips","Highlight Path","Minty Spire (QoL Compilation)"],"gold_per_floor":[115,115,131,91,104,139,139,155,202,215,230,294,311,311,311],"floor_reached":14,"language":"ENG","playtime":726,"items_purged":[],"score":122,"play_id":"c48088fa-d866-4725-bba3-1011d837ddb5","local_time":"20210130185805","is_ascension_mode":true,"campfire_choices":[{"data":"PathToVictory","floor":7,"key":"SMITH"}],"circlet_count":0,"master_deck":["Strike_P","Strike_P","Strike_P","Strike_P","Defend_P","Defend_P","Defend_P","Defend_P","Eruption","Vigilance","PathToVictory+1","PathToVictory","ThirdEye","Evaluate","ThirdEye","JustLucky","ThirdEye"],"relics":["Coffee Dripper","Darkstone Periapt","Bronze Scales","Toy Ornithopter"],"acts_visited":["Exordium"],"potions_floor_usage":[11,12],"damage_taken":[{"damage":0,"enemies":"Small Slimes","floor":1,"turns":4},{"damage":2,"enemies":"Jaw Worm","floor":3,"turns":3},{"damage":0,"enemies":"Cultist","floor":5,"turns":2},{"damage":59,"enemies":"3 Sentries","floor":6,"turns":17},{"damage":1,"enemies":"Large Slime","floor":8,"turns":4},{"damage":6,"enemies":"3 Louse","floor":10,"turns":2},{"damage":0,"enemies":"Exordium Thugs","floor":11,"turns":3},{"damage":4,"enemies":"3 Sentries","floor":12,"turns":9},{"damage":0,"enemies":"2 Fungi Beasts","floor":13,"turns":3},{"damage":5,"enemies":"Gremlin Nob","floor":14,"turns":2}],"seed_played":"5326891375963579875","potions_obtained":[{"floor":3,"key":"EssenceOfSteel"},{"floor":4,"key":"Block Potion"},{"floor":4,"key":"Strength Potion"},{"floor":4,"key":"CultistPotion"},{"floor":11,"key":"Fruit Juice"},{"floor":13,"key":"BlessingOfTheForge"}],"is_trial":false,"path_per_floor":["M","?","M","?","M","E","R","M","T","M","M","?","M","E"],"character_chosen":"WATCHER","items_purchased":[],"campfire_rested":0,"item_purchase_floors":[],"current_hp_per_floor":[65,70,68,68,68,9,9,8,8,2,7,3,3,0,0],"gold":311,"neow_bonus":"BOSS_RELIC","is_daily":false,"chose_seed":false,"campfire_upgraded":1,"win_rate":0.0,"timestamp":1612022285,"path_taken":["M","?","M","?","M","E","R","M","T","?","M","?","M","E"],"items_purchased_type":[],"build_version":"2020-12-22","purchased_purges":0,"victory":false,"max_hp_per_floor":[72,77,77,77,77,77,77,77,77,77,82,82,82,82,82],"card_choices":[{"not_picked":["CrushJoints","EmptyBody"],"picked":"PathToVictory","floor":1},{"not_picked":["WheelKick","Consecrate"],"picked":"PathToVictory","floor":3},{"not_picked":["CrushJoints","Crescendo","Vengeance"],"picked":"SKIP","floor":5},{"not_picked":["FearNoEvil","CutThroughFate","Halt"],"picked":"SKIP","floor":6},{"not_picked":["CutThroughFate","Vengeance"],"picked":"ThirdEye","floor":8},{"not_picked":["TalkToTheHand","BowlingBash"],"picked":"Evaluate","floor":10},{"not_picked":["Prostrate","SpiritShield"],"picked":"ThirdEye","floor":11},{"not_picked":["FearNoEvil","Fasting2"],"picked":"JustLucky","floor":12},{"not_picked":["WaveOfTheHand","CutThroughFate"],"picked":"ThirdEye","floor":13}],"player_experience":222632,"relics_obtained":[{"floor":6,"key":"Darkstone Periapt"},{"floor":9,"key":"Bronze Scales"},{"floor":12,"key":"Toy Ornithopter"}],"event_choices":[{"damage_healed":0,"gold_gain":0,"player_choice":"Donut","damage_taken":0,"max_hp_gain":5,"max_hp_loss":0,"event_name":"Big Fish","floor":2,"gold_loss":0},{"damage_healed":0,"gold_gain":0,"player_choice":"Bought 3 Potions","damage_taken":0,"max_hp_gain":0,"max_hp_loss":0,"event_name":"The Woman in Blue","floor":4,"gold_loss":0},{"damage_healed":0,"gold_gain":0,"player_choice":"Searched \u00271\u0027 times","damage_taken":0,"max_hp_gain":0,"max_hp_loss":0,"event_name":"Dead Adventurer","floor":12,"gold_loss":0}],"is_beta":false,"boss_relics":[],"items_purged_floors":[],"is_endless":false,"potions_floor_spawned":[3,8,11,13],"killed_by":"Gremlin Nob","ascension_level":6}}