{"host":"roto7j7840a50pxh","time":1612006906,"event":{"mods":["Act Like it!","BaseMod","Better Altar","Better Note","Better Sensory Stone","Better Skull","Better Third Choice","BetterRewards","Colored Map","Colored Powertips","Downfall","Hermit","Highlight Path","Hubris","Infinite Spire","Minty Spire (QoL Compilation)","Replay The Spire","Robot Space Explorer","Shade Mod","Spicy Shops","StSLib","The Construct","The Cursed","The Dragon Tamer","The Hierophant","The Necromancer","The Runesmith","The Servant 0.9.4","TheVacant"],"gold_per_floor":[99,114,134,134,147,164,164,197,97,109,26,38,38,38,54,150,150,150,168,168,168,205,243,243,267,297,336,336,357,422,422,452,572,672,672,712,738,738,738,738,792,792,828,894,931,71,71,102,161,207],"floor_reached":51,"language":"ENG","playtime":7289,"items_purged":["Decay","downfall:Haunted"],"score":675,"play_id":"9681ef6e-74fc-4492-847a-db8dc5d29924","local_time":"20210130064146","is_ascension_mode":false,"campfire_choices":[{"data":"bronze:Flail","floor":9.0,"key":"SMITH"},{"data":"bronze:FollowUp","floor":13.0,"key":"SMITH"},{"floor":18.0,"key":"DIG"},{"data":"bronze:Boost","floor":28.0,"key":"SMITH"},{"data":"bronze:AlphaBuild","floor":35.0,"key":"SMITH"},{"data":"Replay:Fractal Strike","floor":40.0,"key":"SMITH"},{"data":"bronze:Frontload","floor":42.0,"key":"SMITH"},{"data":"bronze:Repulsor","floor":47,"key":"SMITH"}],"circlet_count":0,"master_deck":["bronze:Strike","bronze:Strike","bronze:Strike","bronze:Strike","bronze:Defend","bronze:Defend","bronze:Defend","bronze:Defend","bronze:Replicate","bronze:Goto","Finesse","bronze:ChosenStrike","bronze:FollowUp+1","bronze:ChildClass","bronze:Deprecate","bronze:Flail+1","bronze:Repair+1","bronze:Shield","bronze:BitShift","bronze:WildBeam+1","bronze:Boost+1","bronze:ThunderWave","bronze:Turbo+1","bronze:BronzeOrb+1","bronze:DelayedSlice+1","bronze:Repulsor+1","bronze:ChildClass","bronze:Invalidate","bronze:ForceShield+1","bronze:Frontload+1","bronze:AlphaBuild+1","bronze:Flail+1","bronze:Iterate+1","Replay:Fractal Strike+1","bronze:Branch+1","bronze:OilSpill+1","bronze:DelayedSlice+1","Guardian:GemFinder","bronze:BronzeOrb","bronze:BronzeOrb","bronze:Invalidate+1","bronze:GetLatest","bronze:Repulsor+1","bronze:FollowUp+1","bronze:Branch","bronze:Repair"],"relics":["bronze:BronzeCore","hubris:Towel","hubris:GlazedTorus","hubris:MysteriousPyramids","downfall:HeartBlessingGreen","hubris:ScarierMask","Simple Rune","Replay:Bandana","construct:RocketBooster","Boot","hubris:DisguiseKit","Replay:Grab Bag","Replay:Wanted Poster","Cursed Key","SlaversCollar","Blue Doll","Replay:Mystery Machine","TungstenRod","Quantum Egg","HandDrill","DollysMirror"],"acts_visited":["Exordium","TheCity","TheBeyond"],"potions_floor_usage":[49,50,50,50,50,50],"damage_taken":[{"damage":3.0,"enemies":"Small Slimes","floor":2.0,"turns":4.0},{"damage":1.0,"enemies":"Cultist","floor":3.0,"turns":3.0},{"damage":2.0,"enemies":"2 Louse","floor":5.0,"turns":3.0},{"damage":7.0,"enemies":"Exordium Wildlife","floor":6.0,"turns":5.0},{"damage":6.0,"enemies":"Replay:BlueRogue","floor":8.0,"turns":7.0},{"damage":0.0,"enemies":"3 Louse","floor":10.0,"turns":2.0},{"damage":0.0,"enemies":"downfall:FleeingMerchant","floor":11.0,"turns":4.0},{"damage":0.0,"enemies":"2 Fungi Beasts","floor":12.0,"turns":3.0},{"damage":0.0,"enemies":"Exordium Thugs","floor":15.0,"turns":3.0},{"damage":34.0,"enemies":"IC_STATUS_ARCHETYPE","floor":16.0,"turns":10.0},{"damage":0.0,"enemies":"Chosen","floor":19.0,"turns":3.0},{"damage":0.0,"enemies":"3 Cultists","floor":22.0,"turns":2.0},{"damage":6.0,"enemies":"Centurion and Healer","floor":23.0,"turns":3.0},{"damage":0.0,"enemies":"Snake Plant","floor":26.0,"turns":4.0},{"damage":0.0,"enemies":"Chosen and Byrds","floor":27.0,"turns":2.0},{"damage":0.0,"enemies":"Sentry and Sphere","floor":29.0,"turns":1.0},{"damage":18.0,"enemies":"Gremlin Leader","floor":30.0,"turns":4.0},{"damage":0.0,"enemies":"Centurion and Healer","floor":32.0,"turns":3.0},{"damage":6.0,"enemies":"SI_MIRROR_ARCHETYPE","floor":33.0,"turns":10.0},{"damage":0.0,"enemies":"3 Darklings","floor":36.0,"turns":3.0},{"damage":0.0,"enemies":"Orb Walker","floor":37.0,"turns":3.0},{"damage":4.0,"enemies":"Jaw Worm Horde","floor":43.0,"turns":7.0},{"damage":0.0,"floor":44.0,"turns":5.0},{"damage":0.0,"enemies":"3 Darklings","floor":45.0,"turns":3.0},{"damage":0.0,"enemies":"downfall:FleeingMerchant","floor":46.0,"turns":4.0},{"damage":0,"enemies":"Sphere and 2 Shapes","floor":48,"turns":2},{"damage":33,"enemies":"Transient","floor":49,"turns":5},{"damage":28,"enemies":"DF_ARCHETYPE_ORBS","floor":50,"turns":4}],"seed_played":"5454803335817193764","potions_obtained":[{"floor":5.0,"key":"Adrenaline Potion"},{"floor":8.0,"key":"Weak Potion"},{"floor":12.0,"key":"Languid Potion"},{"floor":15.0,"key":"Milkshake"},{"floor":16.0,"key":"infinitespire:BlackPotion"},{"floor":20.0,"key":"infinitespire:BlackPotion"},{"floor":26.0,"key":"Flashbang"},{"floor":27.0,"key":"Slimebound:ThreeZeroPotion"},{"floor":33.0,"key":"SteroidPotion"},{"floor":43.0,"key":"champ:CounterPotion"},{"floor":48,"key":"EntropicBrew"}],"is_trial":false,"path_per_floor":["R_BF","M","M","?","M","M","T","E","R","M","$","M","R","?","M","B",null,"R_BF","M","?","T","M","M","T","T","M","M","R","M","E","?","M","B",null,"R","M","M","AVR","$","R","T","R","M","?","M","$","R","M","M","B",null],"character_chosen":"THE_AUTOMATON","items_purchased":["bronze:Shield","bronze:BronzeOrb","bronze:Invalidate+1","bronze:GetLatest","bronze:Repulsor","Quantum Egg","HandDrill","DollysMirror","bronze:Branch"],"campfire_rested":0,"item_purchase_floors":[11,46,46,46,46,46,46,46,46],"current_hp_per_floor":[77,74,73,73,71,64,64,58,58,58,58,65,65,65,72,43,77,77,77,77,77,77,77,77,77,77,77,77,77,59,59,59,63,77,77,77,77,77,77,77,77,77,77,77,77,77,77,77,44,32],"gold":207,"neow_bonus":"TEN_PERCENT_HP_BONUS","is_daily":false,"chose_seed":false,"campfire_upgraded":7,"win_rate":0.0,"timestamp":1612006906,"path_taken":["R_BF","M","M","?","M","M","T","E","R","M","$","M","R","?","M","BOSS","R_BF","M","?","?","M","M","T","?","M","M","R","?","E","?","M","BOSS","R","M","M","AVR","?","R","T","R","M","?","M","$","R","M","M","BOSS"],"items_purchased_type":["Card","Card","Card","Card","Card","Relic","Relic","Relic","Card"],"build_version":"2020-12-22","purchased_purges":2,"victory":true,"max_hp_per_floor":[77,77,77,77,77,77,77,77,77,77,77,77,77,77,77,77,77,77,77,77,77,77,77,77,77,77,77,77,77,77,77,77,77,77,77,77,77,77,77,77,77,77,77,77,77,77,77,77,77,77],"card_choices":[{"not_picked":["Good Instincts","hubris:Insight"],"picked":"Finesse","floor":1.0},{"not_picked":["bronze:DelayedGuard","bronze:Iterate"],"picked":"bronze:ChosenStrike","floor":2.0},{"not_picked":["bronze:WhirlingStrike","bronze:Branch"],"picked":"bronze:FollowUp","floor":3.0},{"not_picked":["bronze:GetLatest","bronze:FollowUp"],"picked":"bronze:ChildClass","floor":5.0},{"not_picked":["bronze:DelayedGuard","bronze:Shield"],"picked":"bronze:Deprecate","floor":6.0},{"not_picked":["bronze:Shield","bronze:WhirlingStrike"],"picked":"bronze:Flail","floor":8.0},{"not_picked":["bronze:BugBarrage","bronze:AlphaBuild"],"picked":"bronze:Overheat","floor":10.0},{"not_picked":["bronze:WhirlingStrike","bronze:HardenedForm"],"picked":"bronze:Repair","floor":11.0},{"not_picked":["bronze:ForLoop","bronze:Deprecate"],"picked":"bronze:BitShift","floor":12.0},{"not_picked":["bronze:BugBarrage","bronze:BitShift"],"picked":"bronze:Boost","floor":15.0},{"not_picked":["bronze:ShipIt","bronze:Virus"],"picked":"bronze:ThunderWave","floor":16.0},{"not_picked":["bronze:BugBarrage","bronze:Invalidate"],"picked":"bronze:Turbo+1","floor":19.0},{"not_picked":["bronze:Backtrace","bronze:Shield+1"],"picked":"bronze:BronzeOrb+1","floor":22.0},{"not_picked":["bronze:WhirlingStrike","bronze:Boost+1"],"picked":"bronze:DelayedSlice+1","floor":23.0},{"not_picked":["bronze:Deprecate","bronze:Shield"],"picked":"bronze:Repulsor+1","floor":26.0},{"not_picked":["bronze:Invalidate","bronze:DelayedGuard"],"picked":"bronze:ChildClass","floor":27.0},{"not_picked":["bronze:Safeguard","bronze:Deprecate"],"picked":"bronze:Invalidate","floor":29.0},{"not_picked":["bronze:Shell","bronze:Turbo"],"picked":"bronze:ForceShield","floor":30.0},{"not_picked":["bronze:BitShift+1","bronze:ChildClass+1","Guardian:Orbwalk"],"picked":"bronze:Frontload","floor":32.0},{"not_picked":["bronze:SpaghettiCode","bronze:ThunderWave","Guardian:StasisField"],"picked":"bronze:AlphaBuild","floor":33.0},{"not_picked":["bronze:NullPointer","bronze:Invalidate","Guardian:MultiBeam"],"picked":"bronze:Flail+1","floor":36.0},{"not_picked":["bronze:Shield+1","bronze:BuggyMess","Guardian:StasisStrike"],"picked":"bronze:Iterate+1","floor":37.0},{"not_picked":["bronze:BuggyMess","bronze:Shield+1","Guardian:GuardianWhirl"],"picked":"bronze:Branch","floor":43.0},{"not_picked":["bronze:Invalidate+1","bronze:Format","Guardian:Gem_Green"],"picked":"bronze:OilSpill+1","floor":44.0},{"not_picked":["bronze:BuggyMess+1","bronze:ClassDefault+1","Guardian:PiercingHide"],"picked":"bronze:DelayedSlice+1","floor":45.0},{"not_picked":["bronze:Iterate+1","bronze:CutThrough+1","bronze:Branch"],"picked":"Guardian:GemFinder","floor":46},{"not_picked":["bronze:HyperBeam","bronze:WildBeam+1","bronze:CutThrough","Guardian:GuardianWhirl"],"picked":"SKIP","floor":48},{"not_picked":["bronze:BugBarrage","bronze:Frontload+1","Guardian:Gem_Yellow"],"picked":"bronze:Repair","floor":49}],"player_experience":1740467,"relics_obtained":[{"floor":7.0,"key":"hubris:GlazedTorus"},{"floor":8.0,"key":"hubris:MysteriousPyramids"},{"floor":18.0,"key":"Simple Rune"},{"floor":21.0,"key":"Replay:Bandana"},{"floor":24.0,"key":"construct:RocketBooster"},{"floor":25.0,"key":"Boot"},{"floor":30.0,"key":"hubris:DisguiseKit"},{"floor":41.0,"key":"Replay:Mystery Machine"},{"floor":44.0,"key":"TungstenRod"}],"event_choices":[{"damage_healed":0.0,"max_hp_gain":0.0,"max_hp_loss":0.0,"gold_gain":1.0,"event_name":"betterStone:BetterStone","player_choice":"1","floor":1.0,"gold_loss":0.0,"damage_taken":0.0},{"damage_healed":0.0,"max_hp_gain":0.0,"max_hp_loss":0.0,"gold_gain":0.0,"event_name":"Lab","player_choice":"Got Potions","floor":20.0,"gold_loss":0.0,"damage_taken":0.0}],"is_beta":false,"boss_relics":[{"not_picked":["Ring of Chaos","hubris:RunicObelisk"],"picked":"hubris:ScarierMask"},{"not_picked":["ChewingGum","hubris:VirtuousBlindfold"],"picked":"Replay:Grab Bag"},{"not_picked":["ReplayTheSpireMod:Onyx Gauntlets","Abe\u0027s Treasure"],"picked":"Replay:Wanted Poster"},{"not_picked":["Coffee Dripper","infinitespire:Cupcake"],"picked":"Cursed Key"},{"not_picked":["hubris:BlackHole","Kintsugi"],"picked":"SlaversCollar"}],"items_purged_floors":[38,46],"is_endless":false,"potions_floor_spawned":[5,8,12,15,16,23,26,27,29,33,43,48],"ascension_level":0}}