{"host":"lktusdb9orijgc6z","time":1612005948,"event":{"mods":["BaseMod","Bestiary","Colored Map","Colored Powertips","Minty Spire (QoL Compilation)","Permanent Neow","Quick Restart","Relic Stats","StSLib","everything is the same but u backflip on backflip","slay the spire mod where everything is the same but ironclad has a cowboy hat"],"gold_per_floor":[119,194,119,135,155,155,183,183,483,483,501,2,2,27,27,105,105,117,144,67,79,91,91,122,122,176,218,244,263,284,294,294,379,379,405,405,422,73,98,98,153,194,194,194,194],"floor_reached":44,"language":"ENG","playtime":1719,"items_purged":["Strike_B"],"score":1151,"play_id":"9c0a32f4-ed71-4c8a-a470-da28d75aea82","local_time":"20210130122548","is_ascension_mode":true,"campfire_choices":[{"data":"Consume","floor":6.0,"key":"SMITH"},{"floor":8.0,"key":"REST"},{"data":"Ball Lightning","floor":10.0,"key":"SMITH"},{"data":"Buffer","floor":15.0,"key":"SMITH"},{"data":"Self Repair","floor":23.0,"key":"SMITH"},{"data":"Electrodynamics","floor":25.0,"key":"SMITH"},{"data":"Hologram","floor":32.0,"key":"SMITH"},{"data":"Thunder Strike","floor":40.0,"key":"SMITH"}],"circlet_count":0,"master_deck":["AscendersBane","Strike_B","Strike_B","Defend_B","Defend_B","Defend_B","Defend_B","Zap","Dualcast","Ball Lightning","Consume+1","Conserve Battery","Ball Lightning+1","Buffer+1","Melter","Skim","Electrodynamics+1","Go for the Eyes","Self Repair+1","Hologram+1","Auto Shields+1","Storm","Double Energy+1","Coolheaded","Rebound","Thunder Strike+1","Static Discharge+1","Storm+1","Conserve Battery+1","Fission+1"],"relics":["Cracked Core","Toy Ornithopter","Thread and Needle","Old Coin","Runic Capacitor","Bottled Lightning","Bag of Marbles","Happy Flower","Coffee Dripper","Centennial Puzzle","Kunai","Pen Nib","CeramicFish","Snecko Eye","Toxic Egg 2","Prayer Wheel","Nunchaku"],"acts_visited":["TheCity","TheBeyond"],"potions_floor_usage":[],"damage_taken":[{"damage":1.0,"enemies":"Small Slimes","floor":1.0,"turns":3.0},{"damage":4.0,"enemies":"Jaw Worm","floor":4.0,"turns":3.0},{"damage":0.0,"enemies":"2 Louse","floor":5.0,"turns":2.0},{"damage":33.0,"enemies":"3 Sentries","floor":7.0,"turns":7.0},{"damage":5.0,"enemies":"Red Slaver","floor":11.0,"turns":3.0},{"damage":11.0,"enemies":"Lagavulin","floor":14.0,"turns":6.0},{"damage":0.0,"enemies":"Slime Boss","floor":16.0,"turns":7.0},{"damage":14.0,"enemies":"2 Thieves","floor":18.0,"turns":3.0},{"damage":0.0,"enemies":"Spheric Guardian","floor":21.0,"turns":2.0},{"damage":18.0,"enemies":"Chosen and Byrds","floor":22.0,"turns":5.0},{"damage":0.0,"enemies":"Gremlin Leader","floor":24.0,"turns":6.0},{"damage":17.0,"enemies":"Slavers","floor":27.0,"turns":3.0},{"damage":0.0,"enemies":"Centurion and Healer","floor":28.0,"turns":4.0},{"damage":11.0,"enemies":"Shelled Parasite and Fungi","floor":29.0,"turns":4.0},{"damage":0.0,"enemies":"Snecko","floor":30.0,"turns":5.0},{"damage":7.0,"enemies":"Snake Plant","floor":31.0,"turns":3.0},{"damage":40.0,"enemies":"Automaton","floor":33.0,"turns":9.0},{"damage":5.0,"enemies":"3 Shapes","floor":35.0,"turns":3.0},{"damage":12.0,"enemies":"Orb Walker","floor":37.0,"turns":2.0},{"damage":16.0,"enemies":"Jaw Worm Horde","floor":39.0,"turns":4.0},{"damage":38.0,"enemies":"2 Orb Walkers","floor":41.0,"turns":4.0},{"damage":21.0,"enemies":"Nemesis","floor":42.0,"turns":9.0},{"damage":24,"enemies":"Transient","floor":44,"turns":1}],"seed_played":"-8772555834704128157","potions_obtained":[{"floor":1.0,"key":"Weak Potion"},{"floor":11.0,"key":"SkillPotion"},{"floor":14.0,"key":"SneckoOil"},{"floor":22.0,"key":"Strength Potion"},{"floor":27.0,"key":"Weak Potion"},{"floor":28.0,"key":"SkillPotion"},{"floor":29.0,"key":"SteroidPotion"},{"floor":30.0,"key":"Fire Potion"},{"floor":35.0,"key":"PowerPotion"}],"is_trial":false,"path_per_floor":["M","?","?","M","M","R","E","R","T","R","M","$","?","E","R","B",null,"M","T","$","M","M","R","E","R","T","E","M","M","M","M","R","B",null,"M","?","M","$","M","R","?","E","T","M"],"character_chosen":"DEFECT","items_purchased":["Runic Capacitor","Bottled Lightning","Melter","Self Repair","Toxic Egg 2"],"campfire_rested":1,"item_purchase_floors":[12,12,12,20,38],"current_hp_per_floor":[63,52,52,48,48,48,15,36,36,36,31,31,31,20,20,20,58,44,44,44,44,38,38,58,58,58,41,56,45,45,38,38,18,58,63,71,59,59,58,58,30,19,19,0,0],"gold":194,"neow_bonus":"RANDOM_COMMON_RELIC","is_daily":false,"chose_seed":false,"campfire_upgraded":7,"win_rate":0.0,"timestamp":1612005948,"path_taken":["M","?","?","M","M","R","E","R","T","R","M","$","?","E","R","BOSS","M","?","$","?","M","R","E","R","T","E","M","?","?","M","R","BOSS","M","?","M","$","?","R","?","E","T","M"],"items_purchased_type":["Relic","Relic","Card","Card","Relic"],"build_version":"2020-12-22","purchased_purges":1,"victory":false,"max_hp_per_floor":[71,71,71,71,71,71,71,71,71,71,71,71,71,71,71,71,71,71,71,71,71,71,71,71,71,71,71,71,71,71,71,71,71,71,71,71,71,71,71,71,71,71,71,71,71],"relic_stats":{"Centennial Puzzle":[30],"Nunchaku":[0],"Happy Flower":[24],"counters":[23,98],"CeramicFish":81,"Snecko Eye":[40,41,39,45],"Prayer Wheel":0,"Pen Nib":[4],"Kunai":[2],"obtain_stats":[{"Happy Flower":14,"CeramicFish":27,"Thread and Needle":7,"Pen Nib":26,"Runic Capacitor":12,"Old Coin":9,"Centennial Puzzle":19,"Nunchaku":42,"Snecko Eye":34,"Prayer Wheel":41,"Bag of Marbles":13,"Coffee Dripper":17,"Bottled Lightning":12,"Kunai":24,"Toxic Egg 2":38,"Cracked Core":0,"Toy Ornithopter":0},{"Happy Flower":6,"CeramicFish":12,"Thread and Needle":4,"Pen Nib":11,"Runic Capacitor":5,"Old Coin":4,"Centennial Puzzle":8,"Nunchaku":22,"Snecko Eye":17,"Prayer Wheel":21,"Bag of Marbles":5,"Coffee Dripper":7,"Bottled Lightning":5,"Kunai":11,"Toxic Egg 2":19,"Cracked Core":0,"Toy Ornithopter":0},{"Happy Flower":24,"CeramicFish":50,"Thread and Needle":15,"Pen Nib":47,"Runic Capacitor":18,"Old Coin":15,"Centennial Puzzle":34,"Nunchaku":97,"Snecko Eye":75,"Prayer Wheel":88,"Bag of Marbles":18,"Coffee Dripper":31,"Bottled Lightning":18,"Kunai":47,"Toxic Egg 2":80,"Cracked Core":0,"Toy Ornithopter":0}],"Toy Ornithopter":35},"card_choices":[{"not_picked":["BootSequence","Cold Snap"],"picked":"Ball Lightning","floor":1.0},{"not_picked":["Redo","Ball Lightning"],"picked":"Consume","floor":4.0},{"not_picked":["Stack","Scrape"],"picked":"Conserve Battery","floor":5.0},{"not_picked":["Gash","Beam Cell"],"picked":"Ball Lightning","floor":7.0},{"not_picked":["Genetic Algorithm","Ball Lightning"],"picked":"Buffer","floor":11.0},{"not_picked":["Thunder Strike","Static Discharge"],"picked":"Skim","floor":14.0},{"not_picked":["Buffer","Reboot"],"picked":"Electrodynamics","floor":16.0},{"not_picked":["Barrage","White Noise"],"picked":"Go for the Eyes","floor":18.0},{"not_picked":["Redo","Turbo"],"picked":"BootSequence","floor":21.0},{"not_picked":["Storm","Redo"],"picked":"Hologram","floor":22.0},{"not_picked":["Loop","White Noise"],"picked":"Auto Shields+1","floor":24.0},{"not_picked":["Go for the Eyes","Tempest"],"picked":"Storm","floor":27.0},{"not_picked":["Go for the Eyes","Gash+1"],"picked":"Double Energy+1","floor":28.0},{"not_picked":["Sweeping Beam","Hello World"],"picked":"Coolheaded","floor":29.0},{"not_picked":["Conserve Battery","Double Energy"],"picked":"Rebound","floor":30.0},{"not_picked":["BootSequence","Turbo","Conserve Battery"],"picked":"SKIP","floor":31.0},{"not_picked":["Meteor Strike","Biased Cognition"],"picked":"Thunder Strike","floor":33.0},{"not_picked":["Go for the Eyes","Conserve Battery"],"picked":"Static Discharge+1","floor":35.0},{"not_picked":["Melter","Ball Lightning","Streamline"],"picked":"SKIP","floor":37.0},{"not_picked":["Barrage","Stack+1"],"picked":"Storm+1","floor":39.0},{"not_picked":["Steam Power+1","Compile Driver"],"picked":"Conserve Battery+1","floor":41.0},{"not_picked":["Steam+1","Conserve Battery+1"],"picked":"Fission+1","floor":42.0}],"player_experience":716620,"relics_obtained":[{"floor":7.0,"key":"Thread and Needle"},{"floor":9.0,"key":"Old Coin"},{"floor":14.0,"key":"Happy Flower"},{"floor":19.0,"key":"Centennial Puzzle"},{"floor":24.0,"key":"Kunai"},{"floor":26.0,"key":"Pen Nib"},{"floor":27.0,"key":"CeramicFish"},{"floor":41.0,"key":"Prayer Wheel"},{"floor":42.0,"key":"Nunchaku"}],"event_choices":[{"damage_healed":0.0,"max_hp_gain":0.0,"max_hp_loss":0.0,"gold_gain":75.0,"event_name":"World of Goop","player_choice":"Gather Gold","floor":2.0,"gold_loss":0.0,"damage_taken":11.0},{"cards_removed":["Strike_B"],"damage_healed":0.0,"max_hp_gain":0.0,"max_hp_loss":0.0,"gold_gain":0.0,"event_name":"The Cleric","player_choice":"Card Removal","floor":3.0,"gold_loss":75.0,"damage_taken":0.0},{"damage_healed":0.0,"max_hp_gain":0.0,"max_hp_loss":0.0,"gold_gain":0.0,"event_name":"WeMeetAgain","player_choice":"Gave Potion","floor":13.0,"gold_loss":0.0,"damage_taken":0.0,"relics_obtained":["Bag of Marbles"]},{"cards_removed":["BootSequence"],"damage_healed":8.0,"max_hp_gain":0.0,"max_hp_loss":0.0,"gold_gain":0.0,"event_name":"Bonfire Elementals","player_choice":"Offered Uncommon","floor":36.0,"gold_loss":0.0,"damage_taken":0.0},{"damage_healed":0.0,"max_hp_gain":0.0,"max_hp_loss":0.0,"gold_gain":0.0,"event_name":"Mysterious Sphere","player_choice":"Fight","floor":41.0,"gold_loss":0.0,"damage_taken":0.0}],"is_beta":false,"boss_relics":[{"not_picked":["SlaversCollar","FrozenCore"],"picked":"Coffee Dripper"},{"not_picked":["Pandora\u0027s Box","Cursed Key"],"picked":"Snecko Eye"}],"items_purged_floors":[38],"is_endless":false,"potions_floor_spawned":[1,11,14,22,27,28,29,30,35],"killed_by":"Transient","ascension_level":20}}