{"host":"iphsb0ccnjx0pfn6","time":1612034950,"event":{"mods":["2.2 Compatiblity","AchievementEnabler","BaseMod","Colored Map","DeckTracker","Keyboard Shortcuts","Minty Spire (QoL Compilation)","Permanent Neow","Quick Restart","Relic Stats","StSLib","SuperFastMode","Uncapped","everything is the same but u backflip on backflip"],"gold_per_floor":[119,119,136,136,146,180,180,213,213,48,78,78,78,89,89,163,163,198,198,38,38,54,54,85,85,108,108,58,85,85,13,13,86,86,104,154,62,12,22,22,32,57,57,83,93,93,121,152,152,152,152,152],"floor_reached":51,"language":"KOR","playtime":1677,"items_purged":["Strike_P","Shame","Strike_P","Strike_P","Defend_P"],"score":1985,"play_id":"4bcc5679-06a0-43b4-a5aa-6c6d692cdf3f","local_time":"20210131042910","is_ascension_mode":true,"campfire_choices":[{"data":"FlurryOfBlows","floor":7.0,"key":"SMITH"},{"floor":12.0,"key":"REST"},{"data":"MentalFortress","floor":15.0,"key":"SMITH"},{"data":"Scrawl","floor":23.0,"key":"SMITH"},{"data":"Adaptation","floor":25.0,"key":"SMITH"},{"data":"TalkToTheHand","floor":30.0,"key":"SMITH"},{"data":"Adaptation","floor":32.0,"key":"SMITH"},{"data":"Adaptation","floor":40.0,"key":"SMITH"},{"data":"Tantrum","floor":46.0,"key":"SMITH"},{"data":"Wish","floor":49.0,"key":"SMITH"}],"circlet_count":0,"master_deck":["AscendersBane","Defend_P","Defend_P","Defend_P","Eruption+1","Vigilance","CutThroughFate","TalkToTheHand+1","Adaptation+1","FlurryOfBlows+1","Wish+1","MentalFortress+1","Tantrum+1","Scrawl+1","Adaptation+1","Adaptation+1","Omniscience"],"relics":["HolyWater","Potion Belt","Ice Cream","Mercury Hourglass","Coffee Dripper","Membership Card","Smiling Mask","Bag of Marbles","Singing Bowl","Happy Flower","WingedGreaves","Boot","Akabeko","Oddly Smooth Stone","Nunchaku","Bottled Tornado"],"acts_visited":["Exordium","TheCity","TheBeyond"],"potions_floor_usage":[],"damage_taken":[{"damage":0.0,"enemies":"2 Louse","floor":1.0,"turns":2.0},{"damage":2.0,"enemies":"Jaw Worm","floor":3.0,"turns":4.0},{"damage":0.0,"enemies":"Small Slimes","floor":5.0,"turns":3.0},{"damage":42.0,"enemies":"Gremlin Nob","floor":6.0,"turns":4.0},{"damage":11.0,"enemies":"Lagavulin","floor":8.0,"turns":6.0},{"damage":6.0,"enemies":"2 Fungi Beasts","floor":14.0,"turns":3.0},{"damage":0.0,"enemies":"The Guardian","floor":16.0,"turns":8.0},{"damage":0.0,"enemies":"Chosen","floor":18.0,"turns":3.0},{"damage":0.0,"enemies":"Spheric Guardian","floor":22.0,"turns":2.0},{"damage":27.0,"enemies":"Book of Stabbing","floor":24.0,"turns":5.0},{"damage":0.0,"enemies":"Gremlin Leader","floor":29.0,"turns":3.0},{"damage":0.0,"enemies":"Automaton","floor":33.0,"turns":6.0},{"damage":23.0,"enemies":"3 Shapes","floor":35.0,"turns":4.0},{"damage":17.0,"enemies":"2 Orb Walkers","floor":36.0,"turns":5.0},{"damage":0.0,"enemies":"Orb Walker","floor":39.0,"turns":1.0},{"damage":0.0,"enemies":"Writhing Mass","floor":41.0,"turns":7.0},{"damage":0.0,"enemies":"Nemesis","floor":42.0,"turns":5.0},{"damage":0.0,"enemies":"Reptomancer","floor":44.0,"turns":2.0},{"damage":0.0,"enemies":"Spire Growth","floor":45.0,"turns":2.0},{"damage":28.0,"enemies":"Nemesis","floor":47.0,"turns":3.0},{"damage":0.0,"enemies":"Giant Head","floor":48.0,"turns":4.0},{"damage":10.0,"enemies":"Donu and Deca","floor":50.0,"turns":7.0},{"damage":12,"enemies":"Awakened One","floor":51,"turns":3}],"seed_played":"-1060643951435650640","potions_obtained":[{"floor":1.0,"key":"BottledMiracle"},{"floor":5.0,"key":"Block Potion"},{"floor":6.0,"key":"SpeedPotion"},{"floor":14.0,"key":"ColorlessPotion"},{"floor":22.0,"key":"Fire Potion"},{"floor":35.0,"key":"Weak Potion"},{"floor":36.0,"key":"Fire Potion"},{"floor":45.0,"key":"Energy Potion"}],"is_trial":false,"path_per_floor":["M","?","M","?","M","E","R","E","T","$","?","R","$","M","R","B",null,"M","?","$","?","M","R","E","R","T","?","$","E","R","$","R","B",null,"M","?","$","$","M","R","M","E","T","E","M","R","E","E","R","B","B"],"character_chosen":"WATCHER","items_purchased":["MentalFortress","Membership Card","Adaptation","Adaptation"],"campfire_rested":1,"item_purchase_floors":[10,20,31,37],"current_hp_per_floor":[61,54,52,57,57,15,15,4,4,4,4,25,25,19,19,19,60,60,73,73,73,73,73,46,46,46,46,46,48,48,48,48,50,70,49,34,34,34,36,36,38,38,38,40,42,42,16,18,18,8,0,0],"gold":152,"neow_bonus":"UPGRADE_CARD","is_daily":false,"chose_seed":false,"campfire_upgraded":9,"win_rate":0.0,"timestamp":1612034950,"path_taken":["M","?","M","?","M","E","R","E","T","?","?","R","$","M","R","BOSS","M","?","$","?","M","R","E","R","T","?","$","E","R","$","R","BOSS","M","?","?","$","?","R","M","E","T","E","M","R","E","E","R","BOSS","BOSS"],"items_purchased_type":["Card","Relic","Card","Card"],"build_version":"2020-12-22","purchased_purges":5,"victory":false,"max_hp_per_floor":[68,68,68,73,73,73,73,73,73,73,73,73,73,73,73,73,73,73,73,73,73,73,73,73,73,73,73,73,75,75,75,75,77,77,79,81,81,81,83,83,85,85,85,87,89,89,91,93,93,93,93,93],"relic_stats":{"Nunchaku":[7],"Singing Bowl":20,"Happy Flower":[16],"counters":[23,92],"Smiling Mask":76,"Boot":[148],"obtain_stats":[{"Potion Belt":6,"Ice Cream":8,"Singing Bowl":27,"Happy Flower":29,"Oddly Smooth Stone":44,"Bottled Tornado":48,"Smiling Mask":24,"Boot":42,"Akabeko":43,"Mercury Hourglass":9,"Nunchaku":47,"HolyWater":34,"WingedGreaves":36,"Coffee Dripper":17,"Bag of Marbles":26,"Membership Card":20,"PureWater":0},{"Potion Belt":4,"Ice Cream":5,"Singing Bowl":10,"Happy Flower":11,"Oddly Smooth Stone":18,"Bottled Tornado":21,"Smiling Mask":10,"Boot":17,"Akabeko":17,"Mercury Hourglass":5,"Nunchaku":20,"HolyWater":12,"WingedGreaves":14,"Coffee Dripper":7,"Bag of Marbles":10,"Membership Card":8,"PureWater":0},{"Potion Belt":13,"Ice Cream":19,"Singing Bowl":40,"Happy Flower":43,"Oddly Smooth Stone":73,"Bottled Tornado":82,"Smiling Mask":40,"Boot":71,"Akabeko":71,"Mercury Hourglass":19,"Nunchaku":78,"HolyWater":49,"WingedGreaves":58,"Coffee Dripper":30,"Bag of Marbles":40,"Membership Card":33,"PureWater":0}],"Mercury Hourglass":[262]},"card_choices":[{"not_picked":["Protect","Wireheading"],"picked":"CutThroughFate","floor":1.0},{"not_picked":["Study","Crescendo"],"picked":"TalkToTheHand","floor":3.0},{"not_picked":["Halt","CutThroughFate"],"picked":"Adaptation","floor":5.0},{"not_picked":["Judgement","FollowUp"],"picked":"FlurryOfBlows","floor":6.0},{"not_picked":["ThirdEye","Prostrate"],"picked":"Wish","floor":8.0},{"not_picked":["Indignation","Consecrate"],"picked":"Tantrum","floor":14.0},{"not_picked":["Establishment","Blasphemy"],"picked":"Scrawl","floor":16.0},{"not_picked":["Indignation","BattleHymn","TalkToTheHand"],"picked":"SKIP","floor":18.0},{"not_picked":["ClearTheMind","Study","JustLucky"],"picked":"SKIP","floor":22.0},{"not_picked":["ClearTheMind","Study","JustLucky"],"picked":"SKIP","floor":22.0},{"not_picked":["EmptyBody","Study","BowlingBash"],"picked":"SKIP","floor":24.0},{"not_picked":["Weave","WreathOfFlame","Perseverance"],"picked":"Singing Bowl","floor":29.0},{"not_picked":["Establishment","Alpha","Devotion"],"picked":"Singing Bowl","floor":33.0},{"not_picked":["FlyingSleeves","ClearTheMind","Swivel"],"picked":"Singing Bowl","floor":35.0},{"not_picked":["BowlingBash","WreathOfFlame","ReachHeaven"],"picked":"Singing Bowl","floor":36.0},{"not_picked":["Weave","Collect+1","FollowUp"],"picked":"Singing Bowl","floor":39.0},{"not_picked":["CarveReality+1","PathToVictory+1","BattleHymn"],"picked":"Singing Bowl","floor":41.0},{"not_picked":["ClearTheMind","FlyingSleeves"],"picked":"Omniscience","floor":42.0},{"not_picked":["Swivel","Prostrate","EmptyFist"],"picked":"Singing Bowl","floor":44.0},{"not_picked":["Wallop","FlurryOfBlows+1","Halt+1"],"picked":"Singing Bowl","floor":45.0},{"not_picked":["Scrawl","WaveOfTheHand","WreathOfFlame"],"picked":"Singing Bowl","floor":47.0},{"not_picked":["DeceiveReality","Sanctity","Ragnarok"],"picked":"Singing Bowl","floor":48.0}],"player_experience":1296236,"relics_obtained":[{"floor":6.0,"key":"Potion Belt"},{"floor":8.0,"key":"Ice Cream"},{"floor":9.0,"key":"Mercury Hourglass"},{"floor":24.0,"key":"Smiling Mask"},{"floor":26.0,"key":"Bag of Marbles"},{"floor":29.0,"key":"Happy Flower"},{"floor":36.0,"key":"WingedGreaves"},{"floor":42.0,"key":"Boot"},{"floor":43.0,"key":"Akabeko"},{"floor":44.0,"key":"Oddly Smooth Stone"},{"floor":47.0,"key":"Nunchaku"},{"floor":48.0,"key":"Bottled Tornado"}],"event_choices":[{"cards_removed":["Strike_P"],"damage_healed":0.0,"max_hp_gain":0.0,"max_hp_loss":0.0,"gold_gain":0.0,"event_name":"Golden Wing","player_choice":"Card Removal","floor":2.0,"gold_loss":0.0,"damage_taken":7.0},{"damage_healed":0.0,"max_hp_gain":5.0,"max_hp_loss":0.0,"gold_gain":0.0,"event_name":"Big Fish","player_choice":"Donut","floor":4.0,"gold_loss":0.0,"damage_taken":0.0},{"damage_healed":0.0,"max_hp_gain":0.0,"max_hp_loss":0.0,"gold_gain":30.0,"event_name":"Dead Adventurer","player_choice":"Searched \u00272\u0027 times","floor":11.0,"gold_loss":0.0,"damage_taken":0.0},{"damage_healed":15.0,"max_hp_gain":0.0,"max_hp_loss":0.0,"gold_gain":0.0,"event_name":"The Library","player_choice":"Heal","floor":19.0,"gold_loss":0.0,"damage_taken":0.0},{"damage_healed":0.0,"max_hp_gain":0.0,"max_hp_loss":0.0,"gold_gain":0.0,"event_name":"Ghosts","player_choice":"Ignored","floor":21.0,"gold_loss":0.0,"damage_taken":0.0},{"damage_healed":0.0,"max_hp_gain":0.0,"max_hp_loss":0.0,"gold_gain":0.0,"event_name":"Addict","player_choice":"Stole Relic","floor":27.0,"gold_loss":0.0,"damage_taken":0.0,"relics_obtained":["Singing Bowl"],"cards_obtained":["Shame"]},{"damage_healed":0.0,"max_hp_gain":0.0,"max_hp_loss":0.0,"gold_gain":0.0,"event_name":"Mysterious Sphere","player_choice":"Fight","floor":36.0,"gold_loss":0.0,"damage_taken":0.0}],"is_beta":false,"boss_relics":[{"not_picked":["Velvet Choker","Sozu"],"picked":"Coffee Dripper"},{"not_picked":["Fusion Hammer","Calling Bell"],"picked":"HolyWater"}],"items_purged_floors":[10,28,31,37,38],"is_endless":false,"potions_floor_spawned":[1,5,6,14,22,35,36,45],"killed_by":"Awakened One","ascension_level":20}}