{"host":"2pffx5rqbod9ds0c","time":1612045661,"event":{"mods":["BaseMod","Better Altar","Better Match","Better Note","Better Sensory Stone","Better Skull","Better Third Choice","Custom Start","Hubris","Minty Spire (QoL Compilation)","Quick Restart","Relic Stats","Robot Space Explorer","Spicy Shops","StSLib"],"gold_per_floor":[111111,109301,109301,109320,109320,109352,109352,109369,109369,108416,108396,108412,108447,108458,108458,108536,108536,108554,108554,108554,108565,107116,107116,107147,107197,107220,107232,107232,105629,105649,104445,104445,104525,104525,104543,103768,103782,103792,103802,103835,103835,103874,103874,103901,103204,103204,103222,103255,103255,103255,103255,103255,103255,102797,102825,102825],"floor_reached":57,"language":"ENG","playtime":2353,"items_purged":["Strike_R","Strike_R","Strike_R","Strike_R","Strike_R","Defend_R","Defend_R","Defend_R","Defend_R","Bash"],"score":3392,"play_id":"1682babc-3776-43f3-b3dd-161ceb5ca54b","local_time":"20210130142741","is_ascension_mode":true,"campfire_choices":[{"data":"Uppercut","floor":7.0,"key":"SMITH"},{"data":"Berserk","floor":15.0,"key":"SMITH"},{"data":"Spot Weakness","floor":23.0,"key":"SMITH"},{"data":"Rampage","floor":28,"key":"SMITH"},{"data":"Good Instincts","floor":32,"key":"SMITH"},{"data":"Exhume","floor":41,"key":"SMITH"},{"floor":49,"key":"RECALL"},{"data":"Madness","floor":53,"key":"SMITH"}],"circlet_count":0,"master_deck":["AscendersBane","Uppercut+1","Berserk+1","Shrug It Off","Reaper+1","Cleave+1","Spot Weakness+1","Offering","Rampage+1","Good Instincts+1","Shrug It Off","Double Tap","Exhume+1","Whirlwind+1","Madness+1","Madness","Exhume+1"],"relics":["Black Blood","NeowsBlessing","Kunai","Chemical X","Self Forming Clay","Akabeko","HandDrill","StoneCalendar","hubris:Icosahedron","hubris:Towel","InkBottle","hubris:PeanutButter","Lee\u0027s Waffle","hubris:TenFootPole","Lantern","betterAltar:BloodRelic","hubris:ToyBattleship","Bag of Marbles","hubris:TinFlute","Pen Nib","Medical Kit","Bottled Tornado","Juzu Bracelet","Omamori","TheAbacus","Question Card","hubris:MysteriousPyramids","Boot","Anchor","PreservedInsect","Centennial Puzzle","CeramicFish","OrangePellets","Frozen Eye","Matryoshka","Sozu","Membership Card","MealTicket","Nunchaku","Darkstone Periapt","Bag of Preparation","Orrery","Potion Belt","Mummified Hand","Happy Flower","Smiling Mask","hubris:EmptyBottle","Letter Opener","Peace Pipe","HornCleat","Cauldron","Ancient Tea Set","Gremlin Horn","Whetstone","hubris:CrystalStatue","Oddly Smooth Stone","hubris:SlimyHat","DollysMirror","hubris:IronBody"],"acts_visited":["Exordium","TheCity","TheBeyond","TheEnding"],"potions_floor_usage":[56],"damage_taken":[{"damage":0.0,"enemies":"Jaw Worm","floor":1.0,"turns":1.0},{"damage":0.0,"enemies":"Small Slimes","floor":4.0,"turns":1.0},{"damage":0.0,"enemies":"3 Sentries","floor":6.0,"turns":2.0},{"damage":0.0,"enemies":"Cultist","floor":8.0,"turns":3.0},{"damage":4.0,"enemies":"Exordium Thugs","floor":12.0,"turns":6.0},{"damage":16.0,"enemies":"Gremlin Nob","floor":13.0,"turns":4.0},{"damage":0.0,"enemies":"Large Slime","floor":14.0,"turns":4.0},{"damage":20.0,"enemies":"Hexaghost","floor":16.0,"turns":8.0},{"damage":8.0,"enemies":"Spheric Guardian","floor":18.0,"turns":6.0},{"damage":19.0,"enemies":"3 Byrds","floor":21.0,"turns":6.0},{"damage":5.0,"enemies":"Book of Stabbing","floor":24.0,"turns":4.0},{"damage":16,"enemies":"Snake Plant","floor":27,"turns":2},{"damage":0,"enemies":"3 Cultists","floor":30,"turns":3},{"damage":0,"enemies":"Automaton","floor":33,"turns":5},{"damage":1,"enemies":"3 Shapes","floor":35,"turns":2},{"damage":4,"enemies":"3 Darklings","floor":37,"turns":1},{"damage":4,"enemies":"Jaw Worm Horde","floor":38,"turns":1},{"damage":0,"enemies":"Sphere and 2 Shapes","floor":39,"turns":3},{"damage":1,"enemies":"Nemesis","floor":40,"turns":3},{"damage":16,"enemies":"Giant Head","floor":42,"turns":1},{"damage":0,"enemies":"Reptomancer","floor":44,"turns":1},{"damage":4,"enemies":"Nemesis","floor":48,"turns":1},{"damage":4,"enemies":"Donu and Deca","floor":50,"turns":2},{"damage":24,"enemies":"hubris:GrandSnecko","floor":51,"turns":2},{"damage":10,"enemies":"Shield and Spear","floor":55,"turns":1},{"damage":78,"enemies":"The Heart","floor":56,"turns":5}],"seed_played":"2145448964285233385","potions_obtained":[{"floor":11.0,"key":"CultistPotion"},{"floor":20.0,"key":"SkillPotion"},{"floor":24.0,"key":"SteroidPotion"}],"is_trial":false,"path_per_floor":["M","$","?","M","?","E","R","M","T","$","?","M","E","M","R","B",null,"M","?","?","M","$","R","E","?","T","M","R","$","M","$","R","B",null,"M","$","M","M","M","E","R","E","T","E","$","?","?","E","R","B","B",null,"R","$","E","B",null],"character_chosen":"IRONCLAD","items_purchased":["Kunai","Chemical X","Self Forming Clay","Akabeko","HandDrill","StoneCalendar","Uppercut","LiquidMemories","PowerPotion","Lee\u0027s Waffle","hubris:TenFootPole","Lantern","Blood Vial","Bag of Marbles","hubris:TinFlute","Pen Nib","Medical Kit","Offering","Bottled Tornado","TheAbacus","Question Card","hubris:MysteriousPyramids","Boot","Anchor","Good Instincts","PreservedInsect","Centennial Puzzle","CeramicFish","OrangePellets","Frozen Eye","Matryoshka","Membership Card","MealTicket","Nunchaku","Darkstone Periapt","Bag of Preparation","Orrery","Exhume","hubris:EmptyBottle","Letter Opener","Peace Pipe","HornCleat","Cauldron","Ancient Tea Set","Whetstone","hubris:CrystalStatue","Oddly Smooth Stone","hubris:SlimyHat","DollysMirror"],"campfire_rested":0,"item_purchase_floors":[2,2,2,2,2,2,2,2,2,10,10,10,10,22,22,22,22,22,22,29,29,29,29,29,29,31,31,31,31,31,31,36,36,36,36,36,36,36,45,45,45,45,45,45,54,54,54,54,54],"current_hp_per_floor":[74,74,74,75,75,75,75,75,75,82,82,82,72,80,80,68,79,82,82,82,80,80,80,82,82,82,78,78,78,82,82,82,82,82,82,82,82,82,82,82,82,82,82,82,82,80,73,82,82,82,70,79,79,82,82,82],"gold":102825,"neow_bonus":"THREE_ENEMY_KILL","is_daily":false,"chose_seed":false,"campfire_upgraded":7,"win_rate":0.0,"timestamp":1612045661,"path_taken":["M","$","?","M","?","E","R","M","T","$","?","?","E","M","R","BOSS","M","?","?","M","$","R","E","?","T","M","R","$","M","$","R","BOSS","M","$","M","M","M","E","R","E","T","E","$","?","?","E","R","BOSS","BOSS","R","$","E","BOSS"],"items_purchased_type":["Relic","Relic","Relic","Relic","Relic","Relic","Card","Potion","Potion","Relic","Relic","Relic","Relic","Relic","Relic","Relic","Relic","Card","Relic","Relic","Relic","Relic","Relic","Relic","Card","Relic","Relic","Relic","Relic","Relic","Relic","Relic","Relic","Relic","Relic","Relic","Relic","Card","Relic","Relic","Relic","Relic","Relic","Relic","Relic","Relic","Relic","Relic","Relic"],"build_version":"2020-12-22","purchased_purges":10,"victory":true,"max_hp_per_floor":[75,75,75,75,75,75,75,75,75,82,82,82,82,82,82,82,82,82,82,82,82,82,82,82,82,82,82,82,82,82,82,82,82,82,82,82,82,82,82,82,82,82,82,82,82,82,82,82,82,82,82,82,82,82,82,82],"relic_stats":{"Darkstone Periapt":0,"Gremlin Horn":[2,2],"CeramicFish":54,"Black Blood":94,"StoneCalendar":[52],"Juzu Bracelet":2,"Bag of Preparation":[23],"Whetstone":["Cleave","Reaper"],"Boot":[8],"Smiling Mask":100,"Sozu":5,"Centennial Puzzle":[30],"Nunchaku":[8],"TheAbacus":[228],"Mummified Hand":[9],"MealTicket":3,"HandDrill":[20],"Kunai":[34],"Chemical X":[9],"InkBottle":[46],"Lee\u0027s Waffle":7,"Happy Flower":[4],"counters":[26,78],"Self Forming Clay":[99],"Pen Nib":[12],"PreservedInsect":371,"Letter Opener":[241],"Medical Kit":[8],"Question Card":36,"Peace Pipe":0,"OrangePellets":[13],"obtain_stats":[{"hubris:CrystalStatue":54,"Gremlin Horn":48,"CeramicFish":31,"Whetstone":54,"Bottled Tornado":22,"hubris:MysteriousPyramids":29,"Boot":29,"Blood Vial":10,"Sozu":34,"Centennial Puzzle":31,"HornCleat":45,"DollysMirror":54,"MealTicket":36,"HandDrill":2,"Kunai":2,"hubris:TinFlute":22,"Happy Flower":43,"betterAltar:BloodRelic":46,"Oddly Smooth Stone":54,"Pen Nib":22,"Letter Opener":45,"Question Card":29,"Akabeko":2,"OrangePellets":31,"hubris:PeanutButter":9,"hubris:TenFootPole":10,"hubris:ToyBattleship":13,"Darkstone Periapt":36,"Lantern":10,"Black Blood":17,"StoneCalendar":2,"Juzu Bracelet":24,"Bag of Preparation":36,"hubris:SlimyHat":54,"hubris:EmptyBottle":45,"Smiling Mask":44,"Ancient Tea Set":45,"Burning Blood":0,"Frozen Eye":31,"Nunchaku":36,"hubris:Icosahedron":3,"TheAbacus":29,"Matryoshka":31,"Mummified Hand":42,"hubris:IronBody":55,"Chemical X":2,"InkBottle":6,"Potion Belt":40,"Lee\u0027s Waffle":10,"NeowsBlessing":0,"Self Forming Clay":2,"PreservedInsect":31,"Omamori":26,"hubris:Towel":5,"Medical Kit":22,"Peace Pipe":45,"Cauldron":45,"Anchor":29,"Orrery":36,"Bag of Marbles":22,"Membership Card":36},{"hubris:CrystalStatue":24,"Gremlin Horn":22,"CeramicFish":13,"Whetstone":24,"Bottled Tornado":10,"hubris:MysteriousPyramids":12,"Boot":12,"Blood Vial":4,"Sozu":14,"Centennial Puzzle":13,"HornCleat":21,"DollysMirror":24,"MealTicket":15,"HandDrill":1,"Kunai":1,"hubris:TinFlute":10,"Happy Flower":20,"betterAltar:BloodRelic":21,"Oddly Smooth Stone":24,"Pen Nib":10,"Letter Opener":21,"Question Card":12,"Akabeko":1,"OrangePellets":13,"hubris:PeanutButter":4,"hubris:TenFootPole":4,"hubris:ToyBattleship":6,"Darkstone Periapt":15,"Lantern":4,"Black Blood":8,"StoneCalendar":1,"Juzu Bracelet":11,"Bag of Preparation":15,"hubris:SlimyHat":24,"hubris:EmptyBottle":21,"Smiling Mask":21,"Ancient Tea Set":21,"Burning Blood":0,"Frozen Eye":13,"Nunchaku":15,"hubris:Icosahedron":1,"TheAbacus":12,"Matryoshka":13,"Mummified Hand":20,"hubris:IronBody":25,"Chemical X":1,"InkBottle":3,"Potion Belt":19,"Lee\u0027s Waffle":4,"NeowsBlessing":0,"Self Forming Clay":1,"PreservedInsect":13,"Omamori":11,"hubris:Towel":2,"Medical Kit":10,"Peace Pipe":21,"Cauldron":21,"Anchor":12,"Orrery":15,"Bag of Marbles":10,"Membership Card":15},{"hubris:CrystalStatue":72,"Gremlin Horn":68,"CeramicFish":50,"Whetstone":72,"Bottled Tornado":41,"hubris:MysteriousPyramids":47,"Boot":47,"Blood Vial":7,"Sozu":55,"Centennial Puzzle":50,"HornCleat":67,"DollysMirror":72,"MealTicket":57,"HandDrill":1,"Kunai":1,"hubris:TinFlute":41,"Happy Flower":66,"betterAltar:BloodRelic":67,"Oddly Smooth Stone":72,"Pen Nib":41,"Letter Opener":67,"Question Card":47,"Akabeko":1,"OrangePellets":50,"hubris:PeanutButter":7,"hubris:TenFootPole":7,"hubris:ToyBattleship":17,"Darkstone Periapt":57,"Lantern":7,"Black Blood":29,"StoneCalendar":1,"Juzu Bracelet":45,"Bag of Preparation":57,"hubris:SlimyHat":72,"hubris:EmptyBottle":67,"Smiling Mask":67,"Ancient Tea Set":67,"Burning Blood":0,"Frozen Eye":50,"Nunchaku":57,"hubris:Icosahedron":1,"TheAbacus":47,"Matryoshka":50,"Mummified Hand":66,"hubris:IronBody":73,"Chemical X":1,"InkBottle":4,"Potion Belt":65,"Lee\u0027s Waffle":7,"NeowsBlessing":0,"Self Forming Clay":1,"PreservedInsect":50,"Omamori":45,"hubris:Towel":2,"Medical Kit":41,"Peace Pipe":67,"Cauldron":67,"Anchor":47,"Orrery":57,"Bag of Marbles":41,"Membership Card":57}]},"card_choices":[{"not_picked":["Body Slam","Bloodletting","Disarm"],"picked":"SKIP","floor":1.0},{"not_picked":["Ghostly Armor","Havoc","Flex"],"picked":"SKIP","floor":4.0},{"not_picked":["Perfected Strike","hubris:SharpeningStone"],"picked":"Berserk","floor":6.0},{"not_picked":["Power Through","Second Wind"],"picked":"Shrug It Off","floor":8.0},{"not_picked":["Warcry","Fiend Fire","Thunderclap"],"picked":"SKIP","floor":12.0},{"not_picked":["Clash","Juggernaut","hubris:CleavingFinish"],"picked":"SKIP","floor":13.0},{"not_picked":["Burning Pact","Power Through","hubris:ReadiedAction"],"picked":"SKIP","floor":14.0},{"not_picked":["Exhume","Impervious"],"picked":"Reaper","floor":16.0},{"not_picked":["Cleave","Rage+1","Clash"],"picked":"SKIP","floor":18.0},{"not_picked":["Rage+1","Clash"],"picked":"Cleave","floor":18.0},{"not_picked":["Sword Boomerang","Clothesline+1","Thunderclap"],"picked":"SKIP","floor":21.0},{"not_picked":["True Grit","Headbutt","hubris:ReadiedAction"],"picked":"SKIP","floor":24.0},{"not_picked":["Heavy Blade","Hemokinesis","Rampage"],"picked":"SKIP","floor":27},{"not_picked":["Heavy Blade","Hemokinesis"],"picked":"Rampage","floor":27},{"not_picked":["Offering","hubris:CleavingFinish","Cleave"],"picked":"Shrug It Off","floor":30},{"not_picked":["Feed","Corruption","Berserk"],"picked":"Double Tap","floor":33},{"not_picked":["Havoc+1","Clothesline","Clash","Sword Boomerang"],"picked":"SKIP","floor":35},{"not_picked":["Havoc","Wild Strike","hubris:SharpeningStone+1","Clash"],"picked":"SKIP","floor":37},{"not_picked":["Feel No Pain","Ghostly Armor","hubris:ReadiedAction+1","Anger"],"picked":"SKIP","floor":38},{"not_picked":["True Grit","Burning Pact","Pummel","Havoc"],"picked":"SKIP","floor":39},{"not_picked":["Rampage","Carnage","Juggernaut","Thunderclap"],"picked":"SKIP","floor":40},{"not_picked":["Heavy Blade","Uppercut","hubris:ReadiedAction"],"picked":"Whirlwind+1","floor":42},{"not_picked":["Rupture","Anger+1","hubris:ReadiedAction","Entrench"],"picked":"SKIP","floor":44},{"not_picked":["Evolve","Immolate","Sword Boomerang","Body Slam"],"picked":"SKIP","floor":48},{"not_picked":["Brutality","Carnage","Iron Wave","True Grit"],"picked":"SKIP","floor":55}],"player_experience":803580,"relics_obtained":[{"floor":6.0,"key":"InkBottle"},{"floor":9.0,"key":"hubris:PeanutButter"},{"floor":13.0,"key":"hubris:ToyBattleship"},{"floor":24.0,"key":"Juzu Bracelet"},{"floor":26,"key":"Omamori"},{"floor":40,"key":"Potion Belt"},{"floor":42,"key":"Mummified Hand"},{"floor":43,"key":"Happy Flower"},{"floor":44,"key":"Smiling Mask"},{"floor":48,"key":"Gremlin Horn"},{"floor":55,"key":"hubris:IronBody"}],"event_choices":[{"damage_healed":0.0,"max_hp_gain":0.0,"max_hp_loss":0.0,"gold_gain":0.0,"event_name":"The Woman in Blue","player_choice":"Bought 1 Potion","floor":11.0,"gold_loss":0.0,"damage_taken":0.0},{"damage_healed":0.0,"max_hp_gain":0.0,"max_hp_loss":0.0,"gold_gain":0.0,"event_name":"Lab","player_choice":"Got Potions","floor":20.0,"gold_loss":0.0,"damage_taken":0.0},{"damage_healed":0,"gold_gain":100,"player_choice":"Bet on Murderer","damage_taken":0,"max_hp_gain":0,"max_hp_loss":0,"event_name":"The Joust","floor":25,"gold_loss":50},{"damage_healed":0,"gold_gain":0,"player_choice":"Random: Violet","damage_taken":0,"max_hp_gain":0,"max_hp_loss":0,"event_name":"betterThird:BetterPortal","floor":46,"gold_loss":0},{"damage_healed":0,"gold_gain":0,"player_choice":" RottenVial ","damage_taken":4,"relics_obtained":["betterAltar:BloodRelic"],"max_hp_gain":82,"max_hp_loss":80,"event_name":"betterAltar:BetterAltar","floor":46,"potions_obtained":[],"relics_lost":["Blood Vial"],"gold_loss":0},{"damage_healed":0,"gold_gain":0,"player_choice":"Embrace Madness","damage_taken":15,"max_hp_gain":0,"max_hp_loss":0,"event_name":"Winding Halls","floor":47,"gold_loss":0,"cards_obtained":["Madness","Madness"]}],"is_beta":false,"boss_relics":[{"not_picked":["Tiny House","SacredBark"],"picked":"Black Blood"},{"not_picked":["hubris:ScarierMask","hubris:CrackedHourglass"],"picked":"Sozu"}],"items_purged_floors":[2,2,10,10,22,22,29,29,31,45],"is_endless":false,"potions_floor_spawned":[13,14,21,24,35,39,44],"ascension_level":20}}