{"host":"0b7urydaxuefbgpn","time":1612020820,"event":{"mods":["Bard","BaseMod","Colored Powertips","Dio Mod","Downfall","Hermit","Jorbs\u0027s Wanderer Trilogy","Marisa????????","Minty Spire (QoL Compilation)","StSLib","The Bladedancer","The Cursed","The Disciple","The Poker Player","The Servant 0.9.4"],"gold_per_floor":[112,131,206,223,248,248,267,304,330,346,346,373,71,82,82,189,189,190,190,190,216,230,230],"floor_reached":22,"language":"RUS","playtime":1530,"items_purged":[],"score":225,"play_id":"ccb8fb7b-7c2d-40bf-8447-85c825c32cba","local_time":"20210130183340","is_ascension_mode":false,"campfire_choices":[{"data":"stsjorbsmod:ArcaneWeapon","floor":6,"key":"SMITH"},{"floor":11,"key":"REST"},{"data":"stsjorbsmod:FindFamiliar","floor":15,"key":"SMITH"}],"circlet_count":0,"master_deck":["stsjorbsmod:ForbiddenGrimoire+1","stsjorbsmod:Strike_Wanderer","stsjorbsmod:Strike_Wanderer+1","stsjorbsmod:Defend_Wanderer","stsjorbsmod:Defend_Wanderer","stsjorbsmod:Defend_Wanderer","stsjorbsmod:FreshAdventure","stsjorbsmod:EyeOfTheStorm","stsjorbsmod:FindFamiliar+1","stsjorbsmod:ArcaneWeapon+1","stsjorbsmod:OldPocket","stsjorbsmod:ArcaneWeapon","stsjorbsmod:FranticSearch","stsjorbsmod:Fireball+1","stsjorbsmod:Channel","stsjorbsmod:Stalwart","stsjorbsmod:ArcaneForm","stsjorbsmod:Patron","stsjorbsmod:LocateObject","stsjorbsmod:MirrorImage","stsjorbsmod:Introspection+1","stsjorbsmod:SmithingStrike+1","stsjorbsmod:DisguiseSelf+1","stsjorbsmod:RefuseToForget+1","stsjorbsmod:Prestidigitation","stsjorbsmod:ArcaneWeapon"],"relics":["stsjorbsmod:GrimoireRelic","FossilizedHelix","Ancient Tea Set","Frozen Eye","Astrolabe","Nloth\u0027s Gift"],"acts_visited":["Exordium","TheCity"],"potions_floor_usage":[],"damage_taken":[{"damage":5,"enemies":"Jaw Worm","floor":1,"turns":5},{"damage":3,"enemies":"2 Louse","floor":2,"turns":3},{"damage":2,"enemies":"Cultist","floor":4,"turns":5},{"damage":1,"enemies":"Exordium Thugs","floor":5,"turns":5},{"damage":2,"enemies":"2 Fungi Beasts","floor":7,"turns":3},{"damage":32,"enemies":"3 Sentries","floor":8,"turns":6},{"damage":0,"enemies":"Looter","floor":10,"turns":3},{"damage":0,"enemies":"Gremlin Nob","floor":12,"turns":3},{"damage":0,"enemies":"Large Slime","floor":14,"turns":5},{"damage":39,"enemies":"The Guardian","floor":16,"turns":7},{"damage":8,"enemies":"2 Thieves","floor":18,"turns":4},{"damage":10,"enemies":"Shell Parasite","floor":21,"turns":5},{"damage":5,"enemies":"Snecko","floor":22,"turns":4}],"seed_played":"5512787917208213005","potions_obtained":[{"floor":1,"key":"sneckomod:MuddlingPotion"},{"floor":10,"key":"stsjorbsmod:DimensionDoorPotion"},{"floor":12,"key":"bronze:BurnAndBuffPotion"}],"is_trial":false,"path_per_floor":["M","M","?","M","M","R","M","E","T","M","R","E","$","M","R","B",null,"M","?","?","M","M"],"character_chosen":"WANDERER","items_purchased":["stsjorbsmod:ArcaneForm","stsjorbsmod:Patron","Frozen Eye"],"campfire_rested":1,"item_purchase_floors":[13,13,13],"current_hp_per_floor":[72,71,60,61,64,64,63,34,34,36,58,58,58,63,63,24,74,68,54,54,53,53,53],"gold":230,"neow_bonus":"TEN_PERCENT_HP_BONUS","is_daily":false,"chose_seed":false,"campfire_upgraded":2,"win_rate":0.0,"timestamp":1612020820,"path_taken":["M","M","?","M","M","R","M","E","T","M","R","E","$","M","R","BOSS","M","?","?","M","?"],"items_purchased_type":["Card","Card","Relic"],"build_version":"2020-12-13","purchased_purges":0,"victory":false,"max_hp_per_floor":[74,74,74,74,74,74,74,74,74,74,74,74,74,74,74,74,74,74,79,79,81,81,81],"card_choices":[{"not_picked":["stsjorbsmod:Will","stsjorbsmod:TrueStrike"],"picked":"stsjorbsmod:FindFamiliar","floor":1},{"not_picked":["stsjorbsmod:Firebolt","stsjorbsmod:Withdraw"],"picked":"stsjorbsmod:ArcaneWeapon","floor":2},{"not_picked":["stsjorbsmod:Index","stsjorbsmod:TrueStrike"],"picked":"stsjorbsmod:OldPocket","floor":4},{"not_picked":["stsjorbsmod:BurningFlask","stsjorbsmod:Index"],"picked":"stsjorbsmod:ArcaneWeapon","floor":5},{"not_picked":["stsjorbsmod:Will","stsjorbsmod:ArcaneWeapon"],"picked":"stsjorbsmod:FranticSearch","floor":7},{"not_picked":["stsjorbsmod:ArcaneWeapon","stsjorbsmod:FranticSearch"],"picked":"stsjorbsmod:Fireball","floor":8},{"not_picked":["stsjorbsmod:ChainLightning","stsjorbsmod:Mindworm"],"picked":"stsjorbsmod:Channel","floor":10},{"not_picked":["stsjorbsmod:Prepare","stsjorbsmod:RayOfFrost"],"picked":"stsjorbsmod:Stalwart","floor":12},{"not_picked":["stsjorbsmod:HedgeWizard","stsjorbsmod:MistyStep"],"picked":"stsjorbsmod:LocateObject","floor":14},{"not_picked":["stsjorbsmod:Pyromancy","stsjorbsmod:Withdraw"],"picked":"stsjorbsmod:MirrorImage","floor":16},{"not_picked":["stsjorbsmod:BookOfTongues","stsjorbsmod:UnseenServant"],"picked":"stsjorbsmod:RefuseToForget+1","floor":18},{"not_picked":["stsjorbsmod:ParryingBlow","stsjorbsmod:Fear"],"picked":"stsjorbsmod:Prestidigitation","floor":21},{"not_picked":["stsjorbsmod:Introspection+1","stsjorbsmod:RayOfFrost"],"picked":"stsjorbsmod:ArcaneWeapon","floor":22}],"player_experience":10778,"relics_obtained":[{"floor":8,"key":"FossilizedHelix"},{"floor":9,"key":"Whetstone"},{"floor":12,"key":"Ancient Tea Set"}],"event_choices":[{"damage_healed":0,"gold_gain":75,"player_choice":"Gather Gold","damage_taken":11,"max_hp_gain":0,"max_hp_loss":0,"event_name":"World of Goop","floor":3,"gold_loss":0},{"damage_healed":0,"gold_gain":0,"player_choice":"Shed Blood","damage_taken":19,"max_hp_gain":5,"max_hp_loss":0,"event_name":"Forgotten Altar","floor":19,"gold_loss":0},{"damage_healed":0,"gold_gain":0,"player_choice":"Traded Relic","damage_taken":0,"relics_obtained":["Nloth\u0027s Gift"],"max_hp_gain":0,"max_hp_loss":0,"event_name":"N\u0027loth","floor":20,"relics_lost":["Whetstone"],"gold_loss":0}],"is_beta":false,"boss_relics":[{"not_picked":["bronze:MakeshiftBattery","Tiny House"],"picked":"Astrolabe"}],"items_purged_floors":[],"is_endless":false,"potions_floor_spawned":[1,7,10,12,16,22],"killed_by":"Snecko","ascension_level":0}}