{"host":"04hh9gplt9wkfmr1","time":1612035481,"event":{"mods":["AchievementEnabler","BaseMod","Colored Map","KOR Keyword Fix","Minty Spire (QoL Compilation)","Rare Cards Sparkle","SuperFastMode"],"gold_per_floor":[116,127,145,159,172,197,197,226,238,250,277,289,301,348,360,372,372],"floor_reached":16,"language":"KOR","playtime":300,"items_purged":[],"score":153,"play_id":"11f332d1-07ea-46f0-b693-96bba9767b68","local_time":"20210131043801","is_ascension_mode":true,"campfire_choices":[{"data":"Perfected Strike","floor":7.0,"key":"SMITH"},{"floor":10.0,"key":"REST"},{"data":"Bash","floor":13.0,"key":"SMITH"},{"floor":15,"key":"REST"}],"circlet_count":0,"master_deck":["Strike_R","Strike_R","Strike_R","Strike_R","Strike_R","Defend_R","Defend_R","Defend_R","Defend_R","Bash+1","Perfected Strike+1"],"relics":["Burning Blood","Potion Belt","MawBank","Turnip","Mercury Hourglass","Lizard Tail"],"acts_visited":["Exordium"],"potions_floor_usage":[],"damage_taken":[{"damage":1.0,"enemies":"Cultist","floor":1.0,"turns":4.0},{"damage":7.0,"enemies":"Jaw Worm","floor":2.0,"turns":3.0},{"damage":0.0,"enemies":"2 Louse","floor":3.0,"turns":2.0},{"damage":11.0,"enemies":"Gremlin Gang","floor":4.0,"turns":5.0},{"damage":0.0,"enemies":"3 Louse","floor":5.0,"turns":2.0},{"damage":58.0,"enemies":"Lagavulin","floor":6.0,"turns":9.0},{"damage":16.0,"enemies":"Gremlin Nob","floor":8.0,"turns":3.0},{"damage":0.0,"enemies":"2 Fungi Beasts","floor":11.0,"turns":2.0},{"damage":25,"enemies":"3 Sentries","floor":14,"turns":6},{"damage":0,"enemies":"Hexaghost","floor":16,"turns":1}],"seed_played":"-4697238565091876102","potions_obtained":[{"floor":3.0,"key":"Block Potion"},{"floor":4.0,"key":"Fire Potion"},{"floor":11.0,"key":"Regen Potion"},{"floor":14,"key":"Block Potion"}],"is_trial":false,"path_per_floor":["M","M","M","M","M","E","R","E","T","R","M","?","R","E","R","B"],"character_chosen":"IRONCLAD","items_purchased":[],"campfire_rested":2,"item_purchase_floors":[],"current_hp_per_floor":[88,87,88,83,88,36,36,26,26,52,58,58,58,39,65,65,65],"gold":372,"neow_bonus":"TEN_PERCENT_HP_BONUS","is_daily":false,"chose_seed":false,"campfire_upgraded":2,"win_rate":0.0,"timestamp":1612035481,"path_taken":["M","M","M","M","M","E","R","E","T","R","M","?","R","E","R","BOSS"],"items_purchased_type":[],"build_version":"2020-12-22","purchased_purges":0,"victory":false,"max_hp_per_floor":[88,88,88,88,88,88,88,88,88,88,88,88,88,88,88,88,88],"card_choices":[{"not_picked":["Evolve","Heavy Blade"],"picked":"Perfected Strike","floor":1.0},{"not_picked":["Anger","Warcry","Havoc"],"picked":"SKIP","floor":2.0},{"not_picked":["Combust","Metallicize","Anger"],"picked":"SKIP","floor":3.0},{"not_picked":["Clash","Warcry","Fire Breathing"],"picked":"SKIP","floor":4.0},{"not_picked":["Wild Strike","Cleave","Warcry"],"picked":"SKIP","floor":5.0},{"not_picked":["True Grit","Warcry","Corruption"],"picked":"SKIP","floor":6.0},{"not_picked":["Anger","Flame Barrier","Shrug It Off"],"picked":"SKIP","floor":8.0},{"not_picked":["Thunderclap","Immolate","Sword Boomerang"],"picked":"SKIP","floor":11.0},{"not_picked":["Intimidate","Hemokinesis","Headbutt"],"picked":"SKIP","floor":14}],"player_experience":110444,"relics_obtained":[{"floor":6.0,"key":"Potion Belt"},{"floor":8.0,"key":"MawBank"},{"floor":9.0,"key":"Turnip"},{"floor":14,"key":"Lizard Tail"}],"event_choices":[{"damage_healed":0.0,"max_hp_gain":0.0,"max_hp_loss":0.0,"gold_gain":0.0,"event_name":"WeMeetAgain","player_choice":"Gave Potion","floor":12.0,"gold_loss":0.0,"damage_taken":0.0,"relics_obtained":["Mercury Hourglass"]}],"is_beta":false,"boss_relics":[],"items_purged_floors":[],"is_endless":false,"potions_floor_spawned":[3,4,11,14],"killed_by":"Hexaghost","ascension_level":5}}