{"host":"141e8mu1xuvwtmt1","time":1612025074,"event":{"mods":["AchievementEnabler","BaseMod","BetterRewards","Colored Map","Colored Powertips","Downfall","Highlight Path","Minty Spire (QoL Compilation)","Replay The Spire","StSLib"],"gold_per_floor":[99,117,117,134,145,145,191,220,395,407,422,422,437,455,471,568,568,568,586,596,610,610,623,623,643,677,695,706,723,723,757,772,772,772,772],"floor_reached":33,"language":"ENG","playtime":6398,"items_purged":[],"score":289,"play_id":"58fe33a0-54cf-4340-bd6f-98677df89cdc","local_time":"20210130174434","is_ascension_mode":false,"campfire_choices":[{"data":"Guardian:CurlUp","floor":1,"key":"SMITH"},{"data":"Guardian:Recover","floor":6,"key":"SMITH"},{"data":"Guardian:TwinSlam","floor":12,"key":"SMITH"},{"floor":30,"key":"REST"}],"circlet_count":0,"master_deck":["Guardian:Strike_Guardian","Guardian:Strike_Guardian","Guardian:Strike_Guardian","Guardian:Defend_Guardian","Guardian:Defend_Guardian","Guardian:Defend_Guardian","Guardian:Defend_Guardian","Guardian:CurlUp+1","Guardian:TwinSlam+1","Guardian:DonusPower","Guardian:Reroute","Guardian:Recover+1","Doubt","Guardian:FastForward","Guardian:ArmoredProtocol","Guardian:Preprogram","Guardian:FloatingOrbs+1","Guardian:RevengeProtocol","Guardian:BodySlam","Guardian:WalkerClaw+1","Guardian:Incinerate","Guardian:CurlUp+1","Guardian:Incinerate","Guardian:PrimingBeam+1","Guardian:PiercingHide","Guardian:Planning","Guardian:ChargeCore+1","Guardian:ShieldCharger+1","Guardian:Gem_Cyan","Guardian:EvasiveProtocol"],"relics":["Guardian:ModeShifter","Gremlin Food","TungstenRod","Black Star","Ornamental Fan","The Courier","Replay:Bottled Snecko","Juzu Bracelet","Potion Belt"],"acts_visited":["Exordium","TheCity"],"potions_floor_usage":[16,19,20,23,23,32,32,33,33],"damage_taken":[{"damage":2,"enemies":"2 Louse","floor":2,"turns":4},{"damage":8,"enemies":"Jaw Worm","floor":4,"turns":4},{"damage":1,"enemies":"Small Slimes","floor":5,"turns":5},{"damage":2,"enemies":"Red Slaver","floor":10,"turns":4},{"damage":0,"enemies":"Large Slime","floor":11,"turns":8},{"damage":10,"enemies":"Exordium Wildlife","floor":13,"turns":6},{"damage":10,"enemies":"Exordium Thugs","floor":14,"turns":6},{"damage":0,"enemies":"Large Slime","floor":15,"turns":7},{"damage":38,"enemies":"DF_ARCHETYPE_STREAMLINE","floor":16,"turns":14},{"damage":1,"enemies":"3 Byrds","floor":19,"turns":6},{"damage":5,"enemies":"Shell Parasite","floor":20,"turns":5},{"damage":17,"enemies":"Chosen and Byrds","floor":21,"turns":6},{"damage":0,"enemies":"Snake Plant","floor":23,"turns":6},{"damage":11,"enemies":"Centurion and Healer","floor":25,"turns":9},{"damage":8,"enemies":"Replay:Snechameleon","floor":26,"turns":7},{"damage":17,"enemies":"3 Cultists","floor":27,"turns":6},{"damage":17,"enemies":"Cultist and Chosen","floor":28,"turns":8},{"damage":8,"enemies":"Centurion and Healer","floor":29,"turns":6},{"damage":22,"enemies":"Book of Stabbing","floor":31,"turns":7},{"damage":15,"enemies":"Snake Plant","floor":32,"turns":4},{"damage":15,"enemies":"IC_MUSHROOM_ARCHETYPE","floor":33,"turns":1}],"seed_played":"8153757381705610647","potions_obtained":[{"floor":4,"key":"FairyPotion"},{"floor":11,"key":"Fire Potion"},{"floor":14,"key":"Guardian:AcceleratePotion"},{"floor":16,"key":"hexamod:SoulburnPotion"},{"floor":20,"key":"EssenceOfSteel"},{"floor":21,"key":"SneckoOil"},{"floor":23,"key":"Strength Potion"},{"floor":27,"key":"Toxic Potion"},{"floor":29,"key":"SmokeBomb"},{"floor":31,"key":"hexamod:SoulburnPotion"},{"floor":32,"key":"Strength Potion"}],"is_trial":false,"path_per_floor":["R","M","?","M","M","R","T","?","?","M","M","R","M","M","M","B",null,"R_BF","M","M","M","?","M","T","M","E","M","M","M","R","E","M","B"],"character_chosen":"GUARDIAN","items_purchased":[],"campfire_rested":1,"item_purchase_floors":[],"current_hp_per_floor":[88,86,86,78,77,77,77,77,77,75,75,75,65,55,55,17,88,72,71,66,49,49,49,49,38,30,13,27,19,46,24,9,0,0,0],"gold":772,"neow_bonus":"TEN_PERCENT_HP_BONUS","is_daily":false,"chose_seed":false,"campfire_upgraded":3,"win_rate":0.0,"timestamp":1612025074,"path_taken":["R","M","?","M","M","R","T","?","?","M","M","R","M","M","M","BOSS","R_BF","M","M","M","?","M","T","M","E","M","M","M","R","E","M","BOSS"],"items_purchased_type":[],"build_version":"2020-12-22","purchased_purges":0,"victory":false,"max_hp_per_floor":[88,88,88,88,88,88,88,88,88,88,88,88,88,88,88,88,88,93,93,93,93,93,93,93,93,93,93,93,93,93,93,93,93,93,93],"card_choices":[{"not_picked":["Guardian:Suspension","Guardian:Planning"],"picked":"Guardian:DonusPower","floor":2},{"not_picked":["Guardian:Gem_Cyan","Guardian:Gem_Lightblue"],"picked":"Guardian:Reroute","floor":4},{"not_picked":["Guardian:DonusPower","Guardian:RollAttack"],"picked":"Guardian:Recover","floor":5},{"not_picked":["Guardian:WalkerClaw","Guardian:Suspension"],"picked":"Guardian:Gem_Blue","floor":8},{"not_picked":["Guardian:RefractedBeam","Guardian:Reroute"],"picked":"Guardian:FastForward","floor":10},{"not_picked":["Guardian:VentSteam","Guardian:TimeBomb"],"picked":"Guardian:ArmoredProtocol","floor":11},{"not_picked":["Guardian:VentSteam","Guardian:EvasiveProtocol"],"picked":"Guardian:Preprogram","floor":13},{"not_picked":["Guardian:ChargeCore","Guardian:ShieldSpikes"],"picked":"Guardian:Gem_Fragmented","floor":14},{"not_picked":["Guardian:PrismaticBarrier","Guardian:ShieldSpikes"],"picked":"Guardian:FloatingOrbs","floor":15},{"not_picked":["Guardian:FastForward","Guardian:AncientConstruct"],"picked":"Guardian:RevengeProtocol","floor":16},{"not_picked":["Guardian:Gem_Cyan","Guardian:PrismaticBarrier"],"picked":"Guardian:BodySlam","floor":19},{"not_picked":["Guardian:DonusPower","Guardian:Gem_Purple"],"picked":"Guardian:WalkerClaw+1","floor":20},{"not_picked":["Guardian:Gem_Green","Guardian:RefractedBeam"],"picked":"Guardian:Incinerate","floor":21},{"not_picked":["Guardian:ShieldCharger","Guardian:Gem_Red"],"picked":"Guardian:Incinerate","floor":23},{"not_picked":["Guardian:Planning","Guardian:Gem_Crimson"],"picked":"Guardian:PrimingBeam+1","floor":25},{"not_picked":["Guardian:Reroute","Guardian:Gem_Cyan"],"picked":"Guardian:PiercingHide","floor":26},{"not_picked":["Guardian:DecasProtection","Guardian:PrismaticBarrier"],"picked":"Guardian:Planning","floor":27},{"not_picked":["Guardian:Planning","Guardian:MultiBeam+1"],"picked":"Guardian:ChargeCore+1","floor":28},{"not_picked":["Guardian:Gem_Red","Guardian:Planning"],"picked":"Guardian:ShieldCharger+1","floor":29},{"not_picked":["Guardian:StasisField","Guardian:TemporalShield+1"],"picked":"Guardian:Gem_Cyan","floor":31},{"not_picked":["Guardian:PrismaticBarrier","Guardian:VentSteam+1"],"picked":"Guardian:EvasiveProtocol","floor":32}],"player_experience":233563,"relics_obtained":[{"floor":7,"key":"Gremlin Food"},{"floor":8,"key":"TungstenRod"},{"floor":24,"key":"Ornamental Fan"},{"floor":26,"key":"The Courier"},{"floor":26,"key":"Replay:Bottled Snecko"},{"floor":31,"key":"Juzu Bracelet"},{"floor":31,"key":"Potion Belt"}],"event_choices":[],"is_beta":false,"boss_relics":[{"not_picked":["Guardian:ModeShifterPlus","Fusion Hammer"],"picked":"Black Star"}],"items_purged_floors":[],"is_endless":false,"potions_floor_spawned":[4,11,14,16,20,21,23,27,29,31,32],"killed_by":"IC_MUSHROOM_ARCHETYPE","ascension_level":0}}