{"host":"fxrgx7wt2cpkbhka","time":1612006179,"event":{"mods":["AchievementEnabler","BaseMod","Colored Powertips","Minty Spire (QoL Compilation)","Permanent Neow","Quick Restart","Slay-I","StSLib","Waifu the Spire"],"gold_per_floor":[113,124,142,67,67,67,67,67,67,67,86,107,107,119,119,119,119],"floor_reached":16,"language":"ENG","playtime":303,"items_purged":["Strike_R"],"score":152,"play_id":"f49bbdb9-f533-4953-bd8e-a4e7f554fa7c","local_time":"20210130032939","is_ascension_mode":true,"campfire_choices":[{"data":"Rampage","floor":6,"key":"SMITH"},{"data":"Demon Form","floor":8,"key":"SMITH"},{"data":"Flex","floor":10,"key":"SMITH"},{"data":"Uppercut","floor":13,"key":"SMITH"},{"floor":15,"key":"REST"}],"circlet_count":0,"master_deck":["AscendersBane","Strike_R","Strike_R","Strike_R","Defend_R","Defend_R","Defend_R","Defend_R","Bash","Demon Form+1","Rampage+1","Flex+1","Uppercut+1","Clash"],"relics":["Burning Blood","CeramicFish"],"acts_visited":["Exordium"],"potions_floor_usage":[12,16,16],"damage_taken":[{"damage":6,"enemies":"Cultist","floor":1,"turns":3},{"damage":16,"enemies":"Small Slimes","floor":2,"turns":4},{"damage":8,"enemies":"Jaw Worm","floor":3,"turns":4},{"damage":11,"enemies":"Blue Slaver","floor":11,"turns":4},{"damage":20,"enemies":"2 Fungi Beasts","floor":12,"turns":3},{"damage":11,"enemies":"Looter","floor":14,"turns":3},{"damage":60,"enemies":"Slime Boss","floor":16,"turns":6}],"seed_played":"618173851910885787","potions_obtained":[{"floor":1,"key":"DistilledChaos"},{"floor":12,"key":"Dexterity Potion"},{"floor":14,"key":"Dexterity Potion"}],"is_trial":false,"path_per_floor":["M","M","M","$","?","R","$","R","T","R","M","M","R","M","R","B"],"character_chosen":"IRONCLAD","items_purchased":[],"campfire_rested":1,"item_purchase_floors":[],"current_hp_per_floor":[72,62,60,60,60,60,60,60,60,60,55,41,41,36,60,0,0],"gold":119,"neow_bonus":"ONE_RANDOM_RARE_CARD","is_daily":false,"chose_seed":false,"campfire_upgraded":4,"win_rate":0.0,"timestamp":1612006179,"path_taken":["M","M","?","$","?","R","$","R","T","R","M","M","R","M","R","BOSS"],"items_purchased_type":[],"build_version":"2020-12-22","purchased_purges":1,"victory":false,"max_hp_per_floor":[80,80,80,80,80,80,80,80,80,80,80,80,80,80,80,80,80],"card_choices":[{"not_picked":["Dual Wield","True Grit"],"picked":"Rampage","floor":1},{"not_picked":["Battle Trance","Body Slam"],"picked":"Flex","floor":2},{"not_picked":["Twin Strike","Thunderclap","Shrug It Off"],"picked":"SKIP","floor":3},{"not_picked":["Warcry","Clothesline"],"picked":"Uppercut","floor":11},{"not_picked":["Clothesline","Dual Wield"],"picked":"Clash","floor":12},{"not_picked":["Clothesline","True Grit","Rampage"],"picked":"SKIP","floor":14}],"player_experience":735169,"relics_obtained":[{"floor":9,"key":"CeramicFish"}],"event_choices":[{"cards_removed":["Strike_R"],"damage_healed":0,"gold_gain":0,"player_choice":"Purged","damage_taken":0,"max_hp_gain":0,"max_hp_loss":0,"event_name":"Purifier","floor":5,"gold_loss":0}],"is_beta":false,"boss_relics":[],"items_purged_floors":[4],"is_endless":false,"potions_floor_spawned":[1,12,14],"killed_by":"Slime Boss","ascension_level":13}}