{"host":"4cz9gr89nglr7k8k","time":1612042922,"event":{"mods":["BaseMod","Minty Spire (QoL Compilation)","Relic Stats","Slay-I"],"gold_per_floor":[113,113,11,11,11,11,28,46,72,159,171,183,210,248,260,346,358,385,397,409,421,450,462,462],"floor_reached":23,"language":"DEU","playtime":560,"items_purged":[],"score":374,"play_id":"d7201c68-68a2-4802-8a58-d00857a96988","local_time":"20210130224202","is_ascension_mode":true,"campfire_choices":[{"data":"Metallicize","floor":6,"key":"SMITH"},{"floor":15,"key":"REST"}],"circlet_count":0,"master_deck":["AscendersBane","Bash","Metallicize+1","Thunderclap","Inflame+1","Impervious","Flex","Bash","Sword Boomerang","Cleave","Parasite","Clash","Flex","Immolate","Reckless Charge","Hemokinesis","Thunderclap","Cleave","Exhume","Bludgeon","Corruption","Havoc","Iron Wave","Flame Barrier"],"relics":["Burning Blood","NeowsBlessing","MawBank","Anchor","Pandora\u0027s Box","MutagenicStrength"],"acts_visited":["Exordium","TheCity"],"potions_floor_usage":[7,16],"damage_taken":[{"damage":0,"enemies":"Jaw Worm","floor":1,"turns":1},{"damage":0,"enemies":"Cultist","floor":7,"turns":1},{"damage":0,"enemies":"Small Slimes","floor":8,"turns":1},{"damage":12,"enemies":"2 Fungi Beasts","floor":13,"turns":4},{"damage":31,"enemies":"3 Sentries","floor":14,"turns":5},{"damage":59,"enemies":"Hexaghost","floor":16,"turns":9},{"damage":26,"enemies":"3 Byrds","floor":18,"turns":5},{"damage":33,"enemies":"Chosen","floor":22,"turns":5},{"damage":77,"enemies":"Gremlin Leader","floor":23,"turns":6}],"seed_played":"8180709213395755659","potions_obtained":[{"floor":1,"key":"DuplicationPotion"},{"floor":7,"key":"Fruit Juice"},{"floor":14,"key":"SpeedPotion"},{"floor":22,"key":"FairyPotion"}],"is_trial":false,"path_per_floor":["M","?","$","?","?","R","M","M","T","?","?","$","M","E","R","B",null,"M","?","?","?","M","E"],"character_chosen":"IRONCLAD","items_purchased":["Thunderclap","Inflame"],"campfire_rested":1,"item_purchase_floors":[3,3],"current_hp_per_floor":[74,74,74,74,74,74,80,80,80,69,80,80,74,49,73,20,65,45,45,61,61,34,0,0],"gold":462,"neow_bonus":"THREE_ENEMY_KILL","is_daily":false,"chose_seed":false,"campfire_upgraded":1,"win_rate":0.0,"timestamp":1612042922,"path_taken":["M","?","?","?","?","R","M","?","T","?","?","$","M","E","R","BOSS","M","?","?","?","M","E"],"items_purchased_type":["Card","Card"],"build_version":"2020-12-22","purchased_purges":0,"victory":false,"max_hp_per_floor":[75,75,75,75,75,75,80,80,80,80,80,80,80,80,80,80,80,80,80,80,80,80,80,80],"relic_stats":{"counters":[9,37],"Pandora\u0027s Box":["Reckless Charge","Hemokinesis","Thunderclap","Cleave","Exhume","Bludgeon","Corruption","Havoc"],"MawBank":168,"obtain_stats":[{"Anchor":14,"NeowsBlessing":0,"MutagenicStrength":21,"Pandora\u0027s Box":17,"MawBank":9,"Burning Blood":0},{"Anchor":5,"NeowsBlessing":0,"MutagenicStrength":7,"Pandora\u0027s Box":6,"MawBank":3,"Burning Blood":0},{"Anchor":12,"NeowsBlessing":0,"MutagenicStrength":26,"Pandora\u0027s Box":21,"MawBank":3,"Burning Blood":0}],"Burning Blood":37},"card_choices":[{"not_picked":["Shrug It Off","Carnage"],"picked":"Metallicize","floor":1},{"not_picked":["Body Slam","Entrench"],"picked":"Sword Boomerang","floor":7},{"not_picked":["Thunderclap","Sword Boomerang"],"picked":"Cleave","floor":8},{"not_picked":["Rampage","Armaments"],"picked":"Clash","floor":13},{"not_picked":["Shrug It Off","Dark Embrace"],"picked":"Flex","floor":14},{"not_picked":["Offering","Bludgeon"],"picked":"Immolate","floor":16},{"not_picked":["Feel No Pain","Wild Strike"],"picked":"Iron Wave","floor":18},{"not_picked":["Intimidate","Blood for Blood"],"picked":"Flame Barrier","floor":22}],"player_experience":1531643,"relics_obtained":[{"floor":9,"key":"MawBank"},{"floor":14,"key":"Anchor"}],"event_choices":[{"cards_removed":["Defend_R"],"damage_healed":0,"gold_gain":0,"player_choice":"Purged","damage_taken":0,"max_hp_gain":0,"max_hp_loss":0,"event_name":"Purifier","floor":2,"gold_loss":0},{"damage_healed":0,"gold_gain":0,"player_choice":"Grow","damage_taken":0,"max_hp_gain":0,"max_hp_loss":0,"event_name":"Living Wall","floor":4,"gold_loss":0,"cards_upgraded":["Inflame"]},{"damage_healed":0,"gold_gain":0,"player_choice":"3 cards matched","damage_taken":0,"max_hp_gain":0,"max_hp_loss":0,"event_name":"Match and Keep!","floor":5,"gold_loss":0,"cards_obtained":["Impervious","Flex","Bash"]},{"damage_healed":0,"gold_gain":75,"player_choice":"Gather Gold","damage_taken":11,"max_hp_gain":0,"max_hp_loss":0,"event_name":"World of Goop","floor":10,"gold_loss":0},{"damage_healed":20,"gold_gain":0,"player_choice":"Healed and dodged fight","damage_taken":0,"max_hp_gain":0,"max_hp_loss":0,"event_name":"Mushrooms","floor":11,"gold_loss":0,"cards_obtained":["Parasite"]},{"damage_healed":0,"gold_gain":0,"player_choice":"Ignored","damage_taken":0,"max_hp_gain":0,"max_hp_loss":0,"event_name":"Vampires","floor":19,"gold_loss":0},{"damage_healed":16,"gold_gain":0,"player_choice":"Heal","damage_taken":0,"max_hp_gain":0,"max_hp_loss":0,"event_name":"The Library","floor":20,"gold_loss":0},{"damage_healed":0,"gold_gain":0,"player_choice":"Inject Mutagens","damage_taken":0,"relics_obtained":["MutagenicStrength"],"max_hp_gain":0,"max_hp_loss":0,"event_name":"Drug Dealer","floor":21,"gold_loss":0}],"is_beta":false,"boss_relics":[{"not_picked":["Ectoplasm","Empty Cage"],"picked":"Pandora\u0027s Box"}],"items_purged_floors":[],"is_endless":false,"potions_floor_spawned":[1,7,14,22],"killed_by":"Gremlin Leader","ascension_level":20}}