{"host":"lybtjr4pvyhi9yni","time":1612041306,"event":{"mods":["BaseMod","Downfall","Minty Spire (QoL Compilation)","Relic Stats","StSLib"],"gold_per_floor":[99,111,26,41,52,52,52,82,82,95,95,128,147,297,317,317,317,317],"floor_reached":16,"language":"ENG","playtime":849,"items_purged":[],"score":137,"play_id":"0b6097dd-91d4-48ce-822d-a319b48f4aa6","local_time":"20210130151506","is_ascension_mode":false,"campfire_choices":[{"floor":1.0,"key":"RECALL"},{"data":"champ:FanOfKnives","floor":9,"key":"SMITH"},{"data":"champ:ShieldWall","floor":11,"key":"SMITH"}],"circlet_count":0,"master_deck":["champ:Strike","champ:Strike","champ:Strike","champ:Strike","champ:Defend","champ:Defend","champ:Defend","champ:Defend","champ:Execute","champ:Taunt+1","champ:BerserkersShout","champ:Backstep","champ:ShieldWall+1","champ:RecklessLeap","champ:HeartStrike","champ:FanOfKnives+1","champ:FlashCut","champ:StanceDance","champ:ArenaPreparation","downfall:Icky","champ:Haymaker"],"relics":["champ:ChampionCrown","Incense Burner","Juzu Bracelet","Mummified Hand"],"acts_visited":["Exordium"],"potions_floor_usage":[],"damage_taken":[{"damage":21.0,"enemies":"Cultist","floor":2.0,"turns":4.0},{"damage":35.0,"enemies":"downfall:FleeingMerchant","floor":3.0,"turns":4.0},{"damage":27.0,"enemies":"Small Slimes","floor":4.0,"turns":4.0},{"damage":9,"enemies":"2 Louse","floor":5,"turns":4},{"damage":69,"enemies":"Gremlin Nob","floor":8,"turns":5},{"damage":3,"enemies":"Exordium Wildlife","floor":10,"turns":5},{"damage":35,"enemies":"Lagavulin","floor":12,"turns":7},{"damage":34,"enemies":"Large Slime","floor":13,"turns":3},{"damage":50,"enemies":"Gremlin Gang","floor":15,"turns":4},{"damage":39,"enemies":"DF_ARCHETYPE_STREAMLINE","floor":16,"turns":3}],"seed_played":"-3855187455197932602","potions_obtained":[{"floor":2.0,"key":"Fruit Juice"},{"floor":4.0,"key":"ColorlessPotion"},{"floor":8,"key":"Block Potion"}],"is_trial":false,"path_per_floor":["R","M","$","M","M","?","T","E","R","M","R","E","M","?","M","B"],"character_chosen":"THE_CHAMP","items_purchased":["champ:ShieldWall"],"campfire_rested":0,"item_purchase_floors":[3],"current_hp_per_floor":[99,98,98,96,92,92,92,53,53,55,55,55,51,51,21,0,0,0],"gold":317,"neow_bonus":"TEN_PERCENT_HP_BONUS","is_daily":false,"chose_seed":false,"campfire_upgraded":2,"win_rate":0.0,"timestamp":1612041306,"path_taken":["R","M","$","?","M","?","T","E","R","M","R","E","M","?","M","BOSS"],"items_purchased_type":["Card"],"build_version":"2020-12-22","purchased_purges":0,"victory":false,"max_hp_per_floor":[99,99,99,99,99,99,99,99,99,99,99,99,99,99,99,99,99,99],"relic_stats":{"counters":[10,43],"Mummified Hand":[2],"Juzu Bracelet":0,"obtain_stats":[{"Mummified Hand":12,"champ:ChampionCrown":0,"Incense Burner":7,"Juzu Bracelet":8},{"Mummified Hand":7,"champ:ChampionCrown":0,"Incense Burner":4,"Juzu Bracelet":5},{"Mummified Hand":33,"champ:ChampionCrown":0,"Incense Burner":16,"Juzu Bracelet":21}]},"card_choices":[{"not_picked":["champ:PreciseThrust","champ:EnGarde"],"picked":"champ:BerserkersShout","floor":2.0},{"not_picked":["champ:Circumvent","champ:Devastate"],"picked":"champ:Backstep","floor":3.0},{"not_picked":["champ:Parry","champ:DefensiveShout"],"picked":"champ:RecklessLeap","floor":4.0},{"not_picked":["champ:GutPunch","champ:EnGarde"],"picked":"champ:HeartStrike","floor":5},{"not_picked":["champ:Lariat","champ:Circumvent"],"picked":"champ:FanOfKnives","floor":8},{"not_picked":["champ:Circumvent","champ:HoldFirm"],"picked":"champ:FlashCut","floor":10},{"not_picked":["champ:DefensiveShout","champ:Endure"],"picked":"champ:StanceDance","floor":12},{"not_picked":["champ:DefensiveShout","champ:FaceSlap"],"picked":"champ:ArenaPreparation","floor":13},{"not_picked":["champ:BladeFlurry","champ:CrownThrow"],"picked":"champ:Haymaker","floor":15}],"player_experience":482633,"relics_obtained":[{"floor":7,"key":"Incense Burner"},{"floor":8,"key":"Juzu Bracelet"},{"floor":12,"key":"Mummified Hand"}],"event_choices":[{"damage_healed":0,"gold_gain":0,"player_choice":"Grow","damage_taken":0,"max_hp_gain":0,"max_hp_loss":0,"event_name":"Living Wall","floor":6,"gold_loss":0,"cards_upgraded":["champ:Taunt"]}],"is_beta":false,"boss_relics":[],"items_purged_floors":[],"is_endless":false,"potions_floor_spawned":[2,4,8,10,15],"killed_by":"DF_ARCHETYPE_STREAMLINE","ascension_level":0}}