{"host":"42xf941fomyavgzy","time":1612011412,"event":{"mods":["Act Like it!","Astrologer","BaseMod","Colored Map","Minty Spire (QoL Compilation)","Shop Mod","StSLib","SuperFastMode","The Cursed"],"gold_per_floor":[114,47,47,62,22,22,48,48,48,60,75,94,114,146,146,244,244,254,273,198,198,214,246,246,274,321,338,338,338,66,79,79,178,178,191,191,140,140,154,154,183,183,183,197,197,44,44,63,63,63,63],"floor_reached":50,"language":"JPN","playtime":2623,"items_purged":["Strike_R"],"score":727,"play_id":"4b722d6c-7edc-4e82-951e-022bdf9a4697","local_time":"20210130215652","is_ascension_mode":true,"campfire_choices":[{"data":"Bash","floor":6,"key":"SMITH"},{"data":"Demon Form","floor":15,"key":"SMITH"},{"data":"Sword Boomerang","floor":24,"key":"SMITH"},{"data":"Feel No Pain","floor":28,"key":"SMITH"},{"data":"True Grit","floor":32,"key":"SMITH"},{"floor":40,"key":"REST"},{"data":"Barricade","floor":42,"key":"SMITH"},{"floor":45,"key":"REST"},{"floor":49,"key":"REST"}],"circlet_count":0,"master_deck":["Bash+1","Inflame","Feel No Pain+1","Anger","Power Through+1","Shrug It Off","Fire Breathing","Reaper","Clothesline","Twin Strike","Demon Form+1","Corruption","Twin Strike","Sword Boomerang+1","Havoc+1","Sever Soul","True Grit+1","Whirlwind","Exhume","Searing Blow","Fiend Fire","Barricade+1","Cleave","Wild Strike","Perfected Strike","Headbutt","Madness","Body Slam","Feel No Pain+1","Pommel Strike+1","Clash+1","Offering","Power Through","Flame Barrier","Shame","Good Instincts"],"relics":["Burning Blood","Ginger","Anchor","Bottled Flame","Unceasing Top","Busted Crown","Bag of Marbles","Bronze Scales","Toy Ornithopter","PreservedInsect","Red Skull","Pandora\u0027s Box","Thread and Needle"],"acts_visited":["Exordium","TheCity","TheBeyond"],"potions_floor_usage":[7,14,25,27,33,33],"damage_taken":[{"damage":6,"enemies":"Cultist","floor":1,"turns":3},{"damage":13,"enemies":"Jaw Worm","floor":4,"turns":4},{"damage":39,"enemies":"Gremlin Nob","floor":7,"turns":5},{"damage":0,"enemies":"2 Louse","floor":10,"turns":3},{"damage":5,"enemies":"Gremlin Gang","floor":11,"turns":5},{"damage":5,"enemies":"3 Louse","floor":12,"turns":4},{"damage":2,"enemies":"Looter","floor":13,"turns":4},{"damage":9,"enemies":"3 Sentries","floor":14,"turns":6},{"damage":43,"enemies":"The Guardian","floor":16,"turns":13},{"damage":10,"enemies":"Chosen","floor":18,"turns":5},{"damage":13,"enemies":"Spheric Guardian","floor":19,"turns":5},{"damage":12,"enemies":"Centurion and Healer","floor":22,"turns":6},{"damage":39,"enemies":"Book of Stabbing","floor":23,"turns":6},{"damage":10,"enemies":"Gremlin Leader","floor":25,"turns":4},{"damage":18,"enemies":"Snake Plant","floor":27,"turns":4},{"damage":11,"enemies":"Snecko","floor":31,"turns":4},{"damage":71,"enemies":"Automaton","floor":33,"turns":8},{"damage":59,"enemies":"3 Darklings","floor":35,"turns":6},{"damage":17,"enemies":"Orb Walker","floor":39,"turns":3},{"damage":13,"enemies":"Nemesis","floor":41,"turns":7},{"damage":41,"enemies":"4 Shapes","floor":44,"turns":3},{"damage":24,"enemies":"Jaw Worm Horde","floor":48,"turns":4},{"damage":60,"enemies":"Time Eater","floor":50,"turns":3}],"seed_played":"5856454986113832631","potions_obtained":[{"floor":1,"key":"DuplicationPotion"},{"floor":13,"key":"Block Potion"},{"floor":16,"key":"Swift Potion"},{"floor":19,"key":"Regen Potion"},{"floor":22,"key":"SteroidPotion"},{"floor":31,"key":"Strength Potion"},{"floor":48,"key":"ColorlessPotion"}],"is_trial":false,"path_per_floor":["M","$","T","M","$","R","E","?","T","M","M","M","M","E","R","B",null,"M","M","$","?","M","E","R","E","T","M","R","?","$","M","R","B",null,"M","?","$","?","M","R","E","R","T","M","R","$","?","M","R","B"],"character_chosen":"IRONCLAD","items_purchased":["Feel No Pain","Power Through","Red Skull","True Grit","Whirlwind","Body Slam","DuplicationPotion","Power Through"],"campfire_rested":3,"item_purchase_floors":[2,5,30,30,30,37,46,46],"current_hp_per_floor":[72,72,72,65,65,65,32,32,32,38,39,52,62,77,77,49,72,76,69,69,69,74,51,51,59,59,67,67,67,67,71,71,37,69,39,39,39,39,38,62,61,61,61,26,50,50,50,32,56,0,0],"gold":63,"neow_bonus":"REMOVE_CARD","is_daily":false,"chose_seed":false,"campfire_upgraded":6,"win_rate":0.0,"timestamp":1612011412,"path_taken":["M","?","?","M","?","R","E","?","T","M","M","M","M","E","R","BOSS","M","?","$","?","M","E","R","E","T","M","R","?","$","M","R","BOSS","M","?","$","?","M","R","E","R","T","?","R","$","?","M","R","BOSS"],"items_purchased_type":["Card","Card","Relic","Card","Card","Card","Potion","Card"],"build_version":"2020-12-22","purchased_purges":1,"victory":false,"max_hp_per_floor":[80,80,80,80,80,80,80,80,80,80,80,80,80,80,80,80,80,80,80,80,80,80,80,80,80,80,80,80,80,80,80,80,80,80,80,80,80,80,80,80,80,80,80,80,80,80,80,80,80,80,80],"card_choices":[{"not_picked":["Armaments","Dark Embrace"],"picked":"Inflame","floor":1},{"not_picked":["Shrug It Off","Cleave"],"picked":"Anger","floor":4},{"not_picked":["Thunderclap","Intimidate"],"picked":"Shrug It Off","floor":7},{"not_picked":["Power Through","Flex"],"picked":"Fire Breathing","floor":10},{"not_picked":["Flex","Seeing Red"],"picked":"Reaper","floor":11},{"not_picked":["Burning Pact","Feel No Pain"],"picked":"Clothesline","floor":12},{"not_picked":["Warcry","Pommel Strike"],"picked":"Twin Strike","floor":13},{"not_picked":["Twin Strike","Clash"],"picked":"Demon Form","floor":14},{"not_picked":["Juggernaut","Bludgeon"],"picked":"Corruption","floor":16},{"not_picked":[],"picked":"Twin Strike","floor":18},{"not_picked":[],"picked":"Sword Boomerang","floor":19},{"not_picked":[],"picked":"Havoc+1","floor":22},{"not_picked":["Rampage"],"picked":"SKIP","floor":23},{"not_picked":["Iron Wave"],"picked":"SKIP","floor":25},{"not_picked":[],"picked":"Sever Soul","floor":27},{"not_picked":["Anger+1"],"picked":"SKIP","floor":31},{"not_picked":[],"picked":"Exhume","floor":33},{"not_picked":["Anger"],"picked":"SKIP","floor":35},{"not_picked":[],"picked":"Madness","floor":36},{"not_picked":[],"picked":"Pommel Strike+1","floor":39},{"not_picked":[],"picked":"Clash+1","floor":41},{"not_picked":[],"picked":"Offering","floor":44},{"not_picked":["Clothesline+1"],"picked":"SKIP","floor":48}],"player_experience":437148,"relics_obtained":[{"floor":3,"key":"Ginger"},{"floor":7,"key":"Anchor"},{"floor":9,"key":"Bottled Flame"},{"floor":14,"key":"Unceasing Top"},{"floor":23,"key":"Bronze Scales"},{"floor":25,"key":"Toy Ornithopter"},{"floor":26,"key":"PreservedInsect"},{"floor":41,"key":"Thread and Needle"}],"event_choices":[{"damage_healed":0,"gold_gain":0,"player_choice":"Upgraded","damage_taken":0,"max_hp_gain":0,"max_hp_loss":0,"event_name":"Upgrade Shrine","floor":8,"gold_loss":0,"cards_upgraded":["Power Through"]},{"damage_healed":0,"gold_gain":0,"player_choice":"Opened","damage_taken":0,"relics_obtained":["Bag of Marbles"],"max_hp_gain":0,"max_hp_loss":0,"event_name":"The Mausoleum","floor":21,"gold_loss":0},{"damage_healed":0,"gold_gain":0,"player_choice":"Ignored","damage_taken":0,"max_hp_gain":0,"max_hp_loss":0,"event_name":"Vampires","floor":29,"gold_loss":0},{"damage_healed":0,"gold_gain":0,"player_choice":"Memory 1","damage_taken":0,"max_hp_gain":0,"max_hp_loss":0,"event_name":"SensoryStone","floor":36,"gold_loss":0},{"damage_healed":0,"gold_gain":0,"player_choice":"Copied","damage_taken":0,"max_hp_gain":0,"max_hp_loss":0,"event_name":"Duplicator","floor":38,"gold_loss":0,"cards_obtained":["Feel No Pain"]},{"damage_healed":0,"gold_gain":0,"player_choice":"3 cards matched","damage_taken":0,"max_hp_gain":0,"max_hp_loss":0,"event_name":"Match and Keep!","floor":47,"gold_loss":0,"cards_obtained":["Flame Barrier","Shame","Good Instincts"]}],"is_beta":false,"boss_relics":[{"not_picked":["Ectoplasm","Empty Cage"],"picked":"Busted Crown"},{"not_picked":["Runic Cube","Calling Bell"],"picked":"Pandora\u0027s Box"}],"items_purged_floors":[20],"is_endless":false,"potions_floor_spawned":[1,13,16,19,22,31,48],"killed_by":"Time Eater","ascension_level":7}}