{"host":"9z9bilz90zy1bfdt","time":1612014461,"event":{"mods":["BaseMod","Minty Spire (QoL Compilation)","StSLib"],"gold_per_floor":[109,119,130,130,49,49,79,99,99,129,229,244,244,319,319,319,319],"floor_reached":16,"language":"KOR","playtime":369,"items_purged":[],"score":165,"play_id":"d2bf376e-ad63-4ef7-95ba-249945dc84c6","local_time":"20210130224741","is_ascension_mode":true,"campfire_choices":[{"data":"Eruption","floor":6,"key":"SMITH"},{"floor":13,"key":"REST"},{"data":"CrushJoints","floor":15,"key":"SMITH"}],"circlet_count":0,"master_deck":["AscendersBane","Strike_P+1","Strike_P","Strike_P","Strike_P","Defend_P+1","Defend_P","Defend_P","Defend_P","Eruption+1","Vigilance","EmptyFist","CrushJoints+1","FearNoEvil","Prostrate+1","FollowUp","Wallop"],"relics":["PureWater","NeowsBlessing","Toxic Egg 2","Frozen Egg 2","StrikeDummy"],"acts_visited":["Exordium"],"potions_floor_usage":[16,16],"damage_taken":[{"damage":0,"enemies":"Jaw Worm","floor":1,"turns":1},{"damage":0,"enemies":"Small Slimes","floor":2,"turns":1},{"damage":0,"enemies":"Cultist","floor":3,"turns":1},{"damage":41,"enemies":"Lagavulin","floor":7,"turns":7},{"damage":4,"enemies":"Blue Slaver","floor":8,"turns":4},{"damage":5,"enemies":"Gremlin Nob","floor":10,"turns":3},{"damage":0,"enemies":"2 Fungi Beasts","floor":12,"turns":2},{"damage":12,"enemies":"The Guardian","floor":16,"turns":9}],"seed_played":"-3915245574901950334","potions_obtained":[{"floor":7,"key":"Fire Potion"},{"floor":10,"key":"Swift Potion"}],"is_trial":false,"path_per_floor":["M","M","M","?","$","R","E","M","T","E","?","M","R","?","R","B"],"character_chosen":"WATCHER","items_purchased":["FearNoEvil"],"campfire_rested":1,"item_purchase_floors":[5],"current_hp_per_floor":[65,65,65,51,51,51,10,6,6,1,1,1,22,11,11,0,0],"gold":319,"neow_bonus":"THREE_ENEMY_KILL","is_daily":false,"chose_seed":false,"campfire_upgraded":2,"win_rate":0.0,"timestamp":1612014461,"path_taken":["M","M","M","?","$","R","E","M","T","E","?","?","R","?","R","BOSS"],"items_purchased_type":["Card"],"build_version":"2020-12-22","purchased_purges":0,"victory":false,"max_hp_per_floor":[72,72,72,72,72,72,72,72,72,72,72,72,72,72,72,72,72],"card_choices":[{"not_picked":["JustLucky","BowlingBash"],"picked":"EmptyFist","floor":1},{"not_picked":["Indignation","Vengeance"],"picked":"CrushJoints","floor":2},{"not_picked":["Sanctity","Swivel","ThirdEye"],"picked":"SKIP","floor":3},{"not_picked":["Collect+1","Alpha+1"],"picked":"Prostrate+1","floor":7},{"not_picked":["WaveOfTheHand+1","Weave"],"picked":"FollowUp","floor":8},{"not_picked":["Conclude","FlurryOfBlows"],"picked":"Wallop","floor":10},{"not_picked":["EmptyFist","WreathOfFlame+1","FlyingSleeves"],"picked":"SKIP","floor":12}],"player_experience":339112,"relics_obtained":[{"floor":7,"key":"Toxic Egg 2"},{"floor":9,"key":"Frozen Egg 2"},{"floor":10,"key":"StrikeDummy"}],"event_choices":[{"damage_healed":0,"gold_gain":0,"player_choice":"Entered Light","damage_taken":14,"max_hp_gain":0,"max_hp_loss":0,"event_name":"Shining Light","floor":4,"gold_loss":0,"cards_upgraded":["Defend_P","Strike_P"]},{"damage_healed":0,"gold_gain":100,"player_choice":"Pray","damage_taken":0,"max_hp_gain":0,"max_hp_loss":0,"event_name":"Golden Shrine","floor":11,"gold_loss":0},{"damage_healed":0,"gold_gain":75,"player_choice":"Gather Gold","damage_taken":11,"max_hp_gain":0,"max_hp_loss":0,"event_name":"World of Goop","floor":14,"gold_loss":0}],"is_beta":false,"boss_relics":[],"items_purged_floors":[],"is_endless":false,"potions_floor_spawned":[7,10],"killed_by":"The Guardian","ascension_level":10}}