{"host":"dn6kke80v5f7isus","time":1612046889,"event":{"mods":["AchievementEnabler","Act Like it!","BaseMod","Colored Powertips","Custom Start","Defuse TimeMaze Blight","Gremlin Skip","Highlight Path","Hubris","Infinite Spire","Marisa????????","Minty Spire (QoL Compilation)","Rare Cards Sparkle","Reliquary","Replay The Spire","StSLib","The Servant 0.9.4","Uncapped","Unceasing Turn Reminder"],"gold_per_floor":[217,142,153,195,268,300,300,328,328,355,57,57,8253,8270,8270,8366,8466,8484,8484,8502,8417,8437,8462,8481,8515,8515,8092,8052,8071,8086,8113,8113,8211,8211,8221,8233,8233,8278,8240,8269,7808,7821,7821,7835,7835,7862,7379,7393,7393,7498,7498,7508,7508,7508,7508,7508,7534,7534,7550,7577,7581,7604,7616,7636,7647,7647,7727,7727,7727,7727],"floor_reached":69,"language":"ENG","playtime":1867,"items_purged":["Strike_MRS","Strike_MRS","Strike_MRS+1","Strike_MRS+1","Defend_MRS+1","Defend_MRS+1"],"score":1055,"play_id":"bbcf8352-d652-4649-a068-b287bd8b76a2","local_time":"20210130174809","is_ascension_mode":true,"campfire_choices":[{"data":"ShootingEcho","floor":7.0,"key":"SMITH"},{"floor":12.0,"key":"REST"},{"data":"J.A.X.","floor":32.0,"key":"SMITH"},{"floor":45.0,"key":"REST"},{"data":"Acceleration","floor":45.0,"key":"SMITH"},{"data":"BlazingStar","floor":49.0,"key":"SMITH"}],"circlet_count":0,"master_deck":["MasterSpark+1","UpSweep+1","EnergyFlow+1","ShootingEcho+1","WitchLeyline+1","ShootingEcho+1","CasketOfStar+1","Parasite","Parasite","WitchLeyline+1","Acceleration+1","WitchLeyline+1","ChargingUp+1","J.A.X.+1","WitchLeyline+1","WitchLeyline","BinaryStars+1","PulseMagic+1","Master of Strategy+1","GasGiant+1","DragonMeteor+1","WitchLeyline+1","MagicChant+1","MagicAbsorber+1","BlazingStar+1","GasGiant+1","CasketOfStar+1","WitchLeyline+1","PropBag+1","Parasite","ChargingUp+1","GasGiant+1","BlazingStar","GalacticHalo+1","Acceleration+1","MilkyWay+1","BinaryStars+1"],"relics":["MiniHakkero","Snack Pack","infinitespire:CheckeredPen","Smiling Mask","Pen Nib","Quantum Egg","ShroomBag","Onion Ring","Guide Book","Centennial Puzzle","Replay:Wanted Poster","Toxic Egg 2","infinitespire:Joker Card","infinitespire:WardingShard","reliquary:HotPoker","Membership Card","hubris:SlimyHat","hubris:GlazedTorus","reliquary:ExpiredCoupon","hubris:ScarierMask","Prayer Wheel","BargainBundle","Darkstone Periapt","Anchor","reliquary:RoseTintedGlasses","infinitespire:Magic Flask","Replay:Lucky Slots","Pondfish Scales","Whetstone","Replay:Bronze Core","hubris:Icosahedron","Replay:Multitool","Blood Vial","hubris:OldNail","Ancient Tea Set","Replay:Drink Me"],"acts_visited":["Exordium","TheCity","TheBeyond","Exordium","TheCity"],"potions_floor_usage":[],"damage_taken":[{"damage":10.0,"enemies":"Jaw Worm","floor":1.0,"turns":4.0},{"damage":1.0,"enemies":"Cultist","floor":3.0,"turns":3.0},{"damage":0.0,"enemies":"Gremlin Nob","floor":6.0,"turns":2.0},{"damage":31.0,"enemies":"Lagavulin","floor":8.0,"turns":4.0},{"damage":22.0,"enemies":"3 Sentries","floor":10.0,"turns":5.0},{"damage":0.0,"enemies":"2 Louse","floor":14.0,"turns":1.0},{"damage":58.0,"enemies":"The Guardian","floor":16.0,"turns":5.0},{"damage":0.0,"enemies":"Shell Parasite","floor":18.0,"turns":1.0},{"damage":2.0,"enemies":"Chosen","floor":20.0,"turns":2.0},{"damage":0.0,"enemies":"Sentry and Sphere","floor":22.0,"turns":1.0},{"damage":1.0,"enemies":"Slavers","floor":23.0,"turns":2.0},{"damage":6.0,"enemies":"3 Cultists","floor":24.0,"turns":3.0},{"damage":4.0,"enemies":"Book of Stabbing","floor":25.0,"turns":2.0},{"damage":3.0,"enemies":"Chosen and Byrds","floor":29.0,"turns":1.0},{"damage":2.0,"enemies":"Snecko","floor":30.0,"turns":2.0},{"damage":3.0,"enemies":"Nightmare","floor":31.0,"turns":1.0},{"damage":27.0,"enemies":"Automaton","floor":33.0,"turns":3.0},{"damage":0.0,"enemies":"3 Shapes","floor":35.0,"turns":1.0},{"damage":3.0,"enemies":"Orb Walker","floor":36.0,"turns":1.0},{"damage":14.0,"enemies":"2 Orb Walkers","floor":38.0,"turns":2.0},{"damage":7.0,"enemies":"R_Hoarder","floor":40.0,"turns":3.0},{"damage":0.0,"enemies":"Jaw Worm Horde","floor":42.0,"turns":1.0},{"damage":1.0,"enemies":"Sphere and 2 Shapes","floor":44.0,"turns":2.0},{"damage":2.0,"enemies":"Giant Head","floor":46.0,"turns":4.0},{"damage":3.0,"enemies":"Maw","floor":48.0,"turns":2.0},{"damage":9.0,"enemies":"Replay:Hell Engine","floor":50.0,"turns":2.0},{"damage":0.0,"enemies":"2 Louse","floor":52.0,"turns":1.0},{"damage":0.0,"enemies":"3 Sentries","floor":57.0,"turns":2.0},{"damage":0.0,"enemies":"Cultist","floor":59.0,"turns":1.0},{"damage":0.0,"enemies":"Jaw Worm","floor":61.0,"turns":2.0},{"damage":3.0,"enemies":"Lagavulin","floor":62.0,"turns":2.0},{"damage":0.0,"enemies":"2 Fungi Beasts","floor":63.0,"turns":1.0},{"damage":20.0,"enemies":"3 Sentries","floor":64.0,"turns":2.0},{"damage":0.0,"enemies":"Exordium Wildlife","floor":65.0,"turns":1.0},{"damage":3.0,"enemies":"Slime Boss","floor":67.0,"turns":3.0},{"damage":0,"enemies":"Shell Parasite","floor":69,"turns":1}],"seed_played":"-4437158449000828084","potions_obtained":[{"floor":4.0,"key":"BottledSpark"},{"floor":6.0,"key":"SteroidPotion"},{"floor":8.0,"key":"Strength Potion"},{"floor":10.0,"key":"Fire Potion"},{"floor":20.0,"key":"Fire Potion"},{"floor":23.0,"key":"SkillPotion"},{"floor":25.0,"key":"DistilledChaos"},{"floor":33.0,"key":"SneckoOil"},{"floor":38.0,"key":"StarNLove"},{"floor":40.0,"key":"Weak Potion"},{"floor":48.0,"key":"infinitespire:BlackPotion"},{"floor":52.0,"key":"Dexterity Potion"},{"floor":56.0,"key":"CultistPotion"}],"is_trial":false,"path_per_floor":["M","$","M","?","T","E","R","E","T","E","$","R","$","M","R","B",null,"M","?","M","?","M","E","M","E","T","$","?","M","M","NM","R","B",null,"M","M","?","?","$","E","$","M","T","M","R","E","?","M","R","B",null,"M","?","?","?","?","E","R","M","T","M","E","M","E","M","R","B",null,"M"],"character_chosen":"MARISA","items_purchased":["Onion Ring","Guide Book","Centennial Puzzle","EntropicBrew","ColorlessPotion","WitchLeyline","Acceleration","Membership Card","hubris:SlimyHat","hubris:GlazedTorus","BargainBundle","Darkstone Periapt","reliquary:RoseTintedGlasses","infinitespire:Magic Flask","Replay:Lucky Slots","Master of Strategy+1"],"campfire_rested":2,"item_purchase_floors":[11,13,13,13,13,13,13,27,27,27,39,39,41,41,41,41],"current_hp_per_floor":[65,65,64,46,46,50,50,23,23,3,3,25,75,75,75,27,75,75,75,75,75,75,75,71,73,73,73,73,75,73,74,74,51,75,75,75,78,64,64,65,65,67,67,70,78,76,76,78,78,76,78,78,78,78,84,84,84,84,84,84,84,81,83,66,72,72,79,63,63,63],"gold":7727,"neow_bonus":"HUNDRED_GOLD","is_daily":false,"chose_seed":false,"campfire_upgraded":4,"win_rate":0.0,"timestamp":1612046889,"path_taken":["M","$","M","?","?","E","R","E","T","E","$","R","?","M","R","BOSS","M","?","M","?","M","E","M","E","T","$","?","M","M","NM","R","BOSS","M","?","?","?","$","E","$","M","T","M","R","E","?","M","R","BOSS","M","?","?","?","?","E","R","M","T","M","E","M","E","M","R","BOSS","M"],"items_purchased_type":["Relic","Relic","Relic","Potion","Potion","Card","Card","Relic","Relic","Relic","Relic","Relic","Relic","Relic","Relic","Card"],"build_version":"2020-12-22","purchased_purges":6,"victory":false,"max_hp_per_floor":[75,75,75,75,75,75,75,75,75,75,75,75,75,75,75,75,75,75,75,75,75,75,75,75,75,75,75,75,75,75,75,75,75,75,75,75,78,78,78,78,78,78,78,78,78,78,78,78,78,78,78,78,78,78,84,84,84,84,84,84,84,84,84,84,84,84,84,63,63,63],"card_choices":[{"not_picked":["AlicesGift","SporeBomb"],"picked":"EnergyFlow","floor":1.0},{"not_picked":["PowerUp","MysteriousBeam"],"picked":"ShootingEcho","floor":3.0},{"not_picked":["6A","BlazeAway"],"picked":"WitchLeyline","floor":4.0},{"not_picked":["DragonMeteor","6A"],"picked":"ShootingEcho","floor":6.0},{"not_picked":["GravityBeat","PulseMagic"],"picked":"CasketOfStar","floor":8.0},{"not_picked":["6A","DarkMatter","SporeBomb"],"picked":"SKIP","floor":10.0},{"not_picked":["FairyDestructionRay","EnergyRecoil"],"picked":"WitchLeyline","floor":14.0},{"not_picked":["Acceleration+1","SuperPerseids"],"picked":"ChargingUp","floor":18.0},{"not_picked":["LuminesStrike","UnstableBomb","DoubleSpark"],"picked":"SKIP","floor":20.0},{"not_picked":["SporeBomb+1","IllusionStar+1","DC"],"picked":"SKIP","floor":22.0},{"not_picked":["StarBarrage","Robbery+1","LuminesStrike"],"picked":"SKIP","floor":23.0},{"not_picked":["FinalSpark","MysteriousBeam+1"],"picked":"WitchLeyline","floor":24.0},{"not_picked":["EarthLightRay+1","EnergyRecoil+1"],"picked":"WitchLeyline","floor":25.0},{"not_picked":["MysteriousBeam","BlazeAway+1","ManaConvection+1"],"picked":"SKIP","floor":29.0},{"not_picked":["AlicesGift","IllusionStar+1","MachineGunSpark"],"picked":"SKIP","floor":30.0},{"not_picked":["SporeBomb+1","MaximisePower+1","MillisecondPulsars"],"picked":"SKIP","floor":31.0},{"not_picked":["BlazingStar","AbsoluteMagnitude"],"picked":"BinaryStars+1","floor":33.0},{"not_picked":["MachineGunSpark+1","NonDirectionalLaser","ShootingEcho+1"],"picked":"SKIP","floor":35.0},{"not_picked":["SporeBomb+1","StarBarrage+1","DoubleSpark"],"picked":"SKIP","floor":36.0},{"not_picked":["IllusionStar+1","DarkMatter+1"],"picked":"SuperPerseids+1","floor":38.0},{"not_picked":["6A+1","SporeBomb+1"],"picked":"PulseMagic+1","floor":40.0},{"not_picked":["NonDirectionalLaser","DoubleSpark"],"picked":"GasGiant+1","floor":42.0},{"not_picked":["DC","NonDirectionalLaser"],"picked":"DragonMeteor+1","floor":42.0},{"not_picked":["DarkSpark","NonDirectionalLaser"],"picked":"WitchLeyline","floor":44.0},{"not_picked":["MeteoricShower+1","Occultation+1"],"picked":"MagicChant+1","floor":44.0},{"not_picked":["AsteroidBelt+1","Acceleration+1"],"picked":"MagicAbsorber+1","floor":46.0},{"not_picked":["LuminesStrike+1","UnstableBomb"],"picked":"BlazingStar","floor":48.0},{"not_picked":["OrrerysSun","MeteoricShower"],"picked":"GasGiant+1","floor":48.0},{"not_picked":["TreasureHunter","JA"],"picked":"CasketOfStar","floor":50.0},{"not_picked":["WitchOfGreed","OneTimeOff+1"],"picked":"WitchLeyline","floor":52.0},{"not_picked":["DoubleSpark","MysteriousBeam"],"picked":"PropBag+1","floor":52.0},{"not_picked":["EnergyFlow","SprinkleStarSeal+1"],"picked":"ChargingUp+1","floor":57.0},{"not_picked":["PowerUp+1","GalacticHalo+1","6A"],"picked":"SKIP","floor":59.0},{"not_picked":["NonDirectionalLaser","AbsoluteMagnitude","IllusionStar+1"],"picked":"SKIP","floor":59.0},{"not_picked":["ChargeUpSpray","DC"],"picked":"GasGiant+1","floor":61.0},{"not_picked":["DarkSpark","NonDirectionalLaser"],"picked":"BlazingStar","floor":61.0},{"not_picked":["DeepEcoloBomb","DC"],"picked":"GalacticHalo+1","floor":62.0},{"not_picked":["MilkyWay+1","UnstableBomb"],"picked":"ShootingEcho","floor":63.0},{"not_picked":["IllusionStar+1","6A","NonDirectionalLaser"],"picked":"SKIP","floor":63.0},{"not_picked":["ShootingEcho","AsteroidBelt+1"],"picked":"Acceleration+1","floor":64.0},{"not_picked":["GravityBeat","GalacticHalo+1"],"picked":"MillisecondPulsars","floor":65.0},{"not_picked":["PowerUp+1","DoubleSpark"],"picked":"MilkyWay+1","floor":65.0},{"not_picked":["BlazingStar","StarDustReverie+1"],"picked":"BinaryStars+1","floor":67.0}],"player_experience":410104,"relics_obtained":[{"floor":4.0,"key":"Snack Pack"},{"floor":5.0,"key":"infinitespire:CheckeredPen"},{"floor":6.0,"key":"Smiling Mask"},{"floor":8.0,"key":"Pen Nib"},{"floor":9.0,"key":"Quantum Egg"},{"floor":10.0,"key":"ShroomBag"},{"floor":23.0,"key":"infinitespire:Joker Card"},{"floor":25.0,"key":"infinitespire:WardingShard"},{"floor":26.0,"key":"reliquary:HotPoker"},{"floor":31.0,"key":"reliquary:ExpiredCoupon"},{"floor":38.0,"key":"Prayer Wheel"},{"floor":40.0,"key":"Anchor"},{"floor":43.0,"key":"Pondfish Scales"},{"floor":46.0,"key":"Whetstone"},{"floor":57.0,"key":"Replay:Multitool"},{"floor":60.0,"key":"Blood Vial"},{"floor":62.0,"key":"hubris:OldNail"},{"floor":64.0,"key":"Ancient Tea Set"}],"event_choices":[{"damage_healed":0.0,"max_hp_gain":0.0,"max_hp_loss":0.0,"gold_gain":0.0,"event_name":"Drug Dealer","player_choice":"Obtain J.A.X.","floor":19.0,"gold_loss":0.0,"damage_taken":0.0,"cards_obtained":["J.A.X."]},{"damage_healed":0.0,"max_hp_gain":0.0,"max_hp_loss":0.0,"gold_gain":0.0,"event_name":"Addict","player_choice":"Obtained Relic","floor":21.0,"gold_loss":85.0,"damage_taken":0.0,"relics_obtained":["Toxic Egg 2"]},{"damage_healed":0.0,"max_hp_gain":0.0,"max_hp_loss":0.0,"gold_gain":0.0,"event_name":"Designer","player_choice":"Upgraded Two","floor":28.0,"gold_loss":40.0,"damage_taken":0.0,"cards_upgraded":["WitchLeyline","ChargingUp"]},{"damage_healed":0.0,"max_hp_gain":0.0,"max_hp_loss":0.0,"gold_gain":0.0,"event_name":"Mysterious Sphere","player_choice":"Fight","floor":38.0,"gold_loss":0.0,"damage_taken":0.0},{"damage_healed":0.0,"max_hp_gain":0.0,"max_hp_loss":0.0,"gold_gain":0.0,"event_name":"Living Wall","player_choice":"Grow","floor":53.0,"gold_loss":0.0,"damage_taken":0.0,"cards_upgraded":["CasketOfStar"]},{"damage_healed":19.0,"max_hp_gain":0.0,"max_hp_loss":0.0,"gold_gain":0.0,"event_name":"Mushrooms_MRS","player_choice":"Healed and dodged fight","floor":55.0,"gold_loss":0.0,"damage_taken":0.0,"cards_obtained":["Parasite"]},{"damage_healed":0.0,"max_hp_gain":0.0,"max_hp_loss":0.0,"gold_gain":0.0,"event_name":"Lab","player_choice":"Got Potions","floor":56.0,"gold_loss":0.0,"damage_taken":0.0}],"is_beta":false,"boss_relics":[{"not_picked":["reliquary:RedPaperclip","infinitespire:Cupcake"],"picked":"Replay:Wanted Poster"},{"not_picked":["Cursed Key","Tiny House"],"picked":"hubris:ScarierMask"},{"not_picked":["Coffee Dripper","Abe\u0027s Treasure"],"picked":"Replay:Bronze Core"},{"not_picked":["Runic Dome","ReplayTheSpireMod:SealedPack"],"picked":"Replay:Drink Me"}],"items_purged_floors":[2,11,13,27,39,41],"is_endless":true,"potions_floor_spawned":[6,8,10,16,20,23,24,25,33,38,40,42,48,52,61,62,63,67],"killed_by":"Shell Parasite","ascension_level":1}}