{"host":"1tl36azeqm6yhdgj","time":1612006716,"event":{"mods":["AchievementEnabler","BaseMod","Minty Spire (QoL Compilation)","StSLib","The IronCluck","everything is the same but u backflip on backflip"],"gold_per_floor":[111,122,47,67,87,115,115,115,115],"floor_reached":8,"language":"ENG","playtime":350,"items_purged":[],"score":116,"play_id":"9dd728a5-a8b8-4b3c-8e93-aa5fa9ac225f","local_time":"20210130063836","is_ascension_mode":true,"campfire_choices":[{"floor":7,"key":"REST"}],"circlet_count":0,"master_deck":["AscendersBane","Strike_R","Strike_R","Strike_R","Defend_R","Defend_R","Defend_R","Bash","Sentinel","Flame Barrier","Cleave","Thunderclap","Heavy Blade","Pummel","Impervious"],"relics":["Burning Blood","HornCleat"],"acts_visited":["Exordium"],"potions_floor_usage":[5,5,8],"damage_taken":[{"damage":7,"enemies":"Jaw Worm","floor":1,"turns":6},{"damage":2,"enemies":"Small Slimes","floor":2,"turns":4},{"damage":1,"enemies":"Cultist","floor":4,"turns":4},{"damage":15,"enemies":"Large Slime","floor":5,"turns":10},{"damage":52,"enemies":"Gremlin Nob","floor":6,"turns":5},{"damage":39,"enemies":"Lagavulin","floor":8,"turns":8}],"seed_played":"4591241117476513860","potions_obtained":[{"floor":2,"key":"EntropicBrew"}],"is_trial":false,"path_per_floor":["M","M","?","M","M","E","R","E"],"character_chosen":"IRONCLAD","items_purchased":[],"campfire_rested":1,"item_purchase_floors":[],"current_hp_per_floor":[67,68,68,68,59,13,33,0,0],"gold":115,"neow_bonus":"TRANSFORM_TWO_CARDS","is_daily":false,"chose_seed":false,"campfire_upgraded":0,"win_rate":0.0,"timestamp":1612006716,"path_taken":["M","M","?","M","M","E","R","E"],"items_purchased_type":[],"build_version":"2020-12-22","purchased_purges":0,"victory":false,"max_hp_per_floor":[68,68,68,68,68,68,68,68,68],"card_choices":[{"not_picked":["Warcry","Headbutt"],"picked":"Cleave","floor":1},{"not_picked":["Heavy Blade","Sword Boomerang"],"picked":"Thunderclap","floor":2},{"not_picked":["Clash","Cleave"],"picked":"Heavy Blade","floor":4},{"not_picked":["Second Wind","Havoc"],"picked":"Pummel","floor":5},{"not_picked":["Havoc","Thunderclap"],"picked":"Impervious","floor":6}],"player_experience":2110349,"relics_obtained":[{"floor":6,"key":"HornCleat"}],"event_choices":[{"cards_removed":["Defend_R"],"damage_healed":0,"gold_gain":0,"player_choice":"Card Removal","damage_taken":0,"max_hp_gain":0,"max_hp_loss":0,"event_name":"The Cleric","floor":3,"gold_loss":75}],"is_beta":false,"boss_relics":[],"items_purged_floors":[],"is_endless":false,"potions_floor_spawned":[2],"killed_by":"Lagavulin","ascension_level":20}}