{"host":"bxdue9bkfm2khp2x","time":1612022431,"event":{"mods":["ATMod(阿瑾Mod)","Arknights The Spire","Aspiration","BaseMod","Better Vampires","Challenge The Spire","Colored Map","Colored Powertips","Conspire","Decade(王小明)","Dota2Spire","Highlight Path","Minty Spire (QoL Compilation)","MostiFishMod","Remilia（蕾米莉亚）","Replay The Spire","RumiaBox-露米娅的神秘盒子","Ryuuou龙王","Spicy Shops","StSLib","Td1madao Mod","The Alterego","The Bug Knight","The Cursed","The Servant 0.9.4","WarShipGirlsR/战舰少女R mod","noobMod","【功能Mod】混沌之环修复补丁","【遗物卡牌】REMEMod","篝火指南"],"gold_per_floor":[111,111,111,129,149,149,179,179,179,32,32,52,52,66,66,140,140,160,75,75,90,27,27,54,69,69,98,98,113,113,73,73,145,145,164,211,221,240,240,240,260,260,260,296,221,234,248,280,35,35],"floor_reached":51,"language":"ZHS","playtime":2822,"items_purged":["Strike_R","Injury","Defend_R","Strike_R","Defend_R"],"score":2191,"play_id":"b1e4f834-189c-4087-af61-4cf719659c5d","local_time":"20210131000031","is_ascension_mode":true,"campfire_choices":[{"data":"AT_ShrugMaster","floor":6.0,"key":"SMITH"},{"data":"Footwork","floor":8.0,"key":"SMITH"},{"data":"Spot Weakness","floor":13.0,"key":"SMITH"},{"data":"REME_ACTH","floor":15.0,"key":"SMITH"},{"data":"Heavy Blade","floor":23.0,"key":"SMITH"},{"data":"MostiFishMod:UltimateDefense","floor":28.0,"key":"SMITH"},{"data":"Bash","floor":30.0,"key":"SMITH"},{"data":"MostiFishMod:UltimateDefense+1","floor":32.0,"key":"SMITH"},{"data":"MostiFishMod:RacingGame","floor":40,"key":"SMITH"},{"data":"MostiFishMod:UltimateDefense+2","floor":42,"key":"SMITH"}],"circlet_count":0,"master_deck":["AscendersBane","Strike_R+1","Strike_R+1","Defend_R","Defend_R","Bash+1","Footwork+1","AT_ShrugMaster+1","Spot Weakness+1","Inflame+1","REME_ACTH+1","MostiFishMod:UltimateDefense+3","Heavy Blade+1","Barricade+1","MostiFishMod:RacingGame+1","ReplayTheSpireMod:Limb From Limb+1","AT_ShrugMaster+1"],"relics":["Burning Blood","DaveBox","REME_ComplimentaryCards","ice","AT_ATBox","Membership Card","NeowsBlessing","SynthV:TestCard","Frozen Egg 2","Boot","Gambling Chip","Replay:Baseball","Dota2Spire:Bloodstone","AT_SunfireAegis","aspiration:FetidBarrel","Whetstone","JellyFishMachine","HollowDreamFlower","AT_ImmortalShieldbow","Darkstone Periapt","ReplayTheSpireMod:Ninjato","Ginger"],"acts_visited":["Exordium","TheCity","TheBeyond"],"potions_floor_usage":[48],"damage_taken":[{"damage":0.0,"enemies":"Small Slimes","floor":1.0,"turns":1.0},{"damage":0.0,"enemies":"Cultist","floor":4.0,"turns":1.0},{"damage":0.0,"enemies":"2 Louse","floor":5.0,"turns":1.0},{"damage":24.0,"enemies":"Replay:BlueRogue","floor":7.0,"turns":10.0},{"damage":10.0,"enemies":"Lots of Slimes","floor":12.0,"turns":7.0},{"damage":5.0,"enemies":"Exordium Thugs","floor":14.0,"turns":9.0},{"damage":16.0,"enemies":"The Guardian","floor":16.0,"turns":10.0},{"damage":5.0,"enemies":"2 Thieves","floor":18.0,"turns":4.0},{"damage":0.0,"enemies":"3 Byrds","floor":21.0,"turns":4.0},{"damage":14.0,"enemies":"Slavers","floor":24.0,"turns":4.0},{"damage":0.0,"enemies":"Snake Plant","floor":25.0,"turns":3.0},{"damage":0.0,"enemies":"Book of Stabbing","floor":27.0,"turns":3.0},{"damage":0.0,"enemies":"Centurion and Healer","floor":29.0,"turns":3.0},{"damage":2.0,"enemies":"Pondfish","floor":33.0,"turns":5.0},{"damage":0.0,"enemies":"3 Shapes","floor":35.0,"turns":4.0},{"damage":0.0,"enemies":"Orb Walker","floor":36.0,"turns":2.0},{"damage":2.0,"enemies":"Spire Growth","floor":37.0,"turns":4.0},{"damage":3,"enemies":"Writhing Mass","floor":38,"turns":4},{"damage":0,"enemies":"conspire:MimicChest","floor":44,"turns":4},{"damage":0,"enemies":"3 Darklings","floor":46,"turns":2},{"damage":0,"enemies":"Spire Growth","floor":47,"turns":3},{"damage":0,"enemies":"Nemesis","floor":48,"turns":3},{"damage":0,"enemies":"Donu and Deca","floor":50,"turns":3}],"seed_played":"1897550753731500374","potions_obtained":[{"floor":1.0,"key":"Weak Potion"},{"floor":7.0,"key":"EssenceOfSteel"},{"floor":14.0,"key":"Dexterity Potion"},{"floor":24.0,"key":"BloodPotion"},{"floor":25.0,"key":"SkillPotion"},{"floor":33.0,"key":"REME_GoldPotion"},{"floor":37.0,"key":"Languid Potion"}],"is_trial":false,"path_per_floor":["M","?","?","M","M","R","E","R","T","$","?","M","R","M","R","B",null,"M","?","?","M","$","R","E","M","T","E","R","M","R","$","R","B",null,"M","M","M","M","?","R","?","R","T","?","$","M","M","E","R","B",null],"character_chosen":"IRONCLAD","items_purchased":["Inflame+1","Barricade+1","Ginger"],"campfire_rested":0,"item_purchase_floors":[10,31,49],"current_hp_per_floor":[74,74,74,75,75,75,57,57,57,57,57,53,53,54,54,44,67,68,68,47,53,53,53,45,51,51,57,57,63,63,63,63,67,77,80,80,80,80,80,80,54,54,54,64,64,74,80,80,80,80],"gold":35,"neow_bonus":"THREE_ENEMY_KILL","is_daily":false,"chose_seed":false,"campfire_upgraded":10,"win_rate":0.0,"timestamp":1612022431,"path_taken":["M","?","?","M","?","R","E","R","T","$","?","M","R","?","R","BOSS","M","?","?","M","?","R","E","M","T","E","R","M","R","$","R","BOSS","M","?","M","M","?","R","?","R","T","?","?","M","M","E","R","BOSS"],"items_purchased_type":["Card","Card","Relic"],"build_version":"2020-12-22","purchased_purges":5,"victory":true,"max_hp_per_floor":[75,75,75,75,75,75,75,75,75,75,75,75,75,75,75,75,75,75,75,80,80,80,80,80,80,80,80,80,80,80,80,80,80,80,80,80,80,80,80,80,80,80,80,80,80,80,80,80,80,80],"card_choices":[{"not_picked":["Sword Boomerang","Cleave"],"picked":"AT_ShrugMaster","floor":1.0},{"not_picked":["Warcry","Armaments","Thunderclap","Shrug It Off","Evolve+1"],"picked":"SKIP","floor":4.0},{"not_picked":["Havoc","Wild Strike","Run Through","Hemokinesis"],"picked":"Spot Weakness","floor":5.0},{"not_picked":["MostiFishMod:ChineseTea","AT_IchimonjiDouble","Intimidate","Exhume","ReplayTheSpireMod:Corrosion Curse"],"picked":"SKIP","floor":7.0},{"not_picked":["Armaments","Twin Strike","Massacre","Body Slam","Anger"],"picked":"SKIP","floor":12.0},{"not_picked":["Iron Wave","Warcry","Pommel Strike","AT_IchimonjiDouble"],"picked":"REME_ACTH","floor":14.0},{"not_picked":["Exhume","MostiFishMod:404NotFound","Bludgeon","REME_TheLastStrike"],"picked":"MostiFishMod:UltimateDefense","floor":16.0},{"not_picked":["Wild Strike","Bloodletting","ReplayTheSpireMod:Corrosion Curse+1","Havoc"],"picked":"Heavy Blade","floor":18.0},{"not_picked":["Anger","Havoc","Iron Wave","Rage","ReplayTheSpireMod:Strike From Hell"],"picked":"SKIP","floor":21.0},{"not_picked":["ReplayTheSpireMod:Strike From Hell","AT_BodySlamDance","Havoc","AT_ManFootWork","Spot Weakness"],"picked":"SKIP","floor":24.0},{"not_picked":["Feel No Pain+1","Shrug It Off","Wild Strike","Battle Trance","Perfected Strike"],"picked":"SKIP","floor":25.0},{"not_picked":["Demon Form+1","Fire Breathing+1","Armaments","Havoc","Blood for Blood"],"picked":"SKIP","floor":27.0},{"not_picked":["Sword Boomerang","Pommel Strike","AT_CaressingTears","Shrug It Off","ReplayTheSpireMod:Strike From Hell"],"picked":"SKIP","floor":29.0},{"not_picked":["REME_Fury","Demonic Infusion","Fiend Fire","Reaper"],"picked":"MostiFishMod:RacingGame","floor":33.0},{"not_picked":["AT_BodySlamDance","Clothesline","Sword Boomerang","Sentinel"],"picked":"ReplayTheSpireMod:Limb From Limb+1","floor":35.0},{"not_picked":["Hemokinesis+1","Armaments","Twin Strike","Dark Embrace+1","Sword Boomerang+1"],"picked":"SKIP","floor":36.0},{"not_picked":["Heavy Blade","Headbutt+1","Shrug It Off","True Grit+1","Clothesline+1"],"picked":"SKIP","floor":37.0},{"not_picked":["Shrug It Off","Second Wind","conspire:Charge","Run Through"],"picked":"AT_ShrugMaster+1","floor":38},{"not_picked":["Pommel Strike","Warcry","Armaments+1","ReplayTheSpireMod:Strike From Hell","Shrug It Off"],"picked":"SKIP","floor":46},{"not_picked":["Berserk+1","Heavy Blade","True Grit+1","AT_CaressingTears","Headbutt"],"picked":"SKIP","floor":47},{"not_picked":["Wild Strike","Clothesline","Warcry","Offering","AT_BodySlamDance"],"picked":"SKIP","floor":48}],"player_experience":1368469,"relics_obtained":[{"floor":1.0,"key":"SynthV:TestCard"},{"floor":7.0,"key":"Boot"},{"floor":9.0,"key":"Gambling Chip"},{"floor":24.0,"key":"aspiration:FetidBarrel"},{"floor":27.0,"key":"Whetstone"},{"floor":41,"key":"HollowDreamFlower"},{"floor":43,"key":"AT_ImmortalShieldbow"},{"floor":44,"key":"Darkstone Periapt"},{"floor":48,"key":"ReplayTheSpireMod:Ninjato"}],"event_choices":[{"cards_removed":["Strike_R"],"damage_healed":0.0,"max_hp_gain":0.0,"max_hp_loss":0.0,"gold_gain":0.0,"event_name":"Purifier","player_choice":"Purged","floor":3.0,"gold_loss":0.0,"damage_taken":0.0},{"damage_healed":0.0,"max_hp_gain":0.0,"max_hp_loss":0.0,"gold_gain":0.0,"event_name":"WeMeetAgain","player_choice":"Gave Potion","floor":11.0,"gold_loss":0.0,"damage_taken":0.0,"relics_obtained":["Replay:Baseball"]},{"damage_healed":0.0,"max_hp_gain":0.0,"max_hp_loss":0.0,"gold_gain":0.0,"event_name":"Addict","player_choice":"Obtained Relic","floor":19.0,"gold_loss":85.0,"damage_taken":0.0,"relics_obtained":["AT_SunfireAegis"]},{"damage_healed":0.0,"max_hp_gain":5.0,"max_hp_loss":0.0,"gold_gain":0.0,"event_name":"Forgotten Altar","player_choice":"Shed Blood","floor":20.0,"gold_loss":0.0,"damage_taken":26.0},{"damage_healed":0,"gold_gain":0,"player_choice":"Memory 1","damage_taken":0,"max_hp_gain":0,"max_hp_loss":0,"event_name":"SensoryStone","floor":39,"gold_loss":0}],"is_beta":false,"boss_relics":[{"not_picked":["conspire:RunicOctahedron","RhineCircuit"],"picked":"Dota2Spire:Bloodstone"},{"not_picked":["Ring of Chaos","Transparent"],"picked":"JellyFishMachine"}],"items_purged_floors":[10,10,22,45,49],"is_endless":false,"potions_floor_spawned":[1,7,14,24,25,33,37,38,44],"ascension_level":18}}