{"host":"2pffx5rqbod9ds0c","time":1612043239,"event":{"mods":["BaseMod","Better Altar","Better Match","Better Note","Better Sensory Stone","Better Skull","Better Third Choice","Custom Start","Hubris","Minty Spire (QoL Compilation)","Quick Restart","Relic Stats","Robot Space Explorer","Spicy Shops","StSLib"],"gold_per_floor":[109,109,109,123,142,173,133,133,133,148,73,73,73],"floor_reached":12,"language":"ENG","playtime":362,"items_purged":["Strike_R"],"score":156,"play_id":"5b3a2f4f-432c-45c3-8360-667dc860f44a","local_time":"20210130134719","is_ascension_mode":true,"campfire_choices":[{"data":"Uppercut","floor":8,"key":"SMITH"}],"circlet_count":0,"master_deck":["AscendersBane","Strike_R","Strike_R","Strike_R","Defend_R","Defend_R","Defend_R","Defend_R","Bash","Feel No Pain","True Grit+1","Havoc","Uppercut+1"],"relics":["Burning Blood","hubris:Towel","Pen Nib","hubris:BottledRain"],"acts_visited":["Exordium"],"potions_floor_usage":[6],"damage_taken":[{"damage":13,"enemies":"Small Slimes","floor":1,"turns":4},{"damage":11,"enemies":"Cultist","floor":4,"turns":5},{"damage":7,"enemies":"2 Louse","floor":5,"turns":4},{"damage":64,"enemies":"Gremlin Nob","floor":6,"turns":6},{"damage":1,"enemies":"Looter","floor":7,"turns":4},{"damage":8,"enemies":"Blue Slaver","floor":10,"turns":4},{"damage":15,"enemies":"3 Sentries","floor":12,"turns":5}],"seed_played":"-3702241065938968544","potions_obtained":[{"floor":1,"key":"BloodPotion"},{"floor":6,"key":"GamblersBrew"}],"is_trial":false,"path_per_floor":["M","?","?","M","M","E","M","R","T","M","$","E"],"character_chosen":"IRONCLAD","items_purchased":[],"campfire_rested":0,"item_purchase_floors":[],"current_hp_per_floor":[61,61,61,56,55,12,17,17,17,15,15,0,0],"gold":73,"neow_bonus":"TRANSFORM_CARD","is_daily":false,"chose_seed":false,"campfire_upgraded":1,"win_rate":0.0,"timestamp":1612043239,"path_taken":["M","?","?","M","M","E","?","R","T","M","$","E"],"items_purchased_type":[],"build_version":"2020-12-22","purchased_purges":1,"victory":false,"max_hp_per_floor":[75,75,75,75,75,75,75,75,75,75,75,75,75],"relic_stats":{"counters":[7,32],"Pen Nib":[1],"obtain_stats":[{"Pen Nib":6,"hubris:Towel":2,"Burning Blood":0,"hubris:BottledRain":9},{"Pen Nib":4,"hubris:Towel":1,"Burning Blood":0,"hubris:BottledRain":5},{"Pen Nib":19,"hubris:Towel":4,"Burning Blood":0,"hubris:BottledRain":23}],"Burning Blood":36},"card_choices":[{"not_picked":["Flame Barrier","Shrug It Off"],"picked":"True Grit","floor":1},{"not_picked":["Headbutt","Bloodletting"],"picked":"Havoc","floor":4},{"not_picked":["Pommel Strike","Iron Wave"],"picked":"Uppercut","floor":5},{"not_picked":["Reckless Charge","Blood for Blood","Havoc"],"picked":"SKIP","floor":6},{"not_picked":["Wild Strike","Anger","Sword Boomerang"],"picked":"SKIP","floor":7},{"not_picked":["Pummel","Twin Strike","Rage"],"picked":"SKIP","floor":10}],"player_experience":800833,"relics_obtained":[{"floor":6,"key":"Pen Nib"},{"floor":9,"key":"hubris:BottledRain"}],"event_choices":[{"damage_healed":0,"gold_gain":0,"player_choice":"Upgraded","damage_taken":0,"max_hp_gain":0,"max_hp_loss":0,"event_name":"Upgrade Shrine","floor":3,"gold_loss":0,"cards_upgraded":["True Grit"]}],"is_beta":false,"boss_relics":[],"items_purged_floors":[11],"is_endless":false,"potions_floor_spawned":[1,6],"killed_by":"3 Sentries","ascension_level":20}}