{"host":"rv8qrr1d2i1l2m12","time":1612037271,"event":{"mods":["BaseMod","Colored Map","Minty Spire (QoL Compilation)","StSLib"],"gold_per_floor":[115,130,95,115,39,39,53,53,53,53,88,88,99,116,116,220,220,232,246,246,246,161,161,178,178,204,216,216,216,26,42,42,42,42],"floor_reached":33,"language":"ENG","playtime":1796,"items_purged":[],"score":358,"play_id":"d7cf17ff-1ff0-4c87-b83b-8c4ef6ff6b4f","local_time":"20210130150751","is_ascension_mode":true,"campfire_choices":[{"data":"Sunder","floor":6.0,"key":"SMITH"},{"data":"Self Repair","floor":8.0,"key":"SMITH"},{"data":"Capacitor","floor":10.0,"key":"SMITH"},{"data":"Self Repair","floor":12.0,"key":"SMITH"},{"data":"Creative AI","floor":15.0,"key":"SMITH"},{"floor":23,"key":"REST"},{"data":"White Noise","floor":25,"key":"SMITH"},{"floor":29,"key":"REST"},{"floor":32,"key":"REST"}],"circlet_count":0,"master_deck":["Strike_B","Strike_B","Strike_B","Strike_B","Defend_B","Defend_B","Defend_B","Defend_B","Zap","Dualcast","Meteor Strike","Sunder+1","Auto Shields","Self Repair+1","Self Repair+1","Capacitor+1","Conserve Battery","Creative AI+1","Capacitor","Streamline+1","Ball Lightning","White Noise+1","Streamline","Static Discharge","Core Surge","Beam Cell","Hello World","Beam Cell","Ball Lightning","FTL"],"relics":["Cracked Core","Gremlin Horn","Oddly Smooth Stone","Sozu","MutagenicStrength","Centennial Puzzle","Bronze Scales","Orrery"],"acts_visited":["Exordium","TheCity"],"potions_floor_usage":[],"damage_taken":[{"damage":9.0,"enemies":"2 Louse","floor":1.0,"turns":3.0},{"damage":4.0,"enemies":"Small Slimes","floor":2.0,"turns":3.0},{"damage":12.0,"enemies":"Jaw Worm","floor":4.0,"turns":2.0},{"damage":12.0,"enemies":"3 Louse","floor":7.0,"turns":3.0},{"damage":18.0,"enemies":"Gremlin Nob","floor":11.0,"turns":4.0},{"damage":14.0,"enemies":"Looter","floor":13.0,"turns":4.0},{"damage":22.0,"enemies":"Red Slaver","floor":14.0,"turns":5.0},{"damage":62.0,"enemies":"Hexaghost","floor":16.0,"turns":14.0},{"damage":18,"enemies":"Chosen","floor":18,"turns":6},{"damage":40,"enemies":"Shell Parasite","floor":19,"turns":8},{"damage":32,"enemies":"Snecko","floor":24,"turns":5},{"damage":28,"enemies":"Snake Plant","floor":27,"turns":4},{"damage":29,"enemies":"Centurion and Healer","floor":31,"turns":5},{"damage":73,"enemies":"Automaton","floor":33,"turns":6}],"seed_played":"-2808281421397063535","potions_obtained":[{"floor":4.0,"key":"LiquidMemories"},{"floor":7.0,"key":"SpeedPotion"}],"is_trial":false,"path_per_floor":["M","M","?","M","$","R","M","R","T","R","E","R","M","M","R","B",null,"M","M","?","?","?","R","M","R","T","M","?","R","$","M","R","B"],"character_chosen":"DEFECT","items_purchased":["Self Repair","Static Discharge","Orrery"],"campfire_rested":3,"item_purchase_floors":[5,30,30],"current_hp_per_floor":[59,55,73,61,61,61,63,63,63,63,62,62,68,66,66,24,62,64,44,44,44,44,66,44,44,44,36,36,58,58,39,61,0,0],"gold":42,"neow_bonus":"ONE_RANDOM_RARE_CARD","is_daily":false,"chose_seed":false,"campfire_upgraded":6,"win_rate":0.0,"timestamp":1612037271,"path_taken":["M","M","?","M","$","R","M","R","T","R","E","R","M","M","R","BOSS","M","M","?","?","?","R","M","R","T","M","?","R","$","M","R","BOSS"],"items_purchased_type":["Card","Card","Relic"],"build_version":"2020-12-22","purchased_purges":0,"victory":false,"max_hp_per_floor":[75,75,75,75,75,75,75,75,75,75,75,75,75,75,75,75,75,75,75,75,75,75,75,75,75,75,75,75,75,75,75,75,75,75],"card_choices":[{"not_picked":["Beam Cell","Compile Driver"],"picked":"Sunder","floor":1.0},{"not_picked":["Steam Power","Blizzard"],"picked":"Auto Shields","floor":2.0},{"not_picked":["Leap","Turbo"],"picked":"Self Repair","floor":4.0},{"not_picked":["Tempest","Lockon"],"picked":"Capacitor","floor":7.0},{"not_picked":["Stack","Go for the Eyes"],"picked":"Conserve Battery","floor":11.0},{"not_picked":["Force Field","Chaos"],"picked":"Creative AI","floor":13.0},{"not_picked":["Gash","Go for the Eyes"],"picked":"Capacitor","floor":14.0},{"not_picked":["Reinforced Body+1","Turbo"],"picked":"Streamline+1","floor":18},{"not_picked":["Barrage","Force Field"],"picked":"Ball Lightning","floor":19},{"not_picked":["Gash","Blizzard"],"picked":"White Noise","floor":24},{"not_picked":["Chaos","Scrape+1"],"picked":"Streamline","floor":27},{"not_picked":["Sweeping Beam","Conserve Battery"],"picked":"Core Surge","floor":30},{"not_picked":["Leap+1","Hologram+1"],"picked":"Beam Cell","floor":30},{"not_picked":["Compile Driver","Reinforced Body"],"picked":"Hello World","floor":30},{"not_picked":["Coolheaded+1","Barrage"],"picked":"Beam Cell","floor":30},{"not_picked":["Streamline","Glacier"],"picked":"Ball Lightning","floor":30},{"not_picked":["Barrage","Compile Driver"],"picked":"FTL","floor":31}],"player_experience":576382,"relics_obtained":[{"floor":9.0,"key":"Gremlin Horn"},{"floor":11.0,"key":"Oddly Smooth Stone"},{"floor":26,"key":"Bronze Scales"}],"event_choices":[{"damage_healed":18.0,"max_hp_gain":0.0,"max_hp_loss":0.0,"gold_gain":0.0,"event_name":"The Cleric","player_choice":"Healed","floor":3.0,"gold_loss":35.0,"damage_taken":0.0},{"damage_healed":0,"gold_gain":0,"player_choice":"Inject Mutagens","damage_taken":0,"relics_obtained":["MutagenicStrength"],"max_hp_gain":0,"max_hp_loss":0,"event_name":"Drug Dealer","floor":20,"gold_loss":0},{"damage_healed":0,"gold_gain":0,"player_choice":"Smashed Altar","damage_taken":0,"max_hp_gain":0,"max_hp_loss":0,"event_name":"Forgotten Altar","floor":21,"gold_loss":0,"cards_obtained":["Decay"]},{"damage_healed":0,"gold_gain":0,"player_choice":"Obtained Relic","damage_taken":0,"relics_obtained":["Centennial Puzzle"],"max_hp_gain":0,"max_hp_loss":0,"event_name":"Addict","floor":22,"gold_loss":85},{"cards_removed":["Decay"],"damage_healed":0,"gold_gain":0,"player_choice":"Purged","damage_taken":0,"max_hp_gain":0,"max_hp_loss":0,"event_name":"Purifier","floor":28,"gold_loss":0}],"is_beta":false,"boss_relics":[{"not_picked":["Snecko Eye","Runic Dome"],"picked":"Sozu"}],"items_purged_floors":[],"is_endless":false,"potions_floor_spawned":[4,7,18],"killed_by":"Automaton","ascension_level":9}}