{"host":"yx5rao87132cy5xq","time":1612042063,"event":{"mods":["2.2 Compatiblity","AchievementEnabler","BaseMod","Bestiary","Colored Map","Colored Powertips","Minty Spire (QoL Compilation)","Quick Restart","Relic Stats","Slay-I","SuperFastMode"],"gold_per_floor":[113,188,188,199,217,217,229,255,255,271,303,3,16,50,50,123,123,63,63,63,63,63,63,63,63,63,63,63,63,13,13,13,13,13],"floor_reached":33,"language":"ENG","playtime":3098,"items_purged":["Strike_R"],"score":651,"play_id":"2f85e869-20b1-4965-926f-d1a6512f0fe8","local_time":"20210130222743","is_ascension_mode":true,"campfire_choices":[{"data":"Bash","floor":6.0,"key":"SMITH"},{"floor":15.0,"key":"REST"},{"data":"1","floor":32.0,"key":"LIFT"}],"circlet_count":0,"master_deck":["AscendersBane","Strike_R","Strike_R","Strike_R","Strike_R","Defend_R","Defend_R","Defend_R","Defend_R","Bash+1","Wild Strike","Flame Barrier","Iron Wave","Bloodletting","Twin Strike","Infernal Blade","Second Wind","Armaments","Juggernaut","True Grit","Spot Weakness","Immolate","Havoc","Writhe","Feel No Pain","Necronomicurse","Power Through","Warcry","Shrug It Off"],"relics":["Burning Blood","Art of War","Vajra","Singing Bowl","Dead Branch","Girya","Ectoplasm","Smiling Mask","Necronomicon","Boot","CaptainsWheel","Self Forming Clay","Bag of Preparation","Orichalcum"],"acts_visited":["Exordium","TheCity"],"potions_floor_usage":[33],"damage_taken":[{"damage":17.0,"enemies":"Jaw Worm","floor":1.0,"turns":5.0},{"damage":0.0,"enemies":"Cultist","floor":4.0,"turns":3.0},{"damage":3.0,"enemies":"2 Louse","floor":5.0,"turns":4.0},{"damage":7.0,"enemies":"2 Fungi Beasts","floor":7.0,"turns":4.0},{"damage":13.0,"enemies":"Gremlin Nob","floor":8.0,"turns":3.0},{"damage":15.0,"enemies":"Lots of Slimes","floor":10.0,"turns":4.0},{"damage":20.0,"enemies":"3 Sentries","floor":11.0,"turns":7.0},{"damage":17.0,"enemies":"3 Louse","floor":13.0,"turns":5.0},{"damage":2.0,"enemies":"Gremlin Nob","floor":14.0,"turns":3.0},{"damage":37.0,"enemies":"Slime Boss","floor":16.0,"turns":6.0},{"damage":16.0,"enemies":"2 Thieves","floor":18.0,"turns":4.0},{"damage":16.0,"enemies":"Spheric Guardian","floor":20.0,"turns":3.0},{"damage":23.0,"enemies":"Gremlin Leader","floor":23.0,"turns":7.0},{"damage":9.0,"enemies":"Snecko","floor":24.0,"turns":5.0},{"damage":14.0,"enemies":"Slavers","floor":25.0,"turns":4.0},{"damage":8.0,"enemies":"Book of Stabbing","floor":27.0,"turns":4.0},{"damage":5.0,"enemies":"Chosen and Byrds","floor":28.0,"turns":3.0},{"damage":37.0,"enemies":"Gremlin Leader","floor":29.0,"turns":6.0},{"damage":0.0,"enemies":"3 Cultists","floor":31.0,"turns":2.0},{"damage":67,"enemies":"Collector","floor":33,"turns":7}],"seed_played":"3079698127592056294","potions_obtained":[{"floor":5.0,"key":"Swift Potion"},{"floor":10.0,"key":"Swift Potion"},{"floor":11.0,"key":"Fire Potion"},{"floor":14.0,"key":"Strength Potion"},{"floor":16.0,"key":"Weak Potion"},{"floor":20.0,"key":"Strength Potion"},{"floor":24.0,"key":"Dexterity Potion"},{"floor":27.0,"key":"SneckoOil"},{"floor":31.0,"key":"BloodPotion"}],"is_trial":false,"path_per_floor":["M","?","?","M","M","R","M","E","T","M","E","$","M","E","R","B",null,"M","?","M","?","?","E","M","E","T","E","M","E","$","M","R","B"],"character_chosen":"IRONCLAD","items_purchased":["Dead Branch"],"campfire_rested":1,"item_purchase_floors":[12],"current_hp_per_floor":[57,46,46,52,55,55,54,47,47,38,24,24,13,17,39,8,58,48,48,38,17,85,68,67,59,59,59,60,31,31,39,39,0,0],"gold":13,"neow_bonus":"ONE_RANDOM_RARE_CARD","is_daily":false,"chose_seed":false,"campfire_upgraded":1,"win_rate":0.0,"timestamp":1612042063,"path_taken":["M","?","?","?","M","R","M","E","T","M","E","$","M","E","R","BOSS","M","?","M","?","?","E","M","E","T","E","M","E","$","M","R","BOSS"],"items_purchased_type":["Relic"],"build_version":"2020-12-22","purchased_purges":1,"victory":false,"max_hp_per_floor":[75,75,75,75,75,75,75,75,75,75,75,75,75,75,75,75,75,75,75,75,75,85,85,87,87,87,89,89,91,91,93,93,93,93],"relic_stats":{"Singing Bowl":8,"counters":[20,89],"Self Forming Clay":[30],"Dead Branch":[57],"Bag of Preparation":[8],"Orichalcum":[0],"Smiling Mask":25,"Boot":[4],"Burning Blood":114,"Ectoplasm":226,"Art of War":[1],"Necronomicon":[14],"obtain_stats":[{"Girya":14,"Singing Bowl":11,"Self Forming Clay":26,"Dead Branch":12,"Vajra":9,"Bag of Preparation":27,"Orichalcum":29,"Smiling Mask":19,"Boot":23,"Burning Blood":0,"CaptainsWheel":25,"Ectoplasm":17,"Art of War":8,"Necronomicon":21},{"Girya":9,"Singing Bowl":7,"Self Forming Clay":15,"Dead Branch":7,"Vajra":5,"Bag of Preparation":16,"Orichalcum":18,"Smiling Mask":11,"Boot":13,"Burning Blood":0,"CaptainsWheel":15,"Ectoplasm":10,"Art of War":5,"Necronomicon":12},{"Girya":38,"Singing Bowl":30,"Self Forming Clay":67,"Dead Branch":30,"Vajra":19,"Bag of Preparation":71,"Orichalcum":80,"Smiling Mask":48,"Boot":58,"Burning Blood":0,"CaptainsWheel":67,"Ectoplasm":44,"Art of War":19,"Necronomicon":51}]},"card_choices":[{"not_picked":["Warcry","Anger"],"picked":"Wild Strike","floor":1.0},{"not_picked":["Warcry","Flex"],"picked":"Bloodletting","floor":4.0},{"not_picked":["Warcry","Corruption"],"picked":"Twin Strike","floor":5.0},{"not_picked":["Searing Blow","Headbutt"],"picked":"Infernal Blade","floor":7.0},{"not_picked":["Pummel","Heavy Blade"],"picked":"Second Wind","floor":8.0},{"not_picked":["Hemokinesis","Headbutt"],"picked":"Armaments","floor":10.0},{"not_picked":["Battle Trance","Clothesline"],"picked":"Juggernaut","floor":11.0},{"not_picked":["Body Slam","Twin Strike"],"picked":"True Grit","floor":13.0},{"not_picked":["Anger","Clash"],"picked":"Spot Weakness","floor":14.0},{"not_picked":["Demon Form","Bludgeon"],"picked":"Immolate","floor":16.0},{"not_picked":["Rampage+1","Armaments"],"picked":"Havoc","floor":18.0},{"not_picked":["Whirlwind","Perfected Strike"],"picked":"Feel No Pain","floor":20.0},{"not_picked":["Combust","Perfected Strike"],"picked":"Power Through","floor":23.0},{"not_picked":["Sword Boomerang","Brutality","Heavy Blade"],"picked":"Singing Bowl","floor":24.0},{"not_picked":["Pommel Strike","Spot Weakness"],"picked":"Warcry","floor":25.0},{"not_picked":["Clothesline","Iron Wave","Flex"],"picked":"Singing Bowl","floor":27.0},{"not_picked":["Rupture","Headbutt"],"picked":"Shrug It Off","floor":28.0},{"not_picked":["Sever Soul+1","Hemokinesis","Pummel+1"],"picked":"Singing Bowl","floor":29.0},{"not_picked":["Heavy Blade","Thunderclap","Perfected Strike"],"picked":"Singing Bowl","floor":31.0}],"player_experience":917489,"relics_obtained":[{"floor":8.0,"key":"Art of War"},{"floor":9.0,"key":"Vajra"},{"floor":11.0,"key":"Singing Bowl"},{"floor":14.0,"key":"Girya"},{"floor":21.0,"key":"Necronomicon"},{"floor":23.0,"key":"Boot"},{"floor":25.0,"key":"CaptainsWheel"},{"floor":26.0,"key":"Self Forming Clay"},{"floor":27.0,"key":"Bag of Preparation"},{"floor":29.0,"key":"Orichalcum"}],"event_choices":[{"damage_healed":0.0,"max_hp_gain":0.0,"max_hp_loss":0.0,"gold_gain":75.0,"event_name":"World of Goop","player_choice":"Gather Gold","floor":2.0,"gold_loss":0.0,"damage_taken":11.0},{"damage_healed":0.0,"max_hp_gain":0.0,"max_hp_loss":0.0,"gold_gain":0.0,"event_name":"Match and Keep!","player_choice":"2 cards matched","floor":3.0,"gold_loss":0.0,"damage_taken":0.0,"cards_obtained":["Flame Barrier","Iron Wave"]},{"damage_healed":0.0,"max_hp_gain":0.0,"max_hp_loss":0.0,"gold_gain":0.0,"event_name":"The Mausoleum","player_choice":"Opened","floor":19.0,"gold_loss":0.0,"damage_taken":0.0,"relics_obtained":["Smiling Mask"],"cards_obtained":["Writhe"]},{"damage_healed":0.0,"max_hp_gain":0.0,"max_hp_loss":0.0,"gold_gain":0.0,"event_name":"Cursed Tome","player_choice":"Obtained Book","floor":21.0,"gold_loss":0.0,"damage_taken":21.0},{"cards_removed":["Brutality"],"damage_healed":58.0,"max_hp_gain":10.0,"max_hp_loss":0.0,"gold_gain":0.0,"event_name":"Bonfire Elementals","player_choice":"Offered Rare","floor":22.0,"gold_loss":0.0,"damage_taken":0.0}],"is_beta":false,"boss_relics":[{"not_picked":["Busted Crown","Sozu"],"picked":"Ectoplasm"}],"items_purged_floors":[30],"is_endless":false,"potions_floor_spawned":[5,10,11,13,14,16,20,24,27,31],"killed_by":"Collector","ascension_level":15}}