{"host":"2p3jwbtacxwf1d73","time":1612021474,"event":{"mods":["BaseMod","Colored Powertips","Hermit","Hubris","Minty Spire (QoL Compilation)","Potionbrewer","Quick Restart","Small Relic Pack","StSLib","The Cursed","The Death Knight","The Gatherer","The Hierophant","The Servant 0.9.4"],"gold_per_floor":[116,291,306,326,64,89,99,113,113,148,161,161,161,174,174,275,275,286,296,316,35,35,35,65,27,50,67,100,115,148,163,163,267,267,278,278,278,0,0,34,34,34,81,81,96,114,114,125,125,125],"floor_reached":51,"language":"ENG","playtime":2397,"items_purged":[],"score":824,"play_id":"c93f4388-7cdc-4088-b9fd-fb629ec832dd","local_time":"20210130094434","daily_mods":["SealedDeck","Heirloom"],"is_ascension_mode":false,"campfire_choices":[{"floor":12,"key":"REST"},{"floor":15,"key":"REST"},{"data":"Apotheosis","floor":23,"key":"SMITH"},{"floor":32,"key":"REST"},{"data":"Dramatic Entrance","floor":42,"key":"SMITH"},{"data":"TheCursedMod:SurpriseAttack","floor":44,"key":"SMITH"},{"data":"TheCursedMod:SurpriseAttack","floor":49,"key":"SMITH"}],"circlet_count":0,"master_deck":["TheCursedMod:Grudge","TheCursedMod:SpreadPlague","TheCursedMod:CircleOfCorruption","TheCursedMod:CircleOfBlood","TheCursedMod:CursedStaff","TheCursedMod:CircleOfFlame","TheCursedMod:CircleOfCorruption","TheCursedMod:SpitefulPray","TheCursedMod:VitalStrike","Doubt","TheCursedMod:RapidMovement","TheCursedMod:CursedAmulet","TheCursedMod:SpitefulStrike","TheCursedMod:CursedBlade","TheCursedMod:WearCloak","TheCursedMod:VoidForm+1","TheCursedMod:SurpriseAttack+1","TheCursedMod:VitalStrike","TheCursedMod:LuckyCharm+1","TheCursedMod:ManaCirculation+1","TheCursedMod:CursedShiv","TheCursedMod:SurpriseAttack","Apotheosis+1","Dramatic Entrance+1","TheCursedMod:AbyssShockwave","TheCursedMod:EmpowerCircles+1","TheCursedMod:CursedBoomerang","TheCursedMod:SurpriseAttack","TheCursedMod:CursedSpellbook","TheCursedMod:CircleOfBlood","TheCursedMod:ForbiddenAlchemy+1","TheCursedMod:SurpriseAttack+1","Writhe","TheCursedMod:CursedBlade+1"],"relics":["TheCursedMod:BlackMagic101","TheCursedMod:MagicCandle","Blue Candle","Art of War","Lantern","Frozen Egg 2","hubris:VirtuousBlindfold","relicPack:DarknessArmor","Toy Ornithopter","Bronze Scales","Vajra","potionbrewer:BhaskarasWheel","Red Mask","Meat on the Bone","potionbrewer:Torch","potionbrewer:ToyAutogyro"],"acts_visited":["Exordium","TheCity","TheBeyond"],"potions_floor_usage":[6,6,7,10,10,14,18,24,24,30,33,40,40,40,40,40,45,45,46,50,50,50,50,50,50,50,50,50,50,50],"damage_taken":[{"damage":0,"enemies":"2 Louse","floor":1,"turns":2},{"damage":0,"enemies":"Cultist","floor":3,"turns":2},{"damage":1,"enemies":"Jaw Worm","floor":4,"turns":2},{"damage":0,"enemies":"Gremlin Nob","floor":6,"turns":2},{"damage":9,"enemies":"2 Fungi Beasts","floor":7,"turns":2},{"damage":10,"enemies":"Looter","floor":8,"turns":3},{"damage":20,"enemies":"Lagavulin","floor":10,"turns":6},{"damage":8,"enemies":"Exordium Thugs","floor":11,"turns":3},{"damage":0,"enemies":"Large Slime","floor":14,"turns":2},{"damage":6,"enemies":"Slime Boss","floor":16,"turns":7},{"damage":0,"enemies":"Chosen","floor":18,"turns":4},{"damage":2,"enemies":"Spheric Guardian","floor":19,"turns":3},{"damage":0,"enemies":"3 Cultists","floor":20,"turns":4},{"damage":3,"enemies":"Book of Stabbing","floor":24,"turns":4},{"damage":23,"enemies":"Snake Plant","floor":27,"turns":3},{"damage":39,"enemies":"Gremlin Leader","floor":28,"turns":5},{"damage":0,"enemies":"Cultist and Chosen","floor":29,"turns":4},{"damage":18,"enemies":"Slavers","floor":30,"turns":3},{"damage":15,"enemies":"Centurion and Healer","floor":31,"turns":3},{"damage":20,"enemies":"Champ","floor":33,"turns":8},{"damage":3,"enemies":"3 Shapes","floor":35,"turns":2},{"damage":15,"enemies":"Reptomancer","floor":40,"turns":4},{"damage":13,"enemies":"3 Darklings","floor":45,"turns":2},{"damage":10,"enemies":"Writhing Mass","floor":46,"turns":4},{"damage":4,"enemies":"Jaw Worm Horde","floor":48,"turns":2},{"damage":9,"enemies":"Donu and Deca","floor":50,"turns":4}],"seed_played":"-8561176524360196881","potions_obtained":[{"floor":1,"key":"AttackPotion"},{"floor":3,"key":"Swift Potion"},{"floor":6,"key":"BlessingOfTheForge"},{"floor":8,"key":"potionbrewer:SplittingPotion"},{"floor":10,"key":"potionbrewer:EndurancePotion"},{"floor":14,"key":"potionbrewer:AcidPotion"},{"floor":16,"key":"ColorlessPotion"},{"floor":18,"key":"Dexterity Potion"},{"floor":22,"key":"potionbrewer:QuicksilverPotion"},{"floor":29,"key":"DeathKnight:RimePotion"},{"floor":31,"key":"potionbrewer:BarricadePotion"},{"floor":33,"key":"LiquidBronze"},{"floor":40,"key":"potionbrewer:SplittingPotion"}],"is_trial":true,"path_per_floor":["M","?","M","M","$","E","M","M","T","E","M","R","?","M","R","B",null,"M","M","M","$","?","R","E","$","T","M","E","M","E","M","R","B",null,"M","?","?","?","T","E","$","R","T","R","M","M","?","M","R","B",null],"character_chosen":"THE_CURSED","items_purchased":["Blue Candle","Apotheosis","Dramatic Entrance","TheCursedMod:EmpowerCircles+1"],"campfire_rested":3,"item_purchase_floors":[5,21,21,25],"current_hp_per_floor":[75,75,75,74,74,75,68,58,58,40,34,56,56,56,75,69,75,75,73,73,73,73,73,70,70,70,51,18,22,17,10,32,33,75,75,75,75,75,75,68,68,68,68,68,75,70,70,71,71,74],"gold":125,"neow_bonus":"","is_daily":false,"chose_seed":false,"campfire_upgraded":4,"win_rate":0.0,"timestamp":1612021474,"path_taken":["M","?","M","M","$","E","M","M","T","E","M","R","?","M","R","BOSS","M","M","M","$","?","R","E","$","T","M","E","M","E","M","R","BOSS","M","?","?","?","?","E","$","R","T","R","M","?","?","M","R","BOSS"],"items_purchased_type":["Relic","Card","Card","Card"],"build_version":"2020-12-22","purchased_purges":0,"victory":true,"max_hp_per_floor":[75,75,75,75,75,75,75,75,75,75,75,75,75,75,75,75,75,75,75,75,75,75,75,75,75,75,75,75,75,75,75,75,75,75,75,75,75,75,75,75,75,75,75,75,75,75,75,75,75,75],"card_choices":[{"not_picked":["TheCursedMod:BlessingInDisguise","TheCursedMod:Torture"],"picked":"TheCursedMod:VitalStrike","floor":1},{"not_picked":["TheCursedMod:Stretching","TheCursedMod:Evocation"],"picked":"TheCursedMod:RapidMovement","floor":3},{"not_picked":["TheCursedMod:TroublousMinions","TheCursedMod:Obscuration"],"picked":"TheCursedMod:CursedAmulet","floor":4},{"not_picked":["TheCursedMod:SoulReap","TheCursedMod:DoubleShield"],"picked":"TheCursedMod:SpitefulStrike","floor":6},{"not_picked":["TheCursedMod:BlessingInDisguise","TheCursedMod:WearCloak"],"picked":"TheCursedMod:CursedBlade","floor":7},{"not_picked":["TheCursedMod:Hemoplague","TheCursedMod:BlessingInDisguise"],"picked":"TheCursedMod:WearCloak","floor":8},{"not_picked":["TheCursedMod:ReleasedKnowledge","TheCursedMod:CircleOfAbyss"],"picked":"TheCursedMod:VoidForm+1","floor":10},{"not_picked":["TheCursedMod:Stretching","TheCursedMod:FleshFromBone"],"picked":"TheCursedMod:SurpriseAttack","floor":11},{"not_picked":["TheCursedMod:SaltUponWound","TheCursedMod:HellsGateOpen+1"],"picked":"TheCursedMod:LuckyCharm+1","floor":14},{"not_picked":["TheCursedMod:OutForBlood+1","TheCursedMod:NeowsMight"],"picked":"TheCursedMod:ManaCirculation+1","floor":16},{"not_picked":["TheCursedMod:VitalStrike+1","TheCursedMod:Stretching+1"],"picked":"TheCursedMod:CursedShiv","floor":18},{"not_picked":["TheCursedMod:RavingStaff","TheCursedMod:Mangle+1"],"picked":"TheCursedMod:SurpriseAttack","floor":19},{"not_picked":["TheCursedMod:RavingStaff","TheCursedMod:Obscuration","TheCursedMod:Evocation"],"picked":"SKIP","floor":20},{"not_picked":["TheCursedMod:CursedShiv","TheCursedMod:StingEye+1"],"picked":"TheCursedMod:AbyssShockwave","floor":24},{"not_picked":["TheCursedMod:RavingStaff+1","TheCursedMod:RapidMovement+1"],"picked":"TheCursedMod:CursedBoomerang","floor":27},{"not_picked":["TheCursedMod:FleshFromBone","TheCursedMod:Stigma"],"picked":"TheCursedMod:SurpriseAttack","floor":28},{"not_picked":["TheCursedMod:SmokeScreen","TheCursedMod:LuckyCharm+1"],"picked":"TheCursedMod:CursedSpellbook","floor":29},{"not_picked":["TheCursedMod:CircleOfAmplification","TheCursedMod:CursedShiv"],"picked":"TheCursedMod:CircleOfBlood","floor":30},{"not_picked":["TheCursedMod:WearCloak","TheCursedMod:StingEye+1","TheCursedMod:CursedShiv"],"picked":"SKIP","floor":31},{"not_picked":["TheCursedMod:DarkBarrier","TheCursedMod:ManaCirculation+1"],"picked":"TheCursedMod:ForbiddenAlchemy","floor":33},{"not_picked":["TheCursedMod:WearCloak","TheCursedMod:CursedBlade"],"picked":"TheCursedMod:SurpriseAttack","floor":35},{"not_picked":["TheCursedMod:CircleOfWindfury","TheCursedMod:ShockAndAwe","TheCursedMod:Stigma"],"picked":"SKIP","floor":40},{"not_picked":["TheCursedMod:Wield+1","TheCursedMod:LuckyCharm+1","TheCursedMod:AbyssShockwave"],"picked":"SKIP","floor":45},{"not_picked":["TheCursedMod:EmpowerCircles+1","TheCursedMod:CursedBoomerang","TheCursedMod:SpitefulStrike"],"picked":"SKIP","floor":46},{"not_picked":["TheCursedMod:SpitefulPlan+1","TheCursedMod:Grudge+1"],"picked":"TheCursedMod:CursedBlade+1","floor":48}],"player_experience":420440,"relics_obtained":[{"floor":6,"key":"Art of War"},{"floor":9,"key":"Lantern"},{"floor":10,"key":"Frozen Egg 2"},{"floor":24,"key":"relicPack:DarknessArmor"},{"floor":26,"key":"Toy Ornithopter"},{"floor":28,"key":"Bronze Scales"},{"floor":30,"key":"Vajra"},{"floor":39,"key":"Meat on the Bone"},{"floor":40,"key":"potionbrewer:Torch"},{"floor":43,"key":"potionbrewer:ToyAutogyro"}],"event_choices":[{"damage_healed":0,"gold_gain":175,"player_choice":"AGREE","damage_taken":0,"max_hp_gain":0,"max_hp_loss":0,"event_name":"Liars Game","floor":2,"gold_loss":0,"cards_obtained":["Doubt"]},{"damage_healed":0,"gold_gain":0,"cards_transformed":["TheCursedMod:FleshFromBone"],"player_choice":"Transformed","damage_taken":0,"max_hp_gain":0,"max_hp_loss":0,"event_name":"Transmorgrifier","floor":13,"gold_loss":0,"cards_obtained":["TheCursedMod:VitalStrike"]},{"damage_healed":0,"gold_gain":0,"player_choice":"Got Potions","damage_taken":0,"max_hp_gain":0,"max_hp_loss":0,"event_name":"Lab","floor":22,"gold_loss":0},{"damage_healed":19,"gold_gain":0,"player_choice":"Writhe","damage_taken":0,"max_hp_gain":0,"max_hp_loss":0,"event_name":"Winding Halls","floor":37,"gold_loss":0,"cards_obtained":["Writhe"]},{"damage_healed":0,"gold_gain":0,"player_choice":"Paid","damage_taken":0,"relics_obtained":["Red Mask"],"max_hp_gain":0,"max_hp_loss":0,"event_name":"Tomb of Lord Red Mask","floor":38,"gold_loss":278},{"cards_removed":["TheCursedMod:SpitefulPlan"],"damage_healed":0,"gold_gain":0,"player_choice":"Removed Power","damage_taken":0,"max_hp_gain":0,"max_hp_loss":0,"event_name":"Falling","floor":47,"gold_loss":0}],"is_beta":false,"boss_relics":[{"not_picked":["Runic Pyramid","hubris:RunicObelisk"],"picked":"hubris:VirtuousBlindfold"},{"not_picked":["TheCursedMod:OminousMark","Fusion Hammer"],"picked":"potionbrewer:BhaskarasWheel"}],"items_purged_floors":[],"is_endless":false,"potions_floor_spawned":[1,3,6,8,10,14,16,18,29,31,33,40],"ascension_level":0}}