{"host":"2zw05eexjythz74b","time":1612024788,"event":{"mods":["AchievementEnabler","BaseMod","Better Altar","Colored Map","Minty Spire (QoL Compilation)","StSLib","everything is the same but u backflip on backflip"],"gold_per_floor":[114,39,56,56,69,403,403,428,428,447,447,447,21,21,21,124,124,141,141,159,178,178,178,178,178,178,213,230,230,230],"floor_reached":29,"language":"ENG","playtime":925,"items_purged":["Normality","Parasite"],"score":291,"play_id":"82a21e1d-9c1a-4ad5-a2ad-e60251958a93","local_time":"20210130103948","is_ascension_mode":true,"campfire_choices":[{"data":"Combust","floor":11.0,"key":"SMITH"},{"data":"Flex","floor":15.0,"key":"SMITH"},{"data":"Demon Form","floor":23.0,"key":"SMITH"}],"circlet_count":0,"master_deck":["Strike_R+1","Strike_R+1","Strike_R+1","Strike_R+1","Strike_R+1","Defend_R+1","Defend_R+1","Defend_R+1","Bash","Immolate","Infernal Blade","Seeing Red","Intimidate","Blood for Blood","Combust+1","Flex+1","Sword Boomerang","Inflame","Demon Form+1","Twin Strike","Sword Boomerang"],"relics":["Burning Blood","Old Coin","Singing Bowl","Ginger","Boot","Pear","Busted Crown","Blue Candle","Red Skull"],"acts_visited":["Exordium","TheCity"],"potions_floor_usage":[],"damage_taken":[{"damage":0.0,"enemies":"2 Louse","floor":1.0,"turns":1.0},{"damage":2.0,"enemies":"Jaw Worm","floor":3.0,"turns":2.0},{"damage":0.0,"enemies":"Cultist","floor":5.0,"turns":2.0},{"damage":23.0,"enemies":"3 Sentries","floor":6.0,"turns":6.0},{"damage":37.0,"enemies":"Lagavulin","floor":8.0,"turns":5.0},{"damage":0.0,"enemies":"3 Louse","floor":10.0,"turns":2.0},{"damage":62.0,"enemies":"Hexaghost","floor":16.0,"turns":8.0},{"damage":14.0,"enemies":"Chosen","floor":18.0,"turns":3.0},{"damage":33.0,"enemies":"2 Thieves","floor":20.0,"turns":3.0},{"damage":18.0,"enemies":"Cultist and Chosen","floor":21.0,"turns":4.0},{"damage":0.0,"enemies":"Shelled Parasite and Fungi","floor":25.0,"turns":1.0},{"damage":36.0,"enemies":"Book of Stabbing","floor":27.0,"turns":3.0},{"damage":15.0,"enemies":"Centurion and Healer","floor":28.0,"turns":3.0},{"damage":13,"enemies":"3 Cultists","floor":29,"turns":2}],"seed_played":"-5462104149563667108","potions_obtained":[{"floor":1.0,"key":"BloodPotion"},{"floor":8.0,"key":"SmokeBomb"},{"floor":16.0,"key":"EssenceOfSteel"},{"floor":21.0,"key":"SteroidPotion"},{"floor":27.0,"key":"AttackPotion"}],"is_trial":false,"path_per_floor":["M","$","M","?","M","E","T","E","T","M","R","?","$","?","R","B",null,"M","$","M","M","?","R","?","M","T","E","M","M"],"character_chosen":"IRONCLAD","items_purchased":["Pear","Flex","Sword Boomerang"],"campfire_rested":0,"item_purchase_floors":[13,13,13],"current_hp_per_floor":[80,80,80,64,70,53,53,38,38,44,44,64,74,74,74,18,87,81,81,54,44,44,44,44,50,50,20,13,0,0],"gold":230,"neow_bonus":"THREE_RARE_CARDS","is_daily":false,"chose_seed":false,"campfire_upgraded":3,"win_rate":0.0,"timestamp":1612024788,"path_taken":["M","$","M","?","M","E","?","E","T","M","R","?","$","?","R","BOSS","M","$","?","M","?","R","?","M","T","E","M","?"],"items_purchased_type":["Relic","Card","Card"],"build_version":"2020-12-22","purchased_purges":2,"victory":false,"max_hp_per_floor":[80,80,80,80,80,80,80,80,80,80,80,80,87,87,87,87,87,89,89,89,91,91,91,91,91,91,91,93,93,93],"card_choices":[{"not_picked":["Limit Break","Reaper"],"picked":"Immolate","floor":0.0},{"not_picked":["Searing Blow","Sword Boomerang"],"picked":"Infernal Blade","floor":1.0},{"not_picked":["Sword Boomerang","Pommel Strike"],"picked":"Seeing Red","floor":3.0},{"not_picked":["Clash","Body Slam"],"picked":"Intimidate","floor":5.0},{"not_picked":["Flame Barrier","Burning Pact","Dark Embrace"],"picked":"SKIP","floor":6.0},{"not_picked":["Ghostly Armor","Warcry"],"picked":"Blood for Blood","floor":8.0},{"not_picked":["Body Slam","Searing Blow"],"picked":"Combust","floor":10.0},{"not_picked":["Offering","Reaper"],"picked":"Demon Form","floor":16.0},{"not_picked":["Cleave"],"picked":"Singing Bowl","floor":18.0},{"not_picked":[],"picked":"Twin Strike","floor":20.0},{"not_picked":["Shrug It Off"],"picked":"Singing Bowl","floor":21.0},{"not_picked":[],"picked":"Sword Boomerang","floor":27.0},{"not_picked":["Seeing Red+1"],"picked":"Singing Bowl","floor":28.0}],"player_experience":241160,"relics_obtained":[{"floor":6.0,"key":"Old Coin"},{"floor":7.0,"key":"Singing Bowl"},{"floor":8.0,"key":"Ginger"},{"floor":9.0,"key":"Boot"},{"floor":26.0,"key":"Blue Candle"},{"floor":27.0,"key":"Red Skull"}],"event_choices":[{"damage_healed":0.0,"max_hp_gain":0.0,"max_hp_loss":0.0,"gold_gain":0.0,"event_name":"Shining Light","player_choice":"Entered Light","floor":4.0,"gold_loss":0.0,"damage_taken":16.0,"cards_upgraded":["Defend_R","Defend_R"]},{"damage_healed":20.0,"max_hp_gain":0.0,"max_hp_loss":0.0,"gold_gain":0.0,"event_name":"Mushrooms","player_choice":"Healed and dodged fight","floor":12.0,"gold_loss":0.0,"damage_taken":0.0,"cards_obtained":["Parasite"]},{"damage_healed":0.0,"max_hp_gain":0.0,"max_hp_loss":0.0,"gold_gain":0.0,"cards_transformed":["Defend_R"],"event_name":"Transmorgrifier","player_choice":"Transformed","floor":14.0,"gold_loss":0.0,"damage_taken":0.0,"cards_obtained":["Inflame"]},{"damage_healed":0.0,"max_hp_gain":0.0,"max_hp_loss":0.0,"gold_gain":0.0,"event_name":"Ghosts","player_choice":"Ignored","floor":22.0,"gold_loss":0.0,"damage_taken":0.0},{"damage_healed":0.0,"max_hp_gain":0.0,"max_hp_loss":0.0,"gold_gain":0.0,"event_name":"Back to Basics","player_choice":"Simplicity","floor":24.0,"gold_loss":0.0,"damage_taken":0.0,"cards_upgraded":["Strike_R","Strike_R","Strike_R","Strike_R","Strike_R","Defend_R"]}],"is_beta":false,"boss_relics":[{"not_picked":["Ectoplasm","Runic Dome"],"picked":"Busted Crown"}],"items_purged_floors":[2,13],"is_endless":false,"potions_floor_spawned":[1,8,16,21,25,27],"killed_by":"3 Cultists","ascension_level":3}}