{"host":"6xsbn6ynqlzwllfm","time":1612023285,"event":{"mods":["2.2 Compatiblity","BaseMod","Bestiary","Colored Map","Colored Powertips","Curses Come First","Highlight Path","Keyboard Shortcuts","Minty Spire (QoL Compilation)","Relic Stats","Slay the Relics Exporter","StSLib","SuperFastMode"],"gold_per_floor":[119,194,194,26,39,72,72,92,118,118,136,136,156,183,195,284,296,320,332,357,383,63,97,97,123,149,149,149],"floor_reached":27,"language":"ENG","playtime":1059,"items_purged":[],"score":606,"play_id":"a872c20b-0be1-466c-a939-7e33d8637f7d","local_time":"20210130111445","is_ascension_mode":true,"campfire_choices":[{"floor":7.0,"key":"REST"},{"data":"Defragment","floor":10.0,"key":"SMITH"},{"data":"Barrage","floor":15.0,"key":"SMITH"},{"floor":24.0,"key":"REST"}],"circlet_count":0,"master_deck":["AscendersBane","Strike_B","Strike_B","Strike_B","Defend_B","Defend_B","Defend_B","Defend_B","Zap","Dualcast","Beam Cell","Barrage+1","Defragment+1","Glacier","BootSequence","Chill","Fission","Biased Cognition","CurseOfTheBell","Cold Snap","Hologram+1","Conserve Battery","Undo","Glacier","Apotheosis","Barrage"],"relics":["Runic Pyramid","Bag of Preparation","Lantern","MawBank","Calling Bell","Mummified Hand","TungstenRod","Centennial Puzzle","Membership Card","Bag of Marbles","Toy Ornithopter","Tiny Chest"],"acts_visited":["Exordium","TheCity"],"potions_floor_usage":[25,25],"damage_taken":[{"damage":1.0,"enemies":"2 Louse","floor":1.0,"turns":3.0},{"damage":3.0,"enemies":"Small Slimes","floor":5.0,"turns":4.0},{"damage":39.0,"enemies":"Gremlin Nob","floor":6.0,"turns":4.0},{"damage":7.0,"enemies":"Jaw Worm","floor":8.0,"turns":3.0},{"damage":6.0,"enemies":"Blue Slaver","floor":11.0,"turns":4.0},{"damage":0.0,"enemies":"Red Slaver","floor":13.0,"turns":3.0},{"damage":9.0,"enemies":"Lagavulin","floor":14.0,"turns":5.0},{"damage":0.0,"enemies":"The Guardian","floor":16.0,"turns":9.0},{"damage":6.0,"enemies":"Shell Parasite","floor":18.0,"turns":7.0},{"damage":3.0,"enemies":"Spheric Guardian","floor":20.0,"turns":6.0},{"damage":18.0,"enemies":"3 Cultists","floor":21.0,"turns":7.0},{"damage":9.0,"enemies":"Book of Stabbing","floor":23.0,"turns":9.0},{"damage":29,"enemies":"Gremlin Leader","floor":25,"turns":7},{"damage":0,"enemies":"Colosseum Slavers","floor":27,"turns":6},{"damage":41,"enemies":"Colosseum Nobs","floor":27,"turns":3}],"seed_played":"8308134846955363923","potions_obtained":[{"floor":6.0,"key":"AttackPotion"},{"floor":8.0,"key":"Weak Potion"},{"floor":14.0,"key":"BlessingOfTheForge"},{"floor":18.0,"key":"CultistPotion"},{"floor":21.0,"key":"GamblersBrew"},{"floor":23.0,"key":"Fruit Juice"}],"is_trial":false,"path_per_floor":["M","?","?","$","M","E","R","M","T","R","M","?","M","E","R","B",null,"M","$","M","M","$","E","R","E","T","?"],"character_chosen":"DEFECT","items_purchased":["Bag of Preparation","Membership Card","Undo","Glacier","Apotheosis"],"campfire_rested":2,"item_purchase_floors":[4,22,22,22,22],"current_hp_per_floor":[63,52,57,57,54,15,37,30,30,30,24,24,24,15,15,15,61,55,55,52,34,34,25,47,23,23,0,0],"gold":149,"neow_bonus":"BOSS_RELIC","is_daily":false,"chose_seed":false,"campfire_upgraded":2,"win_rate":0.0,"timestamp":1612023285,"path_taken":["M","?","?","$","?","E","R","M","T","R","M","?","?","E","R","BOSS","M","$","?","M","$","E","R","E","T","?"],"items_purchased_type":["Relic","Relic","Card","Card","Card"],"build_version":"2020-12-22","purchased_purges":0,"victory":false,"max_hp_per_floor":[71,71,76,76,76,76,76,76,76,76,76,76,76,76,76,76,76,76,76,76,76,76,76,76,81,81,81,81],"relic_stats":{"Centennial Puzzle":[18],"counters":[15,80],"Mummified Hand":[16],"Tiny Chest":0,"Bag of Preparation":[28],"MawBank":96,"obtain_stats":[{"Lantern":6,"Bag of Preparation":4,"MawBank":14,"Calling Bell":17,"Centennial Puzzle":17,"Mummified Hand":17,"Tiny Chest":26,"Bag of Marbles":23,"Membership Card":22,"Cracked Core":0,"TungstenRod":17,"Toy Ornithopter":25,"Runic Pyramid":0},{"Lantern":3,"Bag of Preparation":1,"MawBank":7,"Calling Bell":8,"Centennial Puzzle":8,"Mummified Hand":8,"Tiny Chest":13,"Bag of Marbles":12,"Membership Card":11,"Cracked Core":0,"TungstenRod":8,"Toy Ornithopter":13,"Runic Pyramid":0},{"Lantern":11,"Bag of Preparation":3,"MawBank":26,"Calling Bell":35,"Centennial Puzzle":35,"Mummified Hand":35,"Tiny Chest":71,"Bag of Marbles":64,"Membership Card":55,"Cracked Core":0,"TungstenRod":35,"Toy Ornithopter":71,"Runic Pyramid":0}],"TungstenRod":12,"Toy Ornithopter":0},"card_choices":[{"not_picked":["Gash","Hologram"],"picked":"Beam Cell","floor":1.0},{"not_picked":["Turbo","Skim"],"picked":"Barrage","floor":5.0},{"not_picked":["Reinforced Body","Blizzard"],"picked":"Defragment","floor":6.0},{"not_picked":["White Noise","Self Repair"],"picked":"Glacier","floor":8.0},{"not_picked":["Beam Cell","Leap"],"picked":"BootSequence","floor":11.0},{"not_picked":["Steam","Gash"],"picked":"Chill","floor":13.0},{"not_picked":["Sweeping Beam","Consume"],"picked":"Fission","floor":14.0},{"not_picked":["Machine Learning","Amplify"],"picked":"Biased Cognition","floor":16.0},{"not_picked":["Redo","Barrage"],"picked":"Cold Snap","floor":18.0},{"not_picked":["Leap","Streamline"],"picked":"Hologram+1","floor":20.0},{"not_picked":["Fission","Go for the Eyes"],"picked":"Conserve Battery","floor":21.0},{"not_picked":["Redo","Steam Power"],"picked":"Barrage","floor":23.0}],"player_experience":1286574,"relics_obtained":[{"floor":6.0,"key":"Lantern"},{"floor":14.0,"key":"MawBank"},{"floor":17.0,"key":"Mummified Hand"},{"floor":17.0,"key":"TungstenRod"},{"floor":17.0,"key":"Centennial Puzzle"},{"floor":23.0,"key":"Bag of Marbles"},{"floor":25,"key":"Toy Ornithopter"},{"floor":26,"key":"Tiny Chest"}],"event_choices":[{"damage_healed":0.0,"max_hp_gain":0.0,"max_hp_loss":0.0,"gold_gain":75.0,"event_name":"World of Goop","player_choice":"Gather Gold","floor":2.0,"gold_loss":0.0,"damage_taken":11.0},{"damage_healed":0.0,"max_hp_gain":5.0,"max_hp_loss":0.0,"gold_gain":0.0,"event_name":"Big Fish","player_choice":"Donut","floor":3.0,"gold_loss":0.0,"damage_taken":0.0},{"cards_removed":["Strike_B"],"damage_healed":0.0,"max_hp_gain":0.0,"max_hp_loss":0.0,"gold_gain":0.0,"event_name":"Bonfire Elementals","player_choice":"Offered Basic","floor":12.0,"gold_loss":0.0,"damage_taken":0.0},{"damage_healed":0,"gold_gain":0,"player_choice":"Fight","damage_taken":0,"max_hp_gain":0,"max_hp_loss":0,"event_name":"Colosseum","floor":27,"gold_loss":0},{"damage_healed":0,"gold_gain":0,"player_choice":"Fought Nobs","damage_taken":0,"max_hp_gain":0,"max_hp_loss":0,"event_name":"Colosseum","floor":27,"gold_loss":0}],"is_beta":false,"boss_relics":[{"not_picked":["Empty Cage","Ectoplasm"],"picked":"Calling Bell"}],"items_purged_floors":[],"is_endless":false,"potions_floor_spawned":[6,8,14,18,21,23],"killed_by":"Colosseum Nobs","ascension_level":19}}