{"host":"7eytxr1oawi6r5nr","time":1612034910,"event":{"mods":["BaseMod","Better Third Choice","Curses Come First","Dark Map","Hermit","Hubris","Ironclad Rager","Minty Spire (QoL Compilation)","Permanent Neow","Quick Restart","Rare Cards Sparkle","Relic Filter Mod","Reliquary","Replay The Spire","Shade Mod","StSLib","The Cursed","The Disciple","The Dragon Tamer","The Forsaken","The Hayseed","The IronCluck","The Runesmith","The Servant 0.9.4","TheSurvivalist","Weighted Paths","Wide Potions"],"gold_per_floor":[10,30,40,40,53,84,84,109,136,170,180,180,209,221,221,325,325,307,317,317,138,498,498,525,315,339,354,386,386,386,435,435,538,538,548,448,460,460,473,498,498,533,545,567,579,591,617,639,651,663,675,687,430,458,458],"floor_reached":56,"language":"ENG","playtime":4428,"items_purged":["Runesmith:Strike_RS","Runesmith:Strike_RS+1","Runesmith:Strike_RS+1"],"score":1351,"play_id":"2d04ca7e-b203-4312-b13c-ae9999e2da31","local_time":"20210130192830","is_ascension_mode":true,"campfire_choices":[{"floor":12.0,"key":"REST"},{"floor":15.0,"key":"REST"},{"floor":23.0,"key":"REST"},{"floor":29.0,"key":"REST"},{"floor":32.0,"key":"REST"},{"floor":41.0,"key":"REST"},{"floor":49.0,"key":"RECALL"},{"data":"Runesmith:Firestorm","floor":52.0,"key":"SMITH"}],"circlet_count":0,"master_deck":["Runesmith:Strike_RS+1","Runesmith:Defend_RS+1","Runesmith:Defend_RS+1","Runesmith:Defend_RS+1","Runesmith:Defend_RS+1","Runesmith:CraftFirestone","Runesmith:Fortify","Runesmith:MetallurgicalResearch","Runesmith:MakeshiftArmor","Runesmith:Superposition+1","Runesmith:Reinforce+1","Runesmith:HammerThrow","Runesmith:LithiumIon+1","Runesmith:MakeshiftArmor","Runesmith:GrandSlam","Runesmith:CraftMedicinae","Runesmith:HeatedChisel","Runesmith:CreatorForm","Runesmith:GoWithTheFlow","Runesmith:Permafrost+1","Necronomicurse","Runesmith:PoweredAnvil+1","Runesmith:Grindstone","Runesmith:CraftMagma","Runesmith:EarthShield","Runesmith:Firestorm+1","Runesmith:Firewall","Runesmith:ReplicatingBarrier+1","Runesmith:GoWithTheFlow+1","Pot Of Greed","Pot Of Greed","Pot Of Greed","Runesmith:Empowerment+1","Runesmith:NanitesCloud"],"relics":["Runesmith:BrokenRuby","Gremlin Food","reliquary:IridiumChain","hubris:PeanutButter","Runesmith:Locket","MealTicket","Runesmith:UraniumAnvil","Necronomicon","ReplayFunnel","Tiny Chest","Toy Ornithopter","hubris:SlimyHat","theForsaken:PaleLantern","Gremlin Horn","Grinning Jar","MawBank","Art of War","Frozen Eye","Runesmith:Nanobots"],"acts_visited":["Exordium","TheCity","TheBeyond","TheEnding"],"potions_floor_usage":[55],"damage_taken":[{"damage":5.0,"enemies":"Small Slimes","floor":1.0,"turns":4.0},{"damage":0.0,"enemies":"Cultist","floor":2.0,"turns":3.0},{"damage":4.0,"enemies":"2 Louse","floor":3.0,"turns":3.0},{"damage":3.0,"enemies":"Red Slaver","floor":5.0,"turns":5.0},{"damage":8.0,"enemies":"Gremlin Nob","floor":6.0,"turns":4.0},{"damage":15.0,"enemies":"3 Sentries","floor":8.0,"turns":8.0},{"damage":27.0,"enemies":"Gremlin Nob","floor":10.0,"turns":5.0},{"damage":0.0,"enemies":"3 Louse","floor":11.0,"turns":4.0},{"damage":1.0,"enemies":"3 Sentries","floor":13.0,"turns":7.0},{"damage":0.0,"enemies":"Exordium Wildlife","floor":14.0,"turns":4.0},{"damage":16.0,"enemies":"Slime Boss","floor":16.0,"turns":7.0},{"damage":2.0,"enemies":"2 Thieves","floor":18.0,"turns":4.0},{"damage":0.0,"enemies":"Chosen","floor":19.0,"turns":5.0},{"damage":13.0,"enemies":"Slavers","floor":24.0,"turns":7.0},{"damage":2.0,"enemies":"Centurion and Healer","floor":27.0,"turns":5.0},{"damage":16.0,"enemies":"Replay:Snechameleon","floor":28.0,"turns":7.0},{"damage":56.0,"enemies":"Collector","floor":33.0,"turns":9.0},{"damage":11.0,"enemies":"Orb Walker","floor":35.0,"turns":5.0},{"damage":0.0,"enemies":"3 Shapes","floor":37.0,"turns":8.0},{"damage":11.0,"enemies":"Jaw Worm Horde","floor":39.0,"turns":6.0},{"damage":4.0,"enemies":"Nemesis","floor":40.0,"turns":9.0},{"damage":0.0,"enemies":"R_Hoarder","floor":42.0,"turns":9.0},{"damage":8.0,"enemies":"Sphere and 2 Shapes","floor":44.0,"turns":5.0},{"damage":8.0,"enemies":"Maw","floor":47.0,"turns":8.0},{"damage":0.0,"enemies":"Writhing Mass","floor":48.0,"turns":7.0},{"damage":9.0,"enemies":"Time Eater","floor":50.0,"turns":8.0},{"damage":0.0,"enemies":"Shield and Spear","floor":54.0,"turns":8.0},{"damage":54,"enemies":"The Heart","floor":55,"turns":12}],"seed_played":"6976489838593240135","potions_obtained":[{"floor":2.0,"key":"GamblersBrew"},{"floor":3.0,"key":"DuplicationPotion"},{"floor":13.0,"key":"Explosive Potion"},{"floor":14.0,"key":"Block Potion"},{"floor":24.0,"key":"DistilledChaos"},{"floor":33.0,"key":"ColorlessPotion"},{"floor":37.0,"key":"LiquidMemories"},{"floor":40.0,"key":"DuplicationPotion"}],"is_trial":false,"path_per_floor":["M","M","M","$","M","E","?","E","T","E","M","R","E","M","R","B",null,"M","M","?","$","?","R","E","$","T","M","E","R","?","T","R","B",null,"M","$","M","T","M","E","R","E","T","M","$","?","M","M","R","B",null,"R","$","E","B",null],"character_chosen":"RUNESMITH_CLASS","items_purchased":["Runesmith:PoweredAnvil","Runesmith:Grindstone","Runesmith:CraftMagma","Runesmith:EarthShield","Runesmith:Firestorm","Frozen Eye"],"campfire_rested":6,"item_purchase_floors":[21,21,21,25,25,53],"current_hp_per_floor":[65,65,61,61,58,50,50,35,35,8,8,29,28,28,49,33,70,68,68,52,67,31,52,39,54,54,52,36,57,57,57,70,46,70,59,70,70,70,59,55,70,70,70,62,70,70,62,62,62,70,70,70,70,70,21],"gold":458,"neow_bonus":"THREE_RARE_CARDS","is_daily":false,"chose_seed":false,"campfire_upgraded":1,"win_rate":0.0,"timestamp":1612034910,"path_taken":["M","M","M","$","M","E","?","E","T","E","?","R","E","M","R","BOSS","M","M","?","$","?","R","E","$","T","?","E","R","?","?","R","BOSS","M","$","M","?","M","E","R","E","T","M","$","?","M","M","R","BOSS","R","$","E","BOSS"],"items_purchased_type":["Card","Card","Card","Card","Card","Relic"],"build_version":"2020-12-22","purchased_purges":3,"victory":true,"max_hp_per_floor":[70,70,70,70,70,70,70,70,70,70,70,70,70,70,70,70,70,70,70,70,70,70,70,70,70,70,70,70,70,70,70,70,70,70,70,70,70,70,70,70,70,70,70,70,70,70,70,70,70,70,70,70,70,70,70],"card_choices":[{"not_picked":["Runesmith:CreatorForm","Runesmith:Duplicate"],"picked":"Runesmith:MetallurgicalResearch","floor":0.0},{"not_picked":["Runesmith:Repurpose","Runesmith:HeatExchange"],"picked":"Runesmith:MakeshiftArmor","floor":1.0},{"not_picked":["Runesmith:StaticCage","Runesmith:ElementalConversion"],"picked":"Runesmith:Superposition","floor":2.0},{"not_picked":["Runesmith:StaticCage","Runesmith:UnstableHammer","Runesmith:NegativeSpace"],"picked":"SKIP","floor":3.0},{"not_picked":["Runesmith:ChiselStab","Runesmith:RuneHurl"],"picked":"Runesmith:Reinforce","floor":5.0},{"not_picked":["Runesmith:ChargedHammer","Runesmith:Retool"],"picked":"Runesmith:HammerThrow","floor":6.0},{"not_picked":["Runesmith:Augment","Runesmith:HammerThrow"],"picked":"Runesmith:LithiumIon","floor":8.0},{"not_picked":["Runesmith:PerfectChisel","Runesmith:ChiselStab"],"picked":"Runesmith:MakeshiftArmor","floor":10.0},{"not_picked":["Runesmith:RuneHurl","Runesmith:EnergizedChisel"],"picked":"Runesmith:GrandSlam","floor":11.0},{"not_picked":["Runesmith:Attraction","Runesmith:ElementalConversion"],"picked":"Runesmith:CraftMedicinae","floor":13.0},{"not_picked":["Runesmith:UnstableHammer","Runesmith:EnergizedChisel"],"picked":"Runesmith:HeatedChisel","floor":14.0},{"not_picked":["Runesmith:CraftIndustria","Runesmith:GrandSlam"],"picked":"Runesmith:CreatorForm","floor":16.0},{"not_picked":["Runesmith:OneForEveryone+1","Runesmith:MakeshiftArmor"],"picked":"Runesmith:GoWithTheFlow","floor":18.0},{"not_picked":["Runesmith:HammerThrow","Runesmith:BackupBattery"],"picked":"Runesmith:Permafrost+1","floor":19.0},{"not_picked":["Runesmith:HeatExchange+1","Runesmith:Superposition","Runesmith:GoWithTheFlow"],"picked":"SKIP","floor":24.0},{"not_picked":["Runesmith:Accelerate","Runesmith:ShiftingStrike"],"picked":"Runesmith:Firewall","floor":27.0},{"not_picked":["Runesmith:Firewall+1","Runesmith:ShiftingStrike","Runesmith:RuneHurl+1"],"picked":"SKIP","floor":28.0},{"not_picked":["Runesmith:CreatorForm","Runesmith:ArcReactor"],"picked":"Runesmith:ReplicatingBarrier","floor":33.0},{"not_picked":["Runesmith:FrozenChisel+1","Runesmith:StaticCage+1","Runesmith:CraftVitae+1"],"picked":"SKIP","floor":35.0},{"not_picked":["Runesmith:HammerTime+1","Runesmith:RuneHurl"],"picked":"Runesmith:GoWithTheFlow+1","floor":37.0},{"not_picked":["Runesmith:HeatedChisel","Runesmith:RuneHurl","Runesmith:Repurpose"],"picked":"SKIP","floor":39.0},{"not_picked":["Runesmith:CraftPrismatica","Runesmith:HeatedChisel","Runesmith:OneForEveryone+1"],"picked":"SKIP","floor":40.0},{"not_picked":["Runesmith:CraftMedicinae","Runesmith:Retool+1","Runesmith:Duplicate"],"picked":"SKIP","floor":42.0},{"not_picked":["Runesmith:GoWithTheFlow+1","Runesmith:CraftMagma+1"],"picked":"Runesmith:Empowerment+1","floor":44.0},{"not_picked":["Runesmith:Attraction+1","Runesmith:Electrocute+1","Runesmith:CraftProtectio"],"picked":"SKIP","floor":47.0},{"not_picked":["Runesmith:ChargedHammer","Runesmith:ShiftingStrike"],"picked":"Runesmith:NanitesCloud","floor":48.0},{"not_picked":["Runesmith:Repurpose+1","Runesmith:Overpower+1","Runesmith:Electrocute+1"],"picked":"SKIP","floor":54.0}],"player_experience":170278,"relics_obtained":[{"floor":6.0,"key":"Gremlin Food"},{"floor":7.0,"key":"reliquary:IridiumChain"},{"floor":8.0,"key":"hubris:PeanutButter"},{"floor":10.0,"key":"Runesmith:Locket"},{"floor":13.0,"key":"MealTicket"},{"floor":20.0,"key":"Necronomicon"},{"floor":24.0,"key":"ReplayFunnel"},{"floor":26.0,"key":"Tiny Chest"},{"floor":28.0,"key":"Toy Ornithopter"},{"floor":31.0,"key":"hubris:SlimyHat"},{"floor":38.0,"key":"Gremlin Horn"},{"floor":40.0,"key":"Grinning Jar"},{"floor":42.0,"key":"MawBank"},{"floor":43.0,"key":"Art of War"},{"floor":54.0,"key":"Runesmith:Nanobots"}],"event_choices":[{"damage_healed":0.0,"max_hp_gain":0.0,"max_hp_loss":0.0,"gold_gain":0.0,"event_name":"Wheel of Change","player_choice":"Relic","floor":7.0,"gold_loss":0.0,"damage_taken":0.0},{"damage_healed":0.0,"max_hp_gain":0.0,"max_hp_loss":0.0,"gold_gain":0.0,"event_name":"Cursed Tome","player_choice":"Obtained Book","floor":20.0,"gold_loss":0.0,"damage_taken":16.0},{"damage_healed":0.0,"max_hp_gain":0.0,"max_hp_loss":0.0,"gold_gain":360.0,"event_name":"Knowing Skull","player_choice":"GOLD GOLD GOLD GOLD ","floor":22.0,"potions_obtained":[],"gold_loss":0.0,"damage_taken":36.0,"cards_obtained":[]},{"damage_healed":0.0,"max_hp_gain":0.0,"max_hp_loss":6.0,"gold_gain":0.0,"event_name":"betterThird:BetterWriting","player_choice":"Simplicity","floor":30.0,"gold_loss":0.0,"damage_taken":0.0},{"damage_healed":0.0,"max_hp_gain":0.0,"max_hp_loss":0.0,"gold_gain":0.0,"event_name":"Tomb of Lord Red Mask","player_choice":"Ignored","floor":46.0,"gold_loss":0.0,"damage_taken":0.0}],"is_beta":false,"boss_relics":[{"not_picked":["reliquary:RedPaperclip","hubris:GrandSneckoEye"],"picked":"Runesmith:UraniumAnvil"},{"not_picked":["SacredBark","ReplayTheSpireMod:DimensionalGlitch"],"picked":"theForsaken:PaleLantern"}],"items_purged_floors":[25,36,53],"is_endless":false,"potions_floor_spawned":[2,3,13,14,18,24,33,37,40,47,48],"ascension_level":1}}