{"host":"kmigwsj5rrfnig2m","time":1612044335,"event":{"mods":["BaseMod","Downfall","Minty Spire (QoL Compilation)","Relic Stats","StSLib"],"gold_per_floor":[99,114,130,130,130,130,130,130,130,164,175,33,33,33,33,33],"floor_reached":14,"language":"ENG","playtime":1009,"items_purged":["bronze:Strike"],"score":111,"play_id":"ce2c3b78-b2ef-45ec-9292-f62684eefefb","local_time":"20210130170535","is_ascension_mode":false,"campfire_choices":[{"data":"bronze:Goto","floor":1,"key":"SMITH"},{"floor":8,"key":"RECALL"},{"floor":13,"key":"REST"}],"circlet_count":0,"master_deck":["bronze:Strike","bronze:Strike","bronze:Defend","bronze:Defend","bronze:Defend","bronze:Defend","bronze:Replicate","bronze:Goto+1","bronze:BuggyMess","bronze:Iterate","bronze:Repulsor","bronze:Invalidate","bronze:Philosophize","bronze:Shield","bronze:Frontload"],"relics":["bronze:BronzeCore","Pear","Pen Nib"],"acts_visited":["Exordium"],"potions_floor_usage":[],"damage_taken":[{"damage":7,"enemies":"Small Slimes","floor":2,"turns":4},{"damage":0,"enemies":"2 Louse","floor":3,"turns":3},{"damage":0,"enemies":"Cultist","floor":9,"turns":1},{"damage":33,"enemies":"3 Sentries","floor":10,"turns":10},{"damage":28,"enemies":"Large Slime","floor":11,"turns":8},{"damage":15,"enemies":"downfall:FleeingMerchant","floor":12,"turns":4},{"damage":62,"enemies":"Gremlin Nob","floor":14,"turns":5}],"seed_played":"-2392780608281605601","potions_obtained":[{"floor":2,"key":"Explosive Potion"},{"floor":11,"key":"SpeedPotion"}],"is_trial":false,"path_per_floor":["R","M","M","?","?","?","T","R","M","E","M","$","R","E"],"character_chosen":"THE_AUTOMATON","items_purchased":["bronze:Frontload"],"campfire_rested":1,"item_purchase_floors":[12],"current_hp_per_floor":[77,70,70,75,75,75,85,85,85,52,24,9,36,0,0,0],"gold":33,"neow_bonus":"TEN_PERCENT_HP_BONUS","is_daily":false,"chose_seed":false,"campfire_upgraded":1,"win_rate":0.0,"timestamp":1612044335,"path_taken":["R","M","M","?","?","?","T","R","M","E","M","$","R","E"],"items_purchased_type":["Card"],"build_version":"2020-12-22","purchased_purges":1,"victory":false,"max_hp_per_floor":[77,77,77,82,82,82,92,92,92,92,92,92,92,92,92,92],"relic_stats":{"counters":[7,35],"Pen Nib":[3],"obtain_stats":[{"bronze:BronzeCore":0,"downfall:BrokenWingStatue":5,"Pear":7,"Pen Nib":10},{"bronze:BronzeCore":0,"downfall:BrokenWingStatue":2,"Pear":2,"Pen Nib":4},{"bronze:BronzeCore":0,"downfall:BrokenWingStatue":7,"Pear":7,"Pen Nib":18}]},"card_choices":[{"not_picked":["bronze:ForceShield","bronze:Deprecate"],"picked":"bronze:BuggyMess","floor":2},{"not_picked":["bronze:WildBeam","bronze:Shell"],"picked":"bronze:Iterate","floor":3},{"not_picked":["bronze:FollowUp","bronze:BuggyMess"],"picked":"bronze:Repulsor","floor":9},{"not_picked":["bronze:CutThrough","bronze:RecursiveStrike"],"picked":"bronze:Invalidate","floor":10},{"not_picked":["bronze:WhirlingStrike","bronze:BitShift"],"picked":"bronze:Philosophize","floor":11},{"not_picked":["bronze:Deprecate","bronze:Iterate"],"picked":"bronze:Shield","floor":12}],"player_experience":209593,"relics_obtained":[{"floor":7,"key":"Pear"},{"floor":10,"key":"Pen Nib"}],"event_choices":[{"damage_healed":0,"gold_gain":0,"player_choice":"Donut","damage_taken":0,"max_hp_gain":5,"max_hp_loss":0,"event_name":"Big Fish","floor":4,"gold_loss":0},{"cards_removed":["bronze:Strike"],"damage_healed":0,"gold_gain":0,"player_choice":"Offered Basic","damage_taken":0,"max_hp_gain":0,"max_hp_loss":0,"event_name":"Bonfire Elementals","floor":6,"gold_loss":0}],"is_beta":false,"boss_relics":[],"items_purged_floors":[12],"is_endless":false,"potions_floor_spawned":[2,11],"killed_by":"Gremlin Nob","ascension_level":0}}