{"host":"l9d4bclu8pwa3q15","time":1612004340,"event":{"mods":["Act Like it!","BaseMod","Better Altar","Better Match","Better Note","Better Sensory Stone","Better Skull","BetterRewards","Colored Map","Colored Powertips","Downfall","Emptier Cage","Gensokyo","GifTheSpireLib","Keyboard Shortcuts","Koishi","KomeijiMod","Lobotomy","LobotomyExtend","Minty Spire (QoL Compilation)","Quick Restart","Rare Cards Sparkle","Relic Sorter","Remilia_Scarlet Moed（蕾米莉亚・斯卡雷特）3.3.5","Replay The Spire","Spicy Shops","StSLib","The Alterego","UnlockEverythingMod","Waifu the Spire","WarShipGirlsR/战舰少女R mod","Yakumo Yukari mod","Youmu（魂魄妖梦）","Yuyuko"],"gold_per_floor":[114,289,289,299,70,70,70,70,70,70,70,70,86,104,104,206,206,222,497,497,511,19,19,19,19],"floor_reached":24,"language":"ZHS","playtime":2412,"items_purged":["Doubt","Regret"],"score":182,"play_id":"f67451f7-a815-4530-b682-c0fa10fa5eed","local_time":"20210130185900","is_ascension_mode":false,"campfire_choices":[{"floor":6,"key":"RECALL"},{"data":"Flex","floor":8,"key":"SMITH"},{"data":"ReplayReversal","floor":11,"key":"SMITH"},{"floor":15,"key":"DIG"},{"floor":23,"key":"REST"}],"circlet_count":0,"master_deck":["Strike_R","Strike_R","Strike_R","Strike_R","Strike_R","Defend_R+1","Defend_R","Defend_R","Defend_R","Bash","ReplayReversal+1","CrumblingArmor","Seeing Red","Pommel Strike","Life Link","Blood for Blood","Carnage+1","Flex+1","QueenOfHatred","RemiliaMod:CYMZW","Massacre","UniverseFragment","Sword Boomerang","GreedKing","Fiend Fire+1","BlackSwan","Combust","SpiderBud","Heavy Blade","NothingThere"],"relics":["Burning Blood","CogitoBucket","LetterFromLob","Sling","Lizard Tail","Replay:Grab Bag","Philosopher\u0027s Stone","ChewingGum","SacredBark","FleshIdol","Brimstone","Snack Pack"],"acts_visited":["Exordium","TheCity"],"potions_floor_usage":[16,16,18],"damage_taken":[{"damage":8,"enemies":"Jaw Worm","floor":1,"turns":3},{"damage":10,"enemies":"Small Slimes","floor":4,"turns":4},{"damage":5,"enemies":"2 Louse","floor":13,"turns":2},{"damage":19,"enemies":"Large Slime","floor":14,"turns":5},{"damage":70,"enemies":"Fading Forest","floor":16,"turns":11},{"damage":22,"enemies":"Chosen","floor":18,"turns":3},{"damage":33,"enemies":"2 Thieves","floor":21,"turns":3},{"damage":70,"enemies":"Gremlin Leader","floor":24,"turns":2}],"seed_played":"-255373799118454612","potions_obtained":[{"floor":1,"key":"Venom Potion"},{"floor":13,"key":"Strength Potion"},{"floor":16,"key":"Block Potion"}],"is_trial":false,"path_per_floor":["M","?","?","M","$","R","$","R","T","?","R","?","M","M","R_BF","B",null,"M","?","?","M","$","R","E"],"character_chosen":"IRONCLAD","items_purchased":["Sling","Brimstone","Snack Pack"],"campfire_rested":1,"item_purchase_floors":[5,22,22],"current_hp_per_floor":[78,78,78,74,74,74,74,74,74,79,79,62,63,56,56,49,85,69,69,69,42,42,67,0,0],"gold":19,"neow_bonus":"","is_daily":false,"chose_seed":false,"campfire_upgraded":2,"win_rate":0.0,"timestamp":1612004340,"path_taken":["M","?","?","M","$","R","?","R","T","?","R","?","M","M","R_BF","BOSS","M","?","?","M","$","R","E"],"items_purchased_type":["Relic","Relic","Relic"],"build_version":"2020-12-22","purchased_purges":2,"victory":false,"max_hp_per_floor":[80,80,80,80,80,80,80,80,80,85,85,85,85,85,85,85,85,85,85,85,85,85,85,85,85],"card_choices":[{"not_picked":["Headbutt","Armaments"],"picked":"ReplayReversal","floor":1},{"not_picked":["PunishingBird","Scorched"],"picked":"CrumblingArmor","floor":1},{"not_picked":["Anger","Pommel Strike"],"picked":"Flex","floor":4},{"not_picked":["BeautyBeast","LittleHelper"],"picked":"QueenOfHatred","floor":4},{"not_picked":["Body Slam","True Grit"],"picked":"Massacre","floor":13},{"not_picked":["OSAHOGD","DreamingCurrent"],"picked":"UniverseFragment","floor":13},{"not_picked":["Armaments","Shrug It Off"],"picked":"Sword Boomerang","floor":14},{"not_picked":["LittlePrince","SpiderBud"],"picked":"GreedKing","floor":14},{"not_picked":["Demonic Infusion","Replay:Many Hands"],"picked":"Fiend Fire","floor":16},{"not_picked":["BeautyBeast","MHz"],"picked":"BlackSwan","floor":16},{"not_picked":["Clothesline","ReplayTheSpireMod:LeadingStrike"],"picked":"Combust","floor":18},{"not_picked":["OSAHOGD","BeautyBeast"],"picked":"SpiderBud","floor":18},{"not_picked":["Second Wind","Wild Strike+1"],"picked":"Heavy Blade","floor":21},{"not_picked":["DespairKnight","MHz"],"picked":"NothingThere","floor":21}],"player_experience":72926,"relics_obtained":[{"floor":1,"key":"LetterFromLob"},{"floor":15,"key":"Lizard Tail"}],"event_choices":[{"damage_healed":0,"gold_gain":175,"player_choice":"AGREE","damage_taken":0,"max_hp_gain":0,"max_hp_loss":0,"event_name":"Liars Game","floor":2,"gold_loss":0,"cards_obtained":["Doubt"]},{"damage_healed":0,"gold_gain":0,"player_choice":"CYMZW","damage_taken":0,"max_hp_gain":5,"max_hp_loss":0,"event_name":"Remilia_CDSJ09","floor":10,"gold_loss":0},{"damage_healed":0,"gold_gain":0,"player_choice":"Entered Light","damage_taken":17,"max_hp_gain":0,"max_hp_loss":0,"event_name":"Shining Light","floor":12,"gold_loss":0,"cards_upgraded":["Carnage","Defend_R"]},{"damage_healed":0,"gold_gain":275,"player_choice":"Desecrate","damage_taken":0,"max_hp_gain":0,"max_hp_loss":0,"event_name":"Golden Shrine","floor":19,"gold_loss":0,"cards_obtained":["Regret"]},{"damage_healed":0,"gold_gain":0,"player_choice":"Upgraded","damage_taken":0,"max_hp_gain":0,"max_hp_loss":0,"event_name":"Upgrade Shrine","floor":20,"gold_loss":0,"cards_upgraded":["Fiend Fire"]}],"is_beta":false,"boss_relics":[{"not_picked":["Snecko Eye","Fusion Hammer"],"picked":"Replay:Grab Bag"},{"not_picked":["Ooze Armor","SlaversCollar"],"picked":"Philosopher\u0027s Stone"},{"not_picked":["Velvet Choker","Busted Crown"],"picked":"ChewingGum"},{"not_picked":["Honey Jar","Ring of Chaos"],"picked":"SacredBark"}],"items_purged_floors":[5,22],"is_endless":false,"potions_floor_spawned":[1,13,16],"killed_by":"Gremlin Leader","ascension_level":0}}