{"host":"q57ekfojy3i00x9o","time":1612012854,"event":{"mods":["Arknights The Spire","Aspiration","BaseMod","Colored Map","Energized Spire","Hermit","Minty Spire (QoL Compilation)","Quick Restart","Spicy Shops","Spikes Relics","StSLib","slay the spire mod where everything is the same but ironclad has a cowboy hat"],"gold_per_floor":[116,131,206,206,217,217,285,285,285,285,285,138,138,138,138,235,235,248,263,188,207,207,207,218,218,218,10,44,44,44,58,58,161,211,231,246,246,258,308,308,14,39,89,89,106,131,131,17,17,17],"floor_reached":51,"language":"RUS","playtime":1352,"items_purged":["Pain"],"score":823,"play_id":"3b0c2a3c-7c07-42c3-88f1-eb1b2d1535d4","local_time":"20210130182054","is_ascension_mode":true,"campfire_choices":[{"data":"ats:Poison Spread","floor":6,"key":"SMITH"},{"data":"ats:Armor Crushing Shot","floor":8,"key":"SMITH"},{"data":"ats:Blood Oath","floor":10,"key":"SMITH"},{"data":"Dark Shackles","floor":15,"key":"SMITH"},{"data":"ats:Phantom","floor":23,"key":"SMITH"},{"floor":32,"key":"REST"},{"floor":40,"key":"REST"},{"data":"ats:Dogmatic Field","floor":47,"key":"SMITH"},{"floor":49,"key":"REST"}],"circlet_count":0,"master_deck":["ats:Strike C","ats:Strike G","ats:Strike S+1","ats:Strike V","ats:Armor Crushing Shot+1","ats:Defend+1","ats:Defend","ats:Defend","ats:Defend+1","ats:Emotion Absorption+1","ats:Blood Oath+1","ats:Poison Spread+1","Injury","ats:Chain Hook+1","ats:Powerful Strike+1","Dark Shackles+1","ats:Disruption Kick+1","ats:Overload+1","ats:Thermite Blade+1","ats:Poison Spread+1","ats:Flexible Camouflage+1","ats:Consecutive Shot Auto+1","ats:Phantom+1","ats:Healing Drone+1","ats:Revitalization+1","ats:Apocalypse","Intolerance","ats:Wolf Pack+1","ats:Rapid Magazine+1","ats:Overload+1","ats:Healing Strengthening","ats:Rat Pack","ats:Apocalypse+1","ats:Healing Drone+1","ats:Curse Doll+1","ats:Neurotoxin+1","ats:Explosion Area Strengthen+1","ats:Neurotoxin","ats:Explosion Area Strengthen+1","Clumsy","ats:Dogmatic Field+1","Intolerance","ats:Sashimi Platter+1","ats:Flexible Camouflage"],"relics":["ats:Sanity","NeowsBlessing","Molten Egg 2","Letter Opener","White Beast Statue","ats:Hidden Killer","Cursed Key","Orrery","MutagenicStrength","aspiration:RitualStick","SpikesRelics:ToyHorsey","Lizard Tail","Vajra","ats:Originium","Art of War","Tiny House","Gambling Chip","Incense Burner","ats:Ability Aura","War Paint"],"acts_visited":["Exordium","TheCity","TheBeyond"],"potions_floor_usage":[21,21,28,36,38,42,50],"damage_taken":[{"damage":0,"enemies":"Cultist","floor":1,"turns":1},{"damage":0,"enemies":"Jaw Worm","floor":2,"turns":1},{"damage":0,"enemies":"Small Slimes","floor":5,"turns":1},{"damage":48,"enemies":"Hexaghost","floor":16,"turns":10},{"damage":11,"enemies":"2 Thieves","floor":18,"turns":3},{"damage":6,"enemies":"Spheric Guardian","floor":19,"turns":3},{"damage":10,"enemies":"Centurion and Healer","floor":21,"turns":3},{"damage":13,"enemies":"Chosen and Byrds","floor":24,"turns":3},{"damage":33,"enemies":"Gremlin Leader","floor":28,"turns":4},{"damage":0,"enemies":"3 Cultists","floor":31,"turns":3},{"damage":85,"enemies":"Collector","floor":33,"turns":9},{"damage":57,"enemies":"3 Darklings","floor":35,"turns":6},{"damage":25,"enemies":"Orb Walker","floor":36,"turns":3},{"damage":29,"enemies":"4 Shapes","floor":38,"turns":5},{"damage":3,"enemies":"Mind Bloom Boss Battle","floor":39,"turns":3},{"damage":23,"enemies":"Reptomancer","floor":42,"turns":4},{"damage":11,"enemies":"Sphere and 2 Shapes","floor":45,"turns":2},{"damage":63,"enemies":"Time Eater","floor":50,"turns":9}],"seed_played":"599265657453831239","potions_obtained":[{"floor":5,"key":"LiquidMemories"},{"floor":16,"key":"FearPotion"},{"floor":18,"key":"EssenceOfSteel"},{"floor":19,"key":"LiquidMemories"},{"floor":21,"key":"ats:Emergency Sanity Potion"},{"floor":24,"key":"SneckoOil"},{"floor":28,"key":"FairyPotion"},{"floor":31,"key":"BlessingOfTheForge"},{"floor":36,"key":"Ancient Potion"},{"floor":38,"key":"DuplicationPotion"},{"floor":42,"key":"PowerPotion"}],"is_trial":false,"path_per_floor":["M","M","?","?","M","R","?","R","T","R","T","$","?","?","R","B",null,"M","M","$","M","?","R","M","?","T","$","E","?","T","M","R","B",null,"M","M","?","M","?","R","$","E","T","?","M","T","R","$","R","B",null],"character_chosen":"DOCTOR_CLASS","items_purchased":["ats:Powerful Strike+1","Dark Shackles","Orrery","Lizard Tail","ats:Wolf Pack+1","Vajra","ats:Neurotoxin","ats:Sashimi Platter+1","ats:Flexible Camouflage"],"campfire_rested":3,"item_purchase_floors":[12,12,20,27,27,27,41,48,48],"current_hp_per_floor":[72,72,61,61,61,61,61,61,61,61,61,61,47,47,47,19,72,61,60,60,55,55,55,56,42,42,42,22,22,22,36,57,32,77,53,36,44,15,33,56,56,46,46,46,40,40,40,40,63,77],"gold":17,"neow_bonus":"THREE_ENEMY_KILL","is_daily":false,"chose_seed":false,"campfire_upgraded":6,"win_rate":0.0,"timestamp":1612012854,"path_taken":["M","M","?","?","M","R","?","R","T","R","?","$","?","?","R","BOSS","M","M","$","?","?","R","M","?","T","$","E","?","?","?","R","BOSS","M","M","?","?","?","R","$","E","T","?","M","?","R","$","R","BOSS"],"items_purchased_type":["Card","Card","Relic","Relic","Card","Relic","Card","Card","Card"],"build_version":"2020-12-22","purchased_purges":1,"victory":true,"max_hp_per_floor":[72,72,72,72,72,72,72,72,72,72,72,72,72,72,72,72,72,72,72,72,72,72,72,72,72,72,72,72,72,72,72,72,72,77,77,77,77,77,77,77,77,77,77,77,77,77,77,77,77,77],"card_choices":[{"not_picked":["ats:Flame Of Heaven","ats:Cat Scratch"],"picked":"ats:Blood Oath","floor":1},{"not_picked":["ats:Guardian Obelisk","ats:Sunburst"],"picked":"ats:Poison Spread","floor":2},{"not_picked":["ats:Very Hot Blade+1","ats:Steam Pump"],"picked":"ats:Chain Hook+1","floor":5},{"not_picked":["ats:Soul Rend","ats:Roar Of Ursus"],"picked":"ats:Disruption Kick+1","floor":16},{"not_picked":["ats:Shell Defense","ats:Explosion Area Strengthen+1"],"picked":"ats:Overload+1","floor":18},{"not_picked":["ats:Mental Burst+1","ats:Shell Defense"],"picked":"ats:Thermite Blade+1","floor":19},{"not_picked":["ats:Shell Defense","ats:Defend Order"],"picked":"ats:Poison Spread+1","floor":20},{"not_picked":["ats:Composite Medical Shells+1","ats:Mental Burst+1"],"picked":"ats:Flexible Camouflage+1","floor":20},{"not_picked":["ats:Curse Doll","ats:Hammer On+1"],"picked":"ats:Consecutive Shot Auto+1","floor":20},{"not_picked":["ats:Very Hot Blade+1","ats:Poison Spread+1"],"picked":"ats:Phantom","floor":20},{"not_picked":["ats:Hammer On+1","ats:Guard Mode+1"],"picked":"ats:Healing Drone+1","floor":20},{"not_picked":["ats:Absolute Focus","ats:Closed Bolt Burst Fire+1"],"picked":"ats:Revitalization+1","floor":21},{"not_picked":["ats:Very Hot Blade+1","ats:Assault Order"],"picked":"ats:Apocalypse","floor":24},{"not_picked":["ats:Sunburst+1","ats:Volcano+1"],"picked":"ats:Rapid Magazine+1","floor":28},{"not_picked":["ats:Consecutive Shot Auto+1","ats:Very Hot Blade+1"],"picked":"ats:Healing Strengthening","floor":31},{"not_picked":["ats:Fractured Body","ats:Roar Of Ursus"],"picked":"ats:Rat Pack","floor":33},{"not_picked":["ats:Ignite+1","ats:Guard Mode"],"picked":"ats:Apocalypse+1","floor":34},{"not_picked":["ats:Hammer On+1","ats:Guardian Obelisk"],"picked":"ats:Healing Drone","floor":35},{"not_picked":["ats:Burning Ground+1","ats:Directed Diagnosis"],"picked":"ats:Curse Doll+1","floor":36},{"not_picked":["ats:Guard Mode+1","ats:LN2 Cannon+1"],"picked":"ats:Neurotoxin+1","floor":38},{"not_picked":["ats:Consecutive Shot Auto+1","ats:Spore Proliferation"],"picked":"ats:Explosion Area Strengthen+1","floor":39},{"not_picked":["ats:Collapsing Strike+1","ats:Shell Defense"],"picked":"ats:Explosion Area Strengthen+1","floor":42},{"not_picked":["ats:Collapsing Strike+1","ats:Guardian Obelisk+1"],"picked":"ats:Dogmatic Field","floor":45}],"player_experience":737108,"relics_obtained":[{"floor":9,"key":"Letter Opener"},{"floor":11,"key":"White Beast Statue"},{"floor":26,"key":"SpikesRelics:ToyHorsey"},{"floor":28,"key":"ats:Originium"},{"floor":28,"key":"Art of War"},{"floor":39,"key":"Gambling Chip"},{"floor":42,"key":"ats:Originium"},{"floor":42,"key":"Incense Burner"},{"floor":43,"key":"ats:Ability Aura"},{"floor":46,"key":"War Paint"}],"event_choices":[{"damage_healed":0,"gold_gain":75,"player_choice":"Gather Gold","damage_taken":11,"max_hp_gain":0,"max_hp_loss":0,"event_name":"World of Goop","floor":3,"gold_loss":0},{"damage_healed":0,"gold_gain":68,"player_choice":"Gained Gold","damage_taken":0,"max_hp_gain":0,"max_hp_loss":0,"event_name":"Golden Wing","floor":7,"gold_loss":0},{"damage_healed":0,"gold_gain":0,"player_choice":"Entered Light","damage_taken":14,"max_hp_gain":0,"max_hp_loss":0,"event_name":"Shining Light","floor":13,"gold_loss":0,"cards_upgraded":["ats:Emotion Absorption","ats:Strike S"]},{"damage_healed":0,"gold_gain":0,"player_choice":"Gave Potion","damage_taken":0,"relics_obtained":["ats:Hidden Killer"],"max_hp_gain":0,"max_hp_loss":0,"event_name":"WeMeetAgain","floor":14,"gold_loss":0},{"damage_healed":0,"gold_gain":0,"player_choice":"Inject Mutagens","damage_taken":0,"relics_obtained":["MutagenicStrength"],"max_hp_gain":0,"max_hp_loss":0,"event_name":"Drug Dealer","floor":22,"gold_loss":0},{"damage_healed":0,"gold_gain":0,"player_choice":"Read","damage_taken":0,"max_hp_gain":0,"max_hp_loss":0,"event_name":"The Library","floor":29,"gold_loss":0,"cards_obtained":["ats:Overload"]},{"damage_healed":0,"gold_gain":0,"player_choice":"Fight","damage_taken":0,"max_hp_gain":0,"max_hp_loss":0,"event_name":"MindBloom","floor":39,"gold_loss":0},{"damage_healed":0,"gold_gain":0,"player_choice":"Ignored","damage_taken":0,"max_hp_gain":0,"max_hp_loss":0,"event_name":"Mysterious Sphere","floor":44,"gold_loss":0}],"is_beta":false,"boss_relics":[{"not_picked":["ats:Tactical Delivery","energizedSpire:SpiderWeb"],"picked":"Cursed Key"},{"not_picked":["energizedSpire:NeverEndingSparkler","Black Star"],"picked":"Tiny House"}],"items_purged_floors":[41],"is_endless":false,"potions_floor_spawned":[5,16,18,19,21,24,28,31,33,35,36,38,39,42,45],"ascension_level":3}}