{"host":"8is2j71l4wmybkoi","time":1612019409,"event":{"mods":["AchievementEnabler","BaseMod","Colored Map","Minty Spire (QoL Compilation)","Rare Cards Sparkle","StSLib","SuperFastMode"],"gold_per_floor":[119,134,147,157,36,36,55,72,99,99,99,114,185,201,201,201,201],"floor_reached":16,"language":"KOR","playtime":537,"items_purged":["Strike_G"],"score":144,"play_id":"3bdbbefa-b04d-479f-85ed-df2b6374b6e3","local_time":"20210131001009","is_ascension_mode":true,"campfire_choices":[{"data":"Envenom","floor":6,"key":"SMITH"},{"floor":10,"key":"REST"},{"floor":15,"key":"REST"}],"circlet_count":0,"master_deck":["AscendersBane","Strike_G","Strike_G","Strike_G","Strike_G","Defend_G","Defend_G","Defend_G","Defend_G","Defend_G","Survivor","Neutralize","Envenom+1","Noxious Fumes","Terror","Grand Finale","Quick Slash","Backflip","Crippling Poison"],"relics":["Ring of the Snake","Ancient Tea Set","Vajra","Gremlin Horn"],"acts_visited":["Exordium"],"potions_floor_usage":[12,16,16,16],"damage_taken":[{"damage":0.0,"enemies":"Cultist","floor":1.0,"turns":4.0},{"damage":4.0,"enemies":"Jaw Worm","floor":2.0,"turns":5.0},{"damage":2.0,"enemies":"Small Slimes","floor":3.0,"turns":4.0},{"damage":9.0,"enemies":"Red Slaver","floor":4.0,"turns":4.0},{"damage":30,"enemies":"Exordium Wildlife","floor":7,"turns":5},{"damage":3,"enemies":"2 Fungi Beasts","floor":8,"turns":4},{"damage":14,"enemies":"Lots of Slimes","floor":12,"turns":5},{"damage":8,"enemies":"Exordium Thugs","floor":14,"turns":4},{"damage":23,"enemies":"Slime Boss","floor":16,"turns":6}],"seed_played":"6960202508666697653","potions_obtained":[{"floor":2.0,"key":"GamblersBrew"},{"floor":3.0,"key":"Strength Potion"},{"floor":12,"key":"FearPotion"},{"floor":14,"key":"Dexterity Potion"}],"is_trial":false,"path_per_floor":["M","M","M","M","$","R","M","M","T","R","?","M","T","M","R","B"],"character_chosen":"THE_SILENT","items_purchased":["Quick Slash"],"campfire_rested":2,"item_purchase_floors":[5],"current_hp_per_floor":[63,59,57,48,48,48,18,15,15,36,33,19,19,11,32,9,9],"gold":201,"neow_bonus":"ONE_RANDOM_RARE_CARD","is_daily":false,"chose_seed":false,"campfire_upgraded":1,"win_rate":0.0,"timestamp":1612019409,"path_taken":["M","M","M","?","?","R","M","M","T","R","?","M","?","M","R","BOSS"],"items_purchased_type":["Card"],"build_version":"2020-12-22","purchased_purges":1,"victory":false,"max_hp_per_floor":[70,70,70,70,70,70,70,70,70,70,70,70,70,70,70,70,70],"card_choices":[{"not_picked":["Dagger Throw","Dodge and Roll"],"picked":"Noxious Fumes","floor":1.0},{"not_picked":["PiercingWail","Prepared"],"picked":"Terror","floor":2.0},{"not_picked":["Well Laid Plans","Sucker Punch","Slice"],"picked":"SKIP","floor":3.0},{"not_picked":["Endless Agony","Escape Plan"],"picked":"Grand Finale","floor":4.0},{"not_picked":["Skewer","All Out Attack","Poisoned Stab"],"picked":"SKIP","floor":7},{"not_picked":["PiercingWail","Quick Slash"],"picked":"Backflip","floor":8},{"not_picked":["Dash","Blade Dance"],"picked":"Crippling Poison","floor":12},{"not_picked":["Setup","Riddle With Holes","Outmaneuver"],"picked":"SKIP","floor":14}],"player_experience":858836,"relics_obtained":[{"floor":9,"key":"Ancient Tea Set"},{"floor":13,"key":"Gremlin Horn"}],"event_choices":[{"damage_healed":0,"gold_gain":0,"player_choice":"Success","damage_taken":3,"relics_obtained":["Vajra"],"max_hp_gain":0,"max_hp_loss":0,"event_name":"Scrap Ooze","floor":11,"gold_loss":0}],"is_beta":false,"boss_relics":[],"items_purged_floors":[5],"is_endless":false,"potions_floor_spawned":[2,3,12,14],"killed_by":"Slime Boss","ascension_level":10}}