{"host":"d52brwsy6af8zvaq","time":1612045781,"event":{"mods":["AchievementEnabler","BaseMod","Bestiary","Highlight Path","Minty Spire (QoL Compilation)","Quick Restart","Relic Stats","ojb\u0027s Better Paths Mod"],"gold_per_floor":[113,131,45,64,64,64,97,97,97,97,107,141,159,179,179,254,254,265,105,121,121,133,133,133,133],"floor_reached":24,"language":"ENG","playtime":819,"items_purged":["Strike_G"],"score":516,"play_id":"015ecbd4-30c6-4f03-bed0-565f27939653","local_time":"20210130152941","is_ascension_mode":true,"campfire_choices":[{"data":"Dagger Spray","floor":6.0,"key":"SMITH"},{"floor":10.0,"key":"REST"},{"data":"Noxious Fumes","floor":15.0,"key":"SMITH"},{"floor":23,"key":"REST"}],"circlet_count":0,"master_deck":["AscendersBane","Strike_G","Strike_G","Strike_G","Strike_G","Defend_G","Defend_G","Defend_G","Defend_G","Defend_G+1","Survivor","Neutralize","Dramatic Entrance","Underhanded Strike+1","Dagger Spray+1","Footwork","Burst","Noxious Fumes+1","Crippling Poison","Poisoned Stab","A Thousand Cuts","Cloak And Dagger","Corpse Explosion","Well Laid Plans","Acrobatics","Bane","Deadly Poison+1"],"relics":["Ring of the Snake","Thread and Needle","MealTicket","HoveringKite"],"acts_visited":["TheCity"],"potions_floor_usage":[24],"damage_taken":[{"damage":2.0,"enemies":"Jaw Worm","floor":1.0,"turns":6.0},{"damage":0.0,"enemies":"2 Louse","floor":2.0,"turns":3.0},{"damage":0.0,"enemies":"Small Slimes","floor":4.0,"turns":2.0},{"damage":12.0,"enemies":"Lagavulin","floor":7.0,"turns":8.0},{"damage":0.0,"enemies":"Red Slaver","floor":11.0,"turns":4.0},{"damage":0.0,"enemies":"3 Sentries","floor":12.0,"turns":6.0},{"damage":0.0,"enemies":"3 Louse","floor":13.0,"turns":1.0},{"damage":0.0,"enemies":"Lots of Slimes","floor":14.0,"turns":3.0},{"damage":23.0,"enemies":"Hexaghost","floor":16.0,"turns":9.0},{"damage":19.0,"enemies":"3 Byrds","floor":18.0,"turns":3.0},{"damage":26.0,"enemies":"2 Thieves","floor":20.0,"turns":4.0},{"damage":7,"enemies":"Centurion and Healer","floor":22,"turns":6},{"damage":47,"enemies":"Gremlin Leader","floor":24,"turns":3}],"seed_played":"2495700399823235146","potions_obtained":[{"floor":1.0,"key":"AttackPotion"},{"floor":7.0,"key":"Explosive Potion"},{"floor":13.0,"key":"SkillPotion"},{"floor":16.0,"key":"SteroidPotion"},{"floor":20.0,"key":"Poison Potion"}],"is_trial":false,"path_per_floor":["M","M","$","M","?","R","E","?","T","R","M","E","M","M","R","B",null,"M","$","M","?","M","R","E"],"character_chosen":"THE_SILENT","items_purchased":["Footwork","Acrobatics","Bane"],"campfire_rested":2,"item_purchase_floors":[3,19,19],"current_hp_per_floor":[57,57,57,57,37,37,25,25,25,44,44,44,44,44,44,21,55,36,51,25,25,18,37,0,0],"gold":133,"neow_bonus":"RANDOM_COLORLESS","is_daily":false,"chose_seed":false,"campfire_upgraded":2,"win_rate":0.0,"timestamp":1612045781,"path_taken":["M","M","$","M","?","R","E","?","T","R","M","E","M","M","R","BOSS","M","$","M","?","M","R","E"],"items_purchased_type":["Card","Card","Card"],"build_version":"2020-12-22","purchased_purges":1,"victory":false,"max_hp_per_floor":[66,66,66,66,66,66,66,66,66,66,66,66,66,66,66,66,66,66,66,66,66,66,66,66,66],"relic_stats":{"counters":[13,58],"HoveringKite":[2],"MealTicket":15,"obtain_stats":[{"HoveringKite":17,"Thread and Needle":7,"MealTicket":12,"Ring of the Snake":0},{"HoveringKite":9,"Thread and Needle":4,"MealTicket":6,"Ring of the Snake":0},{"HoveringKite":42,"Thread and Needle":19,"MealTicket":29,"Ring of the Snake":0}],"Ring of the Snake":[26]},"card_choices":[{"not_picked":["Deep Breath","PanicButton"],"picked":"Dramatic Entrance","floor":0.0},{"not_picked":["Outmaneuver","Prepared"],"picked":"Underhanded Strike","floor":1.0},{"not_picked":["Deflect","Bane"],"picked":"Dagger Spray","floor":2.0},{"not_picked":["Tactician","Deflect"],"picked":"Burst","floor":4.0},{"not_picked":["Quick Slash","Dash"],"picked":"Noxious Fumes","floor":7.0},{"not_picked":["Masterful Stab","PiercingWail"],"picked":"Crippling Poison","floor":11.0},{"not_picked":["Finisher","Deflect"],"picked":"Poisoned Stab","floor":12.0},{"not_picked":["Dagger Throw","Slice"],"picked":"A Thousand Cuts","floor":13.0},{"not_picked":["Eviscerate","Dagger Throw"],"picked":"Cloak And Dagger","floor":14.0},{"not_picked":["Unload","Burst"],"picked":"Corpse Explosion","floor":16.0},{"not_picked":["Bane","All Out Attack"],"picked":"Well Laid Plans","floor":18.0},{"not_picked":["Heel Hook","Deflect"],"picked":"Deadly Poison+1","floor":20.0},{"not_picked":["Accuracy","Deflect","Bane"],"picked":"SKIP","floor":22}],"player_experience":2084078,"relics_obtained":[{"floor":7.0,"key":"Thread and Needle"},{"floor":12.0,"key":"MealTicket"}],"event_choices":[{"damage_healed":0.0,"max_hp_gain":0.0,"max_hp_loss":0.0,"gold_gain":0.0,"event_name":"Shining Light","player_choice":"Entered Light","floor":5.0,"gold_loss":0.0,"damage_taken":20.0,"cards_upgraded":["Defend_G","Underhanded Strike"]},{"damage_healed":0.0,"max_hp_gain":0.0,"max_hp_loss":0.0,"gold_gain":0.0,"event_name":"Liars Game","player_choice":"Ignored","floor":8.0,"gold_loss":0.0,"damage_taken":0.0},{"damage_healed":0.0,"max_hp_gain":0.0,"max_hp_loss":0.0,"gold_gain":0.0,"event_name":"Vampires","player_choice":"Ignored","floor":21.0,"gold_loss":0.0,"damage_taken":0.0}],"is_beta":false,"boss_relics":[{"not_picked":["Velvet Choker","Ectoplasm"],"picked":"HoveringKite"}],"items_purged_floors":[19],"is_endless":false,"potions_floor_spawned":[1,7,13,16,20],"killed_by":"Gremlin Leader","ascension_level":20}}