{"host":"ez9lh5a3k31ytd04","time":1612016827,"event":{"mods":["Act Like it!","BaseMod","Gensokyo","KomeijiMod","Marisa£®ÏF”Í°°ƒß¿Ì…≥£©","Minty Spire (QoL Compilation)","Reimu£®≤©¿ˆ¡È√Œ£©","Remilia£®¿Ÿ√◊¿Ú—«£©","Replay The Spire","StSLib","Waifu the Spire","Youmu£®ªÍ∆«—˝√Œ£©","Yuyuko","noobMod"],"gold_per_floor":[117,136,51,51,51,51,76,76,76,76,92,147,162,10,10,125,175,191,191,191,222,260,295,0,19,19,19,93,108,119,281,281,428,428,452,68,68,68,78,109,109,49,72,72,72,117,160,160,160,182],"floor_reached":51,"language":"ZHS","playtime":3272,"items_purged":["Strike_MRS","Exhaustion"],"score":873,"play_id":"3b6ecca4-2edc-4b4d-afcf-f0ed12511e1f","local_time":"20210130222707","is_ascension_mode":false,"campfire_choices":[{"data":"MysteriousBeam","floor":6,"key":"SMITH"},{"data":"DoubleSpark","floor":8,"key":"SMITH"},{"data":"UpSweep","floor":10,"key":"SMITH"},{"data":"MysteriousBeam","floor":15,"key":"SMITH"},{"data":"CollectingQuirk","floor":32,"key":"SMITH"},{"data":"MachineGunSpark","floor":41,"key":"SMITH"},{"data":"MagicChant","floor":41,"key":"SMITH"},{"data":"PropBag","floor":44,"key":"SMITH"},{"data":"JA","floor":44,"key":"SMITH"},{"data":"PropBag","floor":49,"key":"SMITH"},{"data":"EventHorizon","floor":49,"key":"SMITH"}],"circlet_count":0,"master_deck":["Strike_MRS","Defend_MRS","MasterSpark","UpSweep+1","Robbery+1","RefractionSpark","MysteriousBeam+1","EventHorizon+1","DoubleSpark+1","PropBag+1","StarlightTyphoon","MysteriousBeam+1","RefractionSpark+1","JA+1","ManaConvection","PowerUp","CasketOfStar","IllusionStar+1","RefractionSpark","Searching","MilkyWay+1","CollectingQuirk+1","UnstableBomb","UltimateShortwave","SprinkleStarSeal+1","LuminesStrike+1","StarBarrage+1","MachineGunSpark+1","MagicChant+1","Singularity","Gensokyo:CustomPotion","Parasite","Parasite","ReplayTheSpireMod:Splinters","PropBag+1"],"relics":["MiniHakkero","ice","NeowsBlessing","War Paint","Replay:WaspNest","Incense Burner","Tiny House","Enchiridion","KyoryuNoHagoromo","Simple Rune","Ornamental Fan","Torii","Toy Ornithopter","Whetstone","Astrolabe","Replay:Arrowhead","Happy Flower","Centennial Puzzle","ShroomBag","Ancient Tea Set"],"acts_visited":["Exordium","TheCity","TheCity"],"potions_floor_usage":[12,18,23,23,25,33,39,40,40,40,50,50,50],"damage_taken":[{"damage":0,"enemies":"Small Slimes","floor":1,"turns":1},{"damage":0,"enemies":"Cultist","floor":2,"turns":3},{"damage":0,"enemies":"Lagavulin","floor":7,"turns":1},{"damage":0,"enemies":"Jaw Worm","floor":11,"turns":1},{"damage":0,"enemies":"Gremlin Nob","floor":12,"turns":2},{"damage":0,"enemies":"Looter","floor":13,"turns":2},{"damage":6,"enemies":"Fading Forest","floor":16,"turns":11},{"damage":5,"enemies":"3 Byrds","floor":18,"turns":3},{"damage":0,"enemies":"Chosen","floor":21,"turns":3},{"damage":39,"enemies":"Snake Plant","floor":22,"turns":2},{"damage":29,"enemies":"Slavers","floor":23,"turns":3},{"damage":6,"enemies":"3 Cultists","floor":25,"turns":4},{"damage":8,"enemies":"Book of Stabbing","floor":28,"turns":4},{"damage":8,"enemies":"Snecko","floor":29,"turns":3},{"damage":0,"enemies":"Snake Plant","floor":30,"turns":3},{"damage":0,"enemies":"Centurion and Healer","floor":31,"turns":3},{"damage":1,"enemies":"Champ","floor":33,"turns":7},{"damage":0,"enemies":"Gensokyo:3_Bats","floor":35,"turns":1},{"damage":2,"enemies":"Gensokyo:AncientGuardian","floor":39,"turns":4},{"damage":41,"enemies":"Gensokyo:Kasen","floor":40,"turns":5},{"damage":14,"enemies":"Gensokyo:SeedOfUnknown","floor":46,"turns":4},{"damage":11,"enemies":"Gensokyo:Yuyuko","floor":50,"turns":4}],"seed_played":"7864250478467465325","potions_obtained":[{"floor":1,"key":"CalmPotion"},{"floor":7,"key":"PowerPotion"},{"floor":11,"key":"Elixir"},{"floor":16,"key":"Elixir"},{"floor":17,"key":"MagicPotion:ReiMu"},{"floor":21,"key":"Cursed Concoction"},{"floor":23,"key":"Fire Potion"},{"floor":28,"key":"GamblersBrew"},{"floor":30,"key":"LifebloodPotion"},{"floor":31,"key":"Flashbang"},{"floor":35,"key":"BlessingOfTheForge"},{"floor":39,"key":"ColorlessPotion"},{"floor":46,"key":"LifebloodPotion"},{"floor":47,"key":"StarNLove"},{"floor":47,"key":"Toxic Potion"}],"is_trial":false,"path_per_floor":["M","M","$","?","$","R","E","R","T","R","M","E","M","$","R","B",null,"M","?","?","M","M","E","$","M","T","?","E","M","M","M","R","B",null,"M","$","?","?","M","E","R","?","T","R","?","M","?","?","R","B",null],"character_chosen":"MARISA","items_purchased":["MysteriousBeam","EventHorizon","RefractionSpark","Searching","MachineGunSpark","Replay:Arrowhead"],"campfire_rested":0,"item_purchase_floors":[3,3,14,24,36,36],"current_hp_per_floor":[75,75,75,75,75,75,75,75,75,75,75,75,75,75,75,69,80,75,75,59,59,20,65,65,59,59,59,51,43,43,43,43,47,99,99,99,99,99,97,65,65,65,65,65,65,63,63,63,63,63],"gold":182,"neow_bonus":"THREE_ENEMY_KILL","is_daily":false,"chose_seed":false,"campfire_upgraded":11,"win_rate":0.0,"timestamp":1612016827,"path_taken":["M","M","$","?","?","R","E","R","T","R","M","E","M","?","R","BOSS","M","?","?","M","M","E","$","M","T","?","E","M","M","?","R","BOSS","M","$","?","?","M","E","R","?","T","R","?","?","?","?","R","BOSS"],"items_purchased_type":["Card","Card","Card","Card","Card","Relic"],"build_version":"2020-12-22","purchased_purges":2,"victory":true,"max_hp_per_floor":[75,75,75,75,75,75,75,75,75,75,75,75,75,75,75,75,80,80,80,80,80,80,84,84,87,87,87,93,94,97,97,97,99,99,99,99,99,99,101,108,108,108,108,108,108,109,109,109,109,111],"card_choices":[{"not_picked":["AsteroidBelt","DC"],"picked":"Robbery","floor":1},{"not_picked":["GravityBeat","UnstableBomb"],"picked":"RefractionSpark","floor":2},{"not_picked":["NonDirectionalLaser","IllusionStar"],"picked":"DoubleSpark","floor":7},{"not_picked":["StarBarrage","MagicChant"],"picked":"PropBag","floor":11},{"not_picked":["6A","PropBag"],"picked":"StarlightTyphoon","floor":12},{"not_picked":["WitchOfGreed","GalacticHalo"],"picked":"MysteriousBeam","floor":13},{"not_picked":["CollectingQuirk","BinaryStars"],"picked":"JA","floor":16},{"not_picked":["AsteroidBelt","WitchLeyline"],"picked":"ManaConvection","floor":17},{"not_picked":["DoubleSpark","EarthLightRay+1"],"picked":"PowerUp","floor":18},{"not_picked":["NonDirectionalLaser","GalacticHalo"],"picked":"CasketOfStar","floor":21},{"not_picked":["WitchOfGreed","DoubleSpark"],"picked":"IllusionStar+1","floor":22},{"not_picked":["NonDirectionalLaser","MilkyWay"],"picked":"RefractionSpark","floor":23},{"not_picked":["DC","6A"],"picked":"MilkyWay+1","floor":25},{"not_picked":["DragonMeteor","ShootTheMoon"],"picked":"CollectingQuirk","floor":28},{"not_picked":["DoubleSpark+1","DragonMeteor","LuminesStrike"],"picked":"SKIP","floor":29},{"not_picked":["AsteroidBelt","WitchOfGreed+1","GalacticHalo"],"picked":"SKIP","floor":30},{"not_picked":["EnergyRecoil","IllusionStar"],"picked":"UnstableBomb","floor":31},{"not_picked":["BinaryStars","EscapeVelocity"],"picked":"UltimateShortwave","floor":33},{"not_picked":["LuminesStrike+1","DC","GrandCross"],"picked":"SKIP","floor":35},{"not_picked":["Acceleration","DoubleSpark+1"],"picked":"MagicChant","floor":39},{"not_picked":["SprinkleStarSeal","GrandCross"],"picked":"Singularity","floor":40},{"not_picked":["AbsoluteMagnitude","RefractionSpark","NonDirectionalLaser+1"],"picked":"SKIP","floor":46},{"not_picked":["SuperPerseids+1","Robbery"],"picked":"PropBag","floor":47}],"player_experience":33397,"relics_obtained":[{"floor":7,"key":"War Paint"},{"floor":9,"key":"Replay:WaspNest"},{"floor":12,"key":"Incense Burner"},{"floor":20,"key":"Enchiridion"},{"floor":23,"key":"KyoryuNoHagoromo"},{"floor":25,"key":"Simple Rune"},{"floor":26,"key":"Ornamental Fan"},{"floor":28,"key":"Toy Ornithopter"},{"floor":29,"key":"Whetstone"},{"floor":40,"key":"Happy Flower"},{"floor":40,"key":"Centennial Puzzle"},{"floor":43,"key":"ShroomBag"}],"event_choices":[{"damage_healed":0,"gold_gain":0,"player_choice":"Upgraded","damage_taken":0,"max_hp_gain":0,"max_hp_loss":0,"event_name":"Upgrade Shrine","floor":4,"gold_loss":0,"cards_upgraded":["Robbery"]},{"damage_healed":0,"gold_gain":0,"player_choice":"Obtained Book","damage_taken":16,"max_hp_gain":0,"max_hp_loss":0,"event_name":"Cursed Tome","floor":20,"gold_loss":0},{"damage_healed":0,"gold_gain":0,"player_choice":"Gave Potion","damage_taken":0,"relics_obtained":["Torii"],"max_hp_gain":0,"max_hp_loss":0,"event_name":"WeMeetAgain","floor":27,"gold_loss":0}],"is_beta":false,"boss_relics":[{"not_picked":["Velvet Choker","Fusion Hammer"],"picked":"Tiny House"},{"not_picked":["Kintsugi","Replay:Drink Me"],"picked":"Astrolabe"}],"items_purged_floors":[14,24],"is_endless":false,"potions_floor_spawned":[1,7,11,16,21,23,28,30,31,35,39,46],"ascension_level":0}}