{"host":"6gwm7y0tp7acoxay","time":1612008037,"event":{"mods":["BaseMod","Colored Map","Keyboard Shortcuts","Minty Spire (QoL Compilation)","Quick Restart","StSLib","SuperFastMode","everything is the same but u backflip on backflip"],"gold_per_floor":[118,118,118,118,132,172,212,252,252,252,7,47,120,158,158,252,315,328,328,84,84,109,145,183,216,239,279,279,279,66,139,139,229,229,245,245,313,250,250,290,290,309,382,420,454,472,506,547,547,547,547,547,547,52,91,91],"floor_reached":57,"language":"KOR","playtime":1791,"items_purged":["Flex","Sword Boomerang","Inflame","Flame Barrier"],"score":4233,"play_id":"73f7593a-d4f7-49e0-aa41-18ec6f465c2b","local_time":"20210130210037","daily_mods":["SealedDeck","Heirloom","Flight"],"is_ascension_mode":true,"campfire_choices":[{"data":"Body Slam","floor":15.0,"key":"SMITH"},{"floor":28.0,"key":"RECALL"},{"data":"Barricade","floor":32.0,"key":"SMITH"},{"data":"1","floor":49,"key":"LIFT"},{"data":"2","floor":53,"key":"LIFT"}],"circlet_count":0,"master_deck":["AscendersBane","Shockwave+1","True Grit","Shrug It Off","Armaments+1","Battle Trance+1","Power Through+1","Feel No Pain","Body Slam+1","Evolve","Impervious","Offering","Entrench","Barricade+1","Second Wind+1","Seeing Red+1","Disarm"],"relics":["Burning Blood","Champion Belt","Golden Idol","PreservedInsect","Eternal Feather","InkBottle","War Paint","Art of War","Mercury Hourglass","Shuriken","Tiny House","Membership Card","Prayer Wheel","Letter Opener","Pear","Vajra","Strawberry","Potion Belt","Matryoshka","Fusion Hammer","Torii","Pen Nib","Lantern","Sundial","Paper Frog","Girya","Centennial Puzzle","Omamori","Calipers","Bag of Preparation","Orrery","Happy Flower"],"acts_visited":["Exordium","TheCity","TheBeyond","TheEnding"],"potions_floor_usage":[44,50,54,56,56],"damage_taken":[{"damage":1.0,"enemies":"Jaw Worm","floor":1.0,"turns":3.0},{"damage":0.0,"enemies":"Small Slimes","floor":5.0,"turns":4.0},{"damage":3.0,"enemies":"Gremlin Nob","floor":6.0,"turns":3.0},{"damage":0.0,"enemies":"Lagavulin","floor":7.0,"turns":3.0},{"damage":3.0,"enemies":"3 Sentries","floor":8.0,"turns":10.0},{"damage":0.0,"enemies":"Lagavulin","floor":12.0,"turns":4.0},{"damage":7.0,"enemies":"Gremlin Nob","floor":13.0,"turns":3.0},{"damage":0.0,"enemies":"Gremlin Nob","floor":14.0,"turns":4.0},{"damage":11.0,"enemies":"Slime Boss","floor":16.0,"turns":5.0},{"damage":17.0,"enemies":"Shell Parasite","floor":18.0,"turns":4.0},{"damage":6.0,"enemies":"Chosen","floor":22.0,"turns":2.0},{"damage":6.0,"enemies":"Slavers","floor":23.0,"turns":5.0},{"damage":6.0,"enemies":"Gremlin Leader","floor":24.0,"turns":5.0},{"damage":6.0,"enemies":"Slavers","floor":25.0,"turns":5.0},{"damage":6.0,"enemies":"Book of Stabbing","floor":27.0,"turns":5.0},{"damage":6.0,"enemies":"Collector","floor":33.0,"turns":5.0},{"damage":0.0,"enemies":"Orb Walker","floor":35.0,"turns":3.0},{"damage":11.0,"enemies":"2 Orb Walkers","floor":37.0,"turns":5.0},{"damage":7.0,"enemies":"Giant Head","floor":40.0,"turns":4.0},{"damage":6,"enemies":"3 Darklings","floor":42,"turns":5},{"damage":6,"enemies":"Reptomancer","floor":44,"turns":2},{"damage":6,"enemies":"Giant Head","floor":45,"turns":3},{"damage":6,"enemies":"Jaw Worm Horde","floor":46,"turns":5},{"damage":6,"enemies":"Reptomancer","floor":47,"turns":3},{"damage":6,"enemies":"Giant Head","floor":48,"turns":2},{"damage":6,"enemies":"Awakened One","floor":50,"turns":6},{"damage":6,"enemies":"Donu and Deca","floor":51,"turns":3},{"damage":6,"enemies":"Shield and Spear","floor":55,"turns":3},{"damage":6,"enemies":"The Heart","floor":56,"turns":6}],"seed_played":"28891518251735645","potions_obtained":[{"floor":5.0,"key":"GamblersBrew"},{"floor":8.0,"key":"BlessingOfTheForge"},{"floor":23.0,"key":"Block Potion"},{"floor":35.0,"key":"BloodPotion"},{"floor":40.0,"key":"SpeedPotion"},{"floor":44,"key":"ElixirPotion"}],"is_trial":true,"path_per_floor":["M","?","?","?","M","E","E","E","T","?","$","E","?","E","R","B",null,"M","?","$","?","M","E","E","E","T","E","R","?","$","T","R","B",null,"M","?","?","$","?","E","?","M","T","E","E","M","E","E","R","B","B",null,"R","$","E","B",null],"character_chosen":"IRONCLAD","items_purchased":["Evolve","War Paint","Membership Card","Entrench","Barricade","Potion Belt","Calipers","Bag of Preparation","Fruit Juice","Weak Potion","Orrery"],"campfire_rested":0,"item_purchase_floors":[11,11,20,20,30,30,54,54,54,54,54],"current_hp_per_floor":[73,73,47,47,53,56,62,65,65,65,65,71,70,75,75,70,79,68,68,68,62,62,62,62,72,72,79,88,88,88,88,97,97,97,97,97,92,92,92,91,97,97,97,97,97,97,97,97,97,97,97,97,97,102,102,102],"gold":91,"neow_bonus":"","is_daily":false,"chose_seed":false,"campfire_upgraded":2,"win_rate":0.0,"timestamp":1612008037,"path_taken":["M","?","?","?","?","E","E","E","T","?","?","E","?","E","R","BOSS","M","?","$","?","?","E","E","E","T","E","R","?","$","?","R","BOSS","M","?","?","$","?","E","?","M","T","E","E","?","E","E","R","BOSS","BOSS","R","$","E","BOSS"],"items_purchased_type":["Card","Relic","Relic","Card","Card","Relic","Relic","Relic","Potion","Potion","Relic"],"build_version":"2020-12-22","purchased_purges":4,"victory":true,"max_hp_per_floor":[75,75,75,75,75,75,75,75,75,75,75,75,75,75,75,75,80,80,80,80,80,80,80,80,90,90,97,97,97,97,97,97,97,97,97,97,97,97,97,97,97,97,97,97,97,97,97,97,97,97,97,97,97,102,102,102],"card_choices":[{"not_picked":["Havoc","Perfected Strike","Feel No Pain"],"picked":"SKIP","floor":1.0},{"not_picked":["Seeing Red","Sever Soul","Armaments"],"picked":"SKIP","floor":5.0},{"not_picked":["Havoc","True Grit"],"picked":"Body Slam","floor":6.0},{"not_picked":["Burning Pact","Clash","Armaments"],"picked":"SKIP","floor":7.0},{"not_picked":["Twin Strike","Pommel Strike"],"picked":"Rampage","floor":8.0},{"not_picked":["Twin Strike","Thunderclap","Feel No Pain"],"picked":"SKIP","floor":12.0},{"not_picked":["Sever Soul","Reckless Charge"],"picked":"Impervious","floor":13.0},{"not_picked":["Clothesline","Twin Strike","Rupture"],"picked":"SKIP","floor":14.0},{"not_picked":["Juggernaut","Exhume"],"picked":"Offering","floor":16.0},{"not_picked":["Seeing Red","Inflame"],"picked":"Fire Breathing","floor":17.0},{"not_picked":["Body Slam+1","Havoc+1","Sentinel"],"picked":"SKIP","floor":18.0},{"not_picked":["Cleave+1","Hemokinesis+1"],"picked":"Flame Barrier","floor":22.0},{"not_picked":["Headbutt","Bloodletting","Havoc"],"picked":"SKIP","floor":23.0},{"not_picked":["Wild Strike","Pommel Strike","Shrug It Off"],"picked":"SKIP","floor":24.0},{"not_picked":["Dual Wield","Cleave","Feel No Pain"],"picked":"SKIP","floor":25.0},{"not_picked":["Flex","Whirlwind","Headbutt"],"picked":"SKIP","floor":27.0},{"not_picked":["Havoc+1","Armaments","Flame Barrier"],"picked":"SKIP","floor":35.0},{"not_picked":["Evolve","Anger","Flex"],"picked":"SKIP","floor":35.0},{"not_picked":["Armaments","Intimidate","Anger"],"picked":"SKIP","floor":40.0},{"not_picked":["Evolve+1","Blood for Blood"],"picked":"Second Wind+1","floor":42},{"not_picked":["Clash","Anger","Infernal Blade"],"picked":"SKIP","floor":42},{"not_picked":["Wild Strike","Dark Embrace","Body Slam"],"picked":"SKIP","floor":44},{"not_picked":["Metallicize","Anger","True Grit"],"picked":"SKIP","floor":45},{"not_picked":["Thunderclap+1","Carnage"],"picked":"Seeing Red+1","floor":46},{"not_picked":["Pommel Strike","Havoc","Shrug It Off"],"picked":"SKIP","floor":46},{"not_picked":["Berserk","Sword Boomerang+1","Clash"],"picked":"SKIP","floor":47},{"not_picked":["Limit Break","Body Slam","Carnage"],"picked":"SKIP","floor":48},{"not_picked":["Wild Strike","Sword Boomerang"],"picked":"Disarm","floor":54},{"not_picked":["Armaments","True Grit+1","Iron Wave"],"picked":"SKIP","floor":55}],"player_experience":4453652,"relics_obtained":[{"floor":6.0,"key":"PreservedInsect"},{"floor":7.0,"key":"Eternal Feather"},{"floor":8.0,"key":"InkBottle"},{"floor":12.0,"key":"Art of War"},{"floor":13.0,"key":"Mercury Hourglass"},{"floor":14.0,"key":"Shuriken"},{"floor":23.0,"key":"Prayer Wheel"},{"floor":24.0,"key":"Letter Opener"},{"floor":25.0,"key":"Pear"},{"floor":26.0,"key":"Vajra"},{"floor":27.0,"key":"Strawberry"},{"floor":31.0,"key":"Matryoshka"},{"floor":37.0,"key":"Torii"},{"floor":40.0,"key":"Pen Nib"},{"floor":43,"key":"Lantern"},{"floor":43,"key":"Sundial"},{"floor":44,"key":"Paper Frog"},{"floor":45,"key":"Girya"},{"floor":47,"key":"Centennial Puzzle"},{"floor":48,"key":"Omamori"},{"floor":55,"key":"Happy Flower"}],"event_choices":[{"damage_healed":0.0,"max_hp_gain":0.0,"max_hp_loss":0.0,"gold_gain":0.0,"event_name":"Living Wall","player_choice":"Grow","floor":2.0,"gold_loss":0.0,"damage_taken":0.0,"cards_upgraded":["Armaments"]},{"damage_healed":0.0,"max_hp_gain":0.0,"max_hp_loss":0.0,"gold_gain":0.0,"event_name":"Golden Idol","player_choice":"Take Damage","floor":3.0,"gold_loss":0.0,"damage_taken":26.0,"relics_obtained":["Golden Idol"]},{"damage_healed":0.0,"max_hp_gain":0.0,"max_hp_loss":0.0,"gold_gain":0.0,"event_name":"Upgrade Shrine","player_choice":"Upgraded","floor":4.0,"gold_loss":0.0,"damage_taken":0.0,"cards_upgraded":["Battle Trance"]},{"damage_healed":0.0,"max_hp_gain":0.0,"max_hp_loss":0.0,"gold_gain":0.0,"event_name":"Liars Game","player_choice":"Ignored","floor":10.0,"gold_loss":0.0,"damage_taken":0.0},{"damage_healed":0.0,"max_hp_gain":0.0,"max_hp_loss":0.0,"gold_gain":0.0,"event_name":"Dead Adventurer","player_choice":"Searched \u00272\u0027 times","floor":13.0,"gold_loss":0.0,"damage_taken":0.0},{"cards_removed":["Rampage"],"damage_healed":0.0,"max_hp_gain":0.0,"max_hp_loss":0.0,"gold_gain":0.0,"event_name":"Back to Basics","player_choice":"Elegance","floor":19.0,"gold_loss":0.0,"damage_taken":0.0},{"damage_healed":0.0,"max_hp_gain":0.0,"max_hp_loss":0.0,"gold_gain":0.0,"event_name":"Knowing Skull","player_choice":"","floor":21.0,"potions_obtained":[],"gold_loss":0.0,"damage_taken":6.0,"cards_obtained":[]},{"damage_healed":0.0,"max_hp_gain":0.0,"max_hp_loss":0.0,"gold_gain":0.0,"event_name":"Ghosts","player_choice":"Ignored","floor":29.0,"gold_loss":0.0,"damage_taken":0.0},{"damage_healed":0.0,"max_hp_gain":0.0,"max_hp_loss":0.0,"gold_gain":0.0,"event_name":"SensoryStone","player_choice":"Memory 1","floor":36.0,"gold_loss":0.0,"damage_taken":0.0},{"damage_healed":0.0,"max_hp_gain":0.0,"max_hp_loss":0.0,"gold_gain":0.0,"event_name":"Mysterious Sphere","player_choice":"Fight","floor":37.0,"gold_loss":0.0,"damage_taken":0.0},{"damage_healed":0.0,"max_hp_gain":0.0,"max_hp_loss":0.0,"gold_gain":0.0,"event_name":"Tomb of Lord Red Mask","player_choice":"Ignored","floor":39.0,"gold_loss":0.0,"damage_taken":0.0},{"cards_removed":["Fire Breathing"],"damage_healed":6.0,"max_hp_gain":0.0,"max_hp_loss":0.0,"gold_gain":0.0,"event_name":"Bonfire Elementals","player_choice":"Offered Uncommon","floor":41.0,"gold_loss":0.0,"damage_taken":0.0}],"is_beta":false,"boss_relics":[{"not_picked":["Coffee Dripper","Empty Cage"],"picked":"Tiny House"},{"not_picked":["Black Blood","Calling Bell"],"picked":"Fusion Hammer"}],"items_purged_floors":[20,30,38,54],"is_endless":false,"potions_floor_spawned":[5,8,12,16,23,25,35,40,44,46,47,48,55],"ascension_level":20}}