{"host":"f0gpob8hq9vgebej","time":1612012134,"event":{"mods":["AchievementEnabler","BaseMod","Minty Spire (QoL Compilation)","Quick Restart","SuperFastMode"],"gold_per_floor":[115,135,148,163,263,263,279,314,314,314,340,359,534,35,35,35,35],"floor_reached":16,"language":"KOR","playtime":394,"items_purged":["Doubt"],"score":174,"play_id":"4218a6d6-b2d3-4104-a745-ed3321ca19a0","local_time":"20210130220854","is_ascension_mode":true,"campfire_choices":[{"data":"Zap","floor":6,"key":"SMITH"},{"floor":10,"key":"REST"},{"floor":15,"key":"REST"}],"circlet_count":0,"master_deck":["AscendersBane","Strike_B","Strike_B","Strike_B","Defend_B","Defend_B","Defend_B","Defend_B","Zap+1","Dualcast","Conserve Battery","Coolheaded","Ball Lightning","Turbo","Auto Shields","Hologram","Static Discharge","Defragment","Force Field"],"relics":["Cracked Core","Bag of Marbles","Matryoshka","Boot","Incense Burner"],"acts_visited":["Exordium"],"potions_floor_usage":[4,11,12,16],"damage_taken":[{"damage":2,"enemies":"Jaw Worm","floor":1,"turns":3},{"damage":1,"enemies":"Cultist","floor":2,"turns":4},{"damage":1,"enemies":"2 Louse","floor":3,"turns":4},{"damage":0,"enemies":"Gremlin Gang","floor":4,"turns":2},{"damage":0,"enemies":"2 Fungi Beasts","floor":7,"turns":2},{"damage":48,"enemies":"Gremlin Nob","floor":8,"turns":5},{"damage":26,"enemies":"3 Sentries","floor":11,"turns":9},{"damage":11,"enemies":"Lots of Slimes","floor":12,"turns":5},{"damage":26,"enemies":"Slime Boss","floor":16,"turns":3}],"seed_played":"-8458255875192012082","potions_obtained":[{"floor":1,"key":"Explosive Potion"},{"floor":3,"key":"Ancient Potion"},{"floor":7,"key":"EssenceOfSteel"},{"floor":12,"key":"CultistPotion"}],"is_trial":false,"path_per_floor":["M","M","M","M","?","R","M","E","T","R","E","M","?","$","R","B"],"character_chosen":"DEFECT","items_purchased":["Incense Burner","Defragment","Force Field"],"campfire_rested":2,"item_purchase_floors":[14,14,14],"current_hp_per_floor":[66,65,64,64,64,64,64,16,16,38,12,1,1,1,23,0,0],"gold":35,"neow_bonus":"REMOVE_CARD","is_daily":false,"chose_seed":false,"campfire_upgraded":1,"win_rate":0.0,"timestamp":1612012134,"path_taken":["M","M","M","M","?","R","?","E","T","R","E","M","?","$","R","BOSS"],"items_purchased_type":["Relic","Card","Card"],"build_version":"2020-12-22","purchased_purges":1,"victory":false,"max_hp_per_floor":[75,75,75,75,75,75,75,75,75,75,75,75,75,75,75,75,75],"card_choices":[{"not_picked":["Static Discharge","Double Energy"],"picked":"Conserve Battery","floor":1},{"not_picked":["Genetic Algorithm","Streamline"],"picked":"Coolheaded","floor":2},{"not_picked":["Rebound","Chaos"],"picked":"Ball Lightning","floor":3},{"not_picked":["Coolheaded","Steam"],"picked":"Turbo","floor":4},{"not_picked":["Steam","Beam Cell"],"picked":"Auto Shields","floor":7},{"not_picked":["Leap","Doom and Gloom"],"picked":"Hologram","floor":8},{"not_picked":["Hello World","Rebound","Doom and Gloom"],"picked":"SKIP","floor":11},{"not_picked":["Hyperbeam","Hologram"],"picked":"Static Discharge","floor":12}],"player_experience":291098,"relics_obtained":[{"floor":8,"key":"Bag of Marbles"},{"floor":9,"key":"Matryoshka"},{"floor":11,"key":"Boot"}],"event_choices":[{"damage_healed":0,"gold_gain":100,"player_choice":"Pray","damage_taken":0,"max_hp_gain":0,"max_hp_loss":0,"event_name":"Golden Shrine","floor":5,"gold_loss":0},{"damage_healed":0,"gold_gain":175,"player_choice":"AGREE","damage_taken":0,"max_hp_gain":0,"max_hp_loss":0,"event_name":"Liars Game","floor":13,"gold_loss":0,"cards_obtained":["Doubt"]}],"is_beta":false,"boss_relics":[],"items_purged_floors":[14],"is_endless":false,"potions_floor_spawned":[1,3,7,8,12],"killed_by":"Slime Boss","ascension_level":11}}