{"host":"on8rz1ayhhz269sg","time":1612020301,"event":{"mods":["BaseMod","Downfall","Minty Spire (QoL Compilation)","Remilia（蕾米莉亚）","StSLib","[GremlinLeader]The Maniac","残留之物"],"gold_per_floor":[99,114,132,132,232,262,289,309,327,338,238,256,256,285,295,391,391,391,409,420,41,53,65,145,45,45,30,58,72,72,82,98,199,199,199,213,227,245,245,257,257,257,28,60,71,89,89,14,34,34],"floor_reached":51,"language":"ZHS","playtime":3843,"items_purged":[],"score":766,"play_id":"e70530ae-8e0e-4ebc-bc4f-6bf48a0a2a77","local_time":"20210130232501","is_ascension_mode":true,"campfire_choices":[{"floor":1.0,"key":"RECALL"},{"floor":11.0,"key":"REST"},{"floor":13.0,"key":"REST"},{"data":"PlaceholderMod:Inner","floor":18.0,"key":"SMITH"},{"floor":25.0,"key":"REST"},{"floor":30.0,"key":"REST"},{"data":"PlaceholderMod:GrowthForm","floor":35.0,"key":"SMITH"},{"floor":42.0,"key":"REST"},{"data":"PlaceholderMod:Crystallization","floor":47,"key":"SMITH"}],"circlet_count":0,"master_deck":["PlaceholderMod:BaseStrike","PlaceholderMod:BaseStrike","PlaceholderMod:BaseStrike","PlaceholderMod:BaseStrike","PlaceholderMod:BaseStrike","PlaceholderMod:BaseDefend","PlaceholderMod:BaseDefend","PlaceholderMod:BaseDefend","PlaceholderMod:BaseDefend","PlaceholderMod:BaseDefend","PlaceholderMod:Crystal+1","PlaceholderMod:PoisonWhip","PlaceholderMod:SpinBlade","PlaceholderMod:HornyBlast","PlaceholderMod:PoisonBlast","PlaceholderMod:HardStinger","PlaceholderMod:StressReaction","PlaceholderMod:CorePoison","PlaceholderMod:ComplexForm","PlaceholderMod:PoisonAbsorb","PlaceholderMod:Inner+1","PlaceholderMod:Eat","PlaceholderMod:HealingAttack","PlaceholderMod:Crystallization+1","PlaceholderMod:Inner","PlaceholderMod:RadicalHit","PlaceholderMod:StrongAcid","PlaceholderMod:Internalization+1","PlaceholderMod:Crystallization","PlaceholderMod:ThreeBenzyolStart","PlaceholderMod:NearChange+1","PlaceholderMod:ContinueSpray+1","PlaceholderMod:Corrosion","PlaceholderMod:AttackAsDefend","PlaceholderMod:GrowthForm+1","PlaceholderMod:PoisonExcitation","PlaceholderMod:ContinueSpray","PlaceholderMod:Package+1","PlaceholderMod:NutritionAbsorb","PlaceholderMod:BlastSpray","PlaceholderMod:InnerStable","PlaceholderMod:ChainPoly","PlaceholderMod:TriggerStrike","PlaceholderMod:ParasiteChange+1","PlaceholderMod:HardStinger+1","PlaceholderMod:DiffusionChemical","PlaceholderMod:Hard+1"],"relics":["PlaceholderMod:Tancle","Omamori","Bronze Scales","downfall:HeartBlessingRed","Odd Mushroom","Philosopher\u0027s Stone","Mummified Hand","downfall:HeartBlessingBlue","Darkstone Periapt","SlaversCollar","Pantograph","AntiCross","Pen Nib","Happy Flower"],"acts_visited":["Exordium","TheCity","TheBeyond"],"potions_floor_usage":[49,50],"damage_taken":[{"damage":1.0,"enemies":"Jaw Worm","floor":2.0,"turns":3.0},{"damage":0.0,"enemies":"2 Louse","floor":3.0,"turns":2.0},{"damage":48.0,"enemies":"Lagavulin","floor":6.0,"turns":9.0},{"damage":0.0,"enemies":"Cultist","floor":8.0,"turns":3.0},{"damage":7.0,"enemies":"Gremlin Gang","floor":9.0,"turns":3.0},{"damage":0.0,"enemies":"3 Louse","floor":10.0,"turns":1.0},{"damage":0.0,"enemies":"2 Fungi Beasts","floor":12.0,"turns":1.0},{"damage":8.0,"enemies":"The Mushroom Lair","floor":14.0,"turns":2.0},{"damage":9.0,"enemies":"3 Louse","floor":15.0,"turns":3.0},{"damage":26.0,"enemies":"WA_ARCHETYPE_RETAIN","floor":16.0,"turns":9.0},{"damage":0.0,"enemies":"3 Byrds","floor":19.0,"turns":3.0},{"damage":22.0,"enemies":"Shelled Parasite and Fungi","floor":20.0,"turns":4.0},{"damage":5.0,"enemies":"downfall:FleeingMerchant","floor":21.0,"turns":4.0},{"damage":9.0,"enemies":"Snecko","floor":22.0,"turns":3.0},{"damage":32.0,"enemies":"Snake Plant","floor":23.0,"turns":4.0},{"damage":14.0,"enemies":"downfall:FleeingMerchant","floor":27.0,"turns":4.0},{"damage":55.0,"enemies":"Slavers","floor":28.0,"turns":6.0},{"damage":0.0,"enemies":"Sentry and Sphere","floor":29.0,"turns":3.0},{"damage":8.0,"enemies":"Cultist and Chosen","floor":31.0,"turns":4.0},{"damage":9.0,"enemies":"Snake Plant","floor":32.0,"turns":3.0},{"damage":42.0,"enemies":"SI_MIRROR_ARCHETYPE","floor":33.0,"turns":7.0},{"damage":17.0,"enemies":"3 Darklings","floor":36.0,"turns":3.0},{"damage":7.0,"enemies":"Orb Walker","floor":37.0,"turns":3.0},{"damage":29.0,"enemies":"4 Shapes","floor":38.0,"turns":5.0},{"damage":2.0,"enemies":"Spire Growth","floor":40.0,"turns":5.0},{"damage":15.0,"enemies":"downfall:FleeingMerchant","floor":43.0,"turns":4.0},{"damage":23.0,"enemies":"Nemesis","floor":44.0,"turns":5.0},{"damage":0.0,"enemies":"Maw","floor":45.0,"turns":4.0},{"damage":0.0,"enemies":"Transient","floor":46.0,"turns":5.0},{"damage":0,"enemies":"Writhing Mass","floor":49,"turns":3},{"damage":33,"enemies":"IC_BLOCK_ARCHETYPE","floor":50,"turns":7}],"seed_played":"-1545869166567216061","potions_obtained":[{"floor":6.0,"key":"PowerPotion"},{"floor":8.0,"key":"BlessingOfTheForge"},{"floor":9.0,"key":"Slimebound:ThreeZeroPotion"},{"floor":12.0,"key":"Ancient Potion"},{"floor":15.0,"key":"Explosive Potion"},{"floor":20.0,"key":"FairyPotion"},{"floor":28.0,"key":"LiquidBronze"},{"floor":29.0,"key":"CultistPotion"},{"floor":32.0,"key":"Fire Potion"},{"floor":36.0,"key":"EssenceOfSteel"},{"floor":40.0,"key":"SpeedPotion"},{"floor":45.0,"key":"ColorlessPotion"},{"floor":46.0,"key":"AttackPotion"}],"is_trial":false,"path_per_floor":["R","M","M","?","?","E","T","M","M","M","R","M","R","?","M","B",null,"R","M","M","$","M","M","T","R","?","$","E","M","R","M","M","B",null,"R","M","M","M","?","M","T","R","$","E","M","M","R","$","M","B",null],"character_chosen":"THE_PLACEHOLDER","items_purchased":["Mummified Hand","PlaceholderMod:RadicalHit","PlaceholderMod:StrongAcid","AntiCross","PlaceholderMod:InnerStable","PlaceholderMod:ChainPoly","Pen Nib","PlaceholderMod:DiffusionChemical"],"campfire_rested":5,"item_purchase_floors":[21,21,21,43,43,43,43,48],"current_hp_per_floor":[78,77,77,77,77,29,29,29,22,22,45,45,68,60,51,25,78,78,78,67,75,66,38,38,74,74,68,13,17,43,48,39,11,88,88,71,68,47,47,49,49,75,69,50,54,68,68,68,72,62],"gold":34,"neow_bonus":"UPGRADE_CARD","is_daily":false,"chose_seed":false,"campfire_upgraded":3,"win_rate":0.0,"timestamp":1612020301,"path_taken":["R","M","M","?","?","E","T","?","?","M","R","?","R","?","M","BOSS","R","M","M","$","M","M","T","R","?","$","E","M","R","M","M","BOSS","R","M","M","M","?","M","T","R","$","E","M","M","R","$","M","BOSS"],"items_purchased_type":["Relic","Card","Card","Relic","Card","Card","Relic","Card"],"build_version":"2020-12-22","purchased_purges":0,"victory":true,"max_hp_per_floor":[78,78,78,78,78,78,78,78,78,78,78,78,78,78,78,78,78,78,78,78,78,78,78,78,88,88,88,88,88,88,88,88,88,88,88,88,88,88,88,88,88,88,88,88,88,88,88,88,88,88],"card_choices":[{"not_picked":["PlaceholderMod:HornyBlast","PlaceholderMod:CycleAttack"],"picked":"PlaceholderMod:SpinBlade","floor":2.0},{"not_picked":["PlaceholderMod:ProliferateStrike","PlaceholderMod:FastReaction"],"picked":"PlaceholderMod:HornyBlast","floor":3.0},{"not_picked":["PlaceholderMod:FastReaction","PlaceholderMod:StrongAcid"],"picked":"PlaceholderMod:PoisonBlast","floor":6.0},{"not_picked":["PlaceholderMod:HardStrike","PlaceholderMod:SpinBlade"],"picked":"PlaceholderMod:HardStinger","floor":8.0},{"not_picked":["PlaceholderMod:FastReaction","PlaceholderMod:Internalization"],"picked":"PlaceholderMod:StressReaction","floor":9.0},{"not_picked":["PlaceholderMod:NearChange","PlaceholderMod:SeverePoisonStrike"],"picked":"PlaceholderMod:CorePoison","floor":10.0},{"not_picked":["PlaceholderMod:Polyp","PlaceholderMod:PoisonExcitation"],"picked":"PlaceholderMod:ComplexForm","floor":12.0},{"not_picked":["PlaceholderMod:SpinBlade","PlaceholderMod:SprayAttack"],"picked":"PlaceholderMod:PoisonAbsorb","floor":14.0},{"not_picked":["PlaceholderMod:ComplexForm","PlaceholderMod:ParasiteChange"],"picked":"PlaceholderMod:Inner","floor":15.0},{"not_picked":["PlaceholderMod:PericyclicReaction","PlaceholderMod:DoublePoint"],"picked":"PlaceholderMod:Eat","floor":16.0},{"not_picked":["PlaceholderMod:StressReaction+1","PlaceholderMod:Turn"],"picked":"PlaceholderMod:HealingAttack","floor":19.0},{"not_picked":["PlaceholderMod:DirectingGroup","PlaceholderMod:DissolvingSpikes+1"],"picked":"PlaceholderMod:Crystallization","floor":20.0},{"not_picked":["PlaceholderMod:DiffusionChemical","PlaceholderMod:OHStrongAttack"],"picked":"PlaceholderMod:Inner","floor":21.0},{"not_picked":["PlaceholderMod:StrongAcid","PlaceholderMod:ProliferateStrike+1"],"picked":"PlaceholderMod:Internalization+1","floor":22.0},{"not_picked":["PlaceholderMod:ConsolidateHit","PlaceholderMod:TriggerStrike"],"picked":"PlaceholderMod:Crystallization","floor":23.0},{"not_picked":["PlaceholderMod:SprayAttack","PlaceholderMod:HornyBlast"],"picked":"PlaceholderMod:ThreeBenzyolStart","floor":27.0},{"not_picked":["PlaceholderMod:SpinBlade","PlaceholderMod:HornyBlast"],"picked":"PlaceholderMod:NearChange+1","floor":28.0},{"not_picked":["PlaceholderMod:NearChange","PlaceholderMod:PoisonExcitation"],"picked":"PlaceholderMod:ContinueSpray+1","floor":29.0},{"not_picked":["PlaceholderMod:Turn","PlaceholderMod:Assimilation"],"picked":"PlaceholderMod:Corrosion","floor":31.0},{"not_picked":["PlaceholderMod:Turn","PlaceholderMod:ConsolidateHit"],"picked":"PlaceholderMod:AttackAsDefend","floor":32.0},{"not_picked":["PlaceholderMod:Assimilation","PlaceholderMod:InnerSoften"],"picked":"PlaceholderMod:GrowthForm","floor":33.0},{"not_picked":["PlaceholderMod:SpinBlade+1","PlaceholderMod:ConsolidateHit"],"picked":"PlaceholderMod:PoisonExcitation","floor":36.0},{"not_picked":["PlaceholderMod:DirectingGroup","PlaceholderMod:ConsolidateHit"],"picked":"PlaceholderMod:ContinueSpray","floor":37.0},{"not_picked":["PlaceholderMod:InnerStable+1","PlaceholderMod:SprayAttack"],"picked":"PlaceholderMod:Package+1","floor":38.0},{"not_picked":["PlaceholderMod:AbsorbTouch","PlaceholderMod:StressReaction+1"],"picked":"PlaceholderMod:NutritionAbsorb","floor":40.0},{"not_picked":["PlaceholderMod:PoisonAbsorb+1","PlaceholderMod:ThreeBenzyolStart"],"picked":"PlaceholderMod:BlastSpray","floor":43.0},{"not_picked":["PlaceholderMod:AngryAttack+1","PlaceholderMod:PoisonAbsorb"],"picked":"PlaceholderMod:TriggerStrike","floor":44.0},{"not_picked":["PlaceholderMod:SprayAttack","PlaceholderMod:Polyp"],"picked":"PlaceholderMod:ParasiteChange+1","floor":45.0},{"not_picked":["PlaceholderMod:SeverePoisonStrike+1","PlaceholderMod:AttackAsDefend+1"],"picked":"PlaceholderMod:HardStinger+1","floor":46.0},{"not_picked":["PlaceholderMod:RadicalHit+1","PlaceholderMod:ComplexForm"],"picked":"PlaceholderMod:Hard+1","floor":49}],"player_experience":232843,"relics_obtained":[{"floor":6.0,"key":"Omamori"},{"floor":7.0,"key":"Bronze Scales"},{"floor":14.0,"key":"Odd Mushroom"},{"floor":28.0,"key":"Darkstone Periapt"},{"floor":41.0,"key":"Pantograph"},{"floor":44.0,"key":"Happy Flower"}],"event_choices":[{"damage_healed":0.0,"max_hp_gain":0.0,"max_hp_loss":0.0,"gold_gain":0.0,"event_name":"Scrap Ooze","player_choice":"Fled","floor":4.0,"gold_loss":0.0,"damage_taken":0.0},{"damage_healed":0.0,"max_hp_gain":0.0,"max_hp_loss":0.0,"gold_gain":0.0,"event_name":"Mushrooms","player_choice":"Fought Mushrooms","floor":14.0,"gold_loss":0.0,"damage_taken":0.0},{"damage_healed":0.0,"max_hp_gain":0.0,"max_hp_loss":0.0,"gold_gain":0.0,"event_name":"Ghosts","player_choice":"Ignored","floor":26.0,"gold_loss":0.0,"damage_taken":0.0}],"is_beta":false,"boss_relics":[{"not_picked":["Snecko Eye","SacredBark"],"picked":"Philosopher\u0027s Stone"},{"not_picked":["Fusion Hammer","Coffee Dripper"],"picked":"SlaversCollar"}],"items_purged_floors":[],"is_endless":false,"potions_floor_spawned":[6,8,9,12,15,20,28,29,32,36,40,45,46],"ascension_level":1}}