{"host":"nsc6ozq3atyrdr3m","time":1612042673,"event":{"mods":["BaseMod","Colored Map","Minty Spire (QoL Compilation)"],"gold_per_floor":[115,130,130,149,166,198,198,209,209,130,147,112,112,112,112,188,188,205,219,219,219,219],"floor_reached":21,"language":"FRA","playtime":433,"items_purged":[],"score":362,"play_id":"6efb9bce-57e1-4e6e-b0af-9df18d037613","local_time":"20210130223753","is_ascension_mode":true,"campfire_choices":[{"floor":7,"key":"REST"},{"floor":13,"key":"REST"},{"data":"Demon Form","floor":15,"key":"SMITH"}],"circlet_count":0,"master_deck":["AscendersBane","Strike_R","Strike_R","Strike_R","Strike_R","Strike_R","Defend_R","Defend_R","Defend_R","Defend_R","Bash","Thunderclap","Sword Boomerang","Heavy Blade","Headbutt","Impervious","Demon Form+1","Reaper+1","CurseOfTheBell","Battle Trance"],"relics":["Sozu","Vajra","Molten Egg 2","Calling Bell","PreservedInsect","Letter Opener","Du-Vu Doll"],"acts_visited":["Exordium","TheCity"],"potions_floor_usage":[],"damage_taken":[{"damage":1,"enemies":"Cultist","floor":1,"turns":3},{"damage":9,"enemies":"Small Slimes","floor":2,"turns":3},{"damage":2,"enemies":"Jaw Worm","floor":4,"turns":3},{"damage":7,"enemies":"Looter","floor":5,"turns":3},{"damage":35,"enemies":"Lagavulin","floor":6,"turns":7},{"damage":0,"enemies":"Large Slime","floor":8,"turns":3},{"damage":10,"enemies":"Exordium Thugs","floor":11,"turns":4},{"damage":36,"enemies":"The Guardian","floor":16,"turns":7},{"damage":19,"enemies":"Spheric Guardian","floor":18,"turns":4},{"damage":25,"enemies":"Chosen","floor":19,"turns":4},{"damage":67,"enemies":"Shelled Parasite and Fungi","floor":21,"turns":4}],"seed_played":"2786054900338841637","potions_obtained":[],"is_trial":false,"path_per_floor":["M","M","?","M","M","E","R","M","T","$","M","?","R","$","R","B",null,"M","M","?","M"],"character_chosen":"IRONCLAD","items_purchased":["Demon Form"],"campfire_rested":2,"item_purchase_floors":[10],"current_hp_per_floor":[67,58,58,56,49,14,36,36,36,36,26,44,66,66,66,30,64,45,31,31,0,0],"gold":219,"neow_bonus":"BOSS_RELIC","is_daily":false,"chose_seed":false,"campfire_upgraded":1,"win_rate":0.0,"timestamp":1612042673,"path_taken":["M","?","?","?","M","E","R","M","T","$","M","?","R","?","R","BOSS","M","M","?","M"],"items_purchased_type":["Card"],"build_version":"2020-12-22","purchased_purges":0,"victory":false,"max_hp_per_floor":[75,75,75,75,75,75,75,75,75,75,75,75,75,75,75,75,75,75,75,75,75,75],"card_choices":[{"not_picked":["Wild Strike","Twin Strike"],"picked":"Thunderclap","floor":1},{"not_picked":["Ghostly Armor","Disarm"],"picked":"Sword Boomerang","floor":2},{"not_picked":["Flex","Blood for Blood"],"picked":"Heavy Blade","floor":4},{"not_picked":["Metallicize","True Grit","Anger"],"picked":"SKIP","floor":5},{"not_picked":["True Grit","Clothesline"],"picked":"Headbutt","floor":6},{"not_picked":["Body Slam","Sword Boomerang"],"picked":"Impervious","floor":8},{"not_picked":["Hemokinesis+1","Twin Strike+1","Wild Strike+1"],"picked":"SKIP","floor":11},{"not_picked":["Feed+1","Bludgeon+1"],"picked":"Reaper+1","floor":16},{"not_picked":["Rampage+1","Clash+1"],"picked":"Battle Trance","floor":18},{"not_picked":["Flame Barrier","Twin Strike+1","Wild Strike+1"],"picked":"SKIP","floor":19}],"player_experience":362898,"relics_obtained":[{"floor":6,"key":"Vajra"},{"floor":9,"key":"Molten Egg 2"},{"floor":17,"key":"PreservedInsect"},{"floor":17,"key":"Letter Opener"},{"floor":17,"key":"Du-Vu Doll"}],"event_choices":[{"damage_healed":0,"gold_gain":0,"player_choice":"0 cards matched","damage_taken":0,"max_hp_gain":0,"max_hp_loss":0,"event_name":"Match and Keep!","floor":3,"gold_loss":0,"cards_obtained":[]},{"damage_healed":18,"gold_gain":0,"player_choice":"Healed","damage_taken":0,"max_hp_gain":0,"max_hp_loss":0,"event_name":"The Cleric","floor":12,"gold_loss":35},{"damage_healed":0,"gold_gain":0,"player_choice":"Ignored","damage_taken":0,"max_hp_gain":0,"max_hp_loss":0,"event_name":"Vampires","floor":20,"gold_loss":0}],"is_beta":false,"boss_relics":[{"not_picked":["Fusion Hammer","Philosopher\u0027s Stone"],"picked":"Calling Bell"}],"items_purged_floors":[],"is_endless":false,"potions_floor_spawned":[5,6,8,11,18],"killed_by":"Shelled Parasite and Fungi","ascension_level":20}}