{"host":"Berg","time":1612037518,"event":{"mods":["AchievementEnabler","BaseMod","Colored Map","Downfall","Gremlin Skip","Highlight Path","Minty Spire (QoL Compilation)","Relic Stats","StSLib"],"gold_per_floor":[99,99,99,99,99,99,126,161,174,184,201,211,246,346,366,462,462,462,473,573,608,631,631,683,683,13,23,53,138,152,178,191,291,291,291,301,349,364,384,284,334,21,47,47,47,63,63,13,29,29],"floor_reached":51,"language":"ENG","playtime":3150,"items_purged":["Slimebound:Strike_Slimebound"],"score":809,"play_id":"39e07693-012d-4f96-bcba-7838009c58d9","local_time":"20210130151158","is_ascension_mode":true,"campfire_choices":[{"data":"Slimebound:CorrosiveSpit","floor":1.0,"key":"SMITH"},{"data":"Slimebound:Split","floor":6.0,"key":"SMITH"},{"data":"1","floor":18.0,"key":"LIFT"},{"floor":23,"key":"REST"},{"data":"2","floor":25,"key":"LIFT"},{"data":"3","floor":35,"key":"LIFT"},{"data":"expansioncontent:QuickStudy","floor":40,"key":"SMITH"},{"data":"Slimebound:PrepareCrush","floor":45,"key":"SMITH"},{"data":"Slimebound:SlimeTap","floor":47,"key":"SMITH"}],"circlet_count":0,"master_deck":["Slimebound:Tackle","Slimebound:Defend_Slimebound","Slimebound:Defend_Slimebound","Slimebound:Defend_Slimebound","Slimebound:Split+1","Slimebound:CorrosiveSpit+1","Slimebound:SplitAcid","Slimebound:SplitBruiser","Slimebound:SlimeBarrage","Slimebound:RainOfGoop","Slimebound:GrowthPunch","Slimebound:SlimeBarrage","Slimebound:ComboTackle","Slimebound:LeechingTouch","Slimebound:PrepareCrush+1","Slimebound:SlimeTap+1","Slimebound:MassRepurpose","J.A.X.","Slimebound:LivingWall+1","Slimebound:Grow+1","expansioncontent:QuickStudy+1","Slimebound:LevelUp+1","Slimebound:OozeBath","Slimebound:Prepare","Slimebound:LeadByExample","expansioncontent:DashGenerateEvil","Slimebound:Prepare","Parasite","Slimebound:LivingWall+1"],"relics":["Slimebound:AbsorbEndCombat","downfall:HeartsMalice","Meat on the Bone","Art of War","Girya","PreservedInsect","Busted Crown","MutagenicStrength","Red Mask","Omamori","Bag of Preparation","Lantern","Centennial Puzzle","Smiling Mask","FossilizedHelix","Cursed Key","Vajra","downfall:HeartBlessingGreen","Potion Belt","Toolbox","Slimebound:AggressiveSlimeRelic","Pantograph"],"acts_visited":["Exordium","TheCity","TheBeyond"],"potions_floor_usage":[21,21,21,43],"damage_taken":[{"damage":0.0,"enemies":"Jaw Worm","floor":2.0,"turns":1.0},{"damage":0.0,"enemies":"Cultist","floor":4.0,"turns":1.0},{"damage":0.0,"enemies":"Lagavulin","floor":8.0,"turns":1.0},{"damage":0.0,"enemies":"Small Slimes","floor":9.0,"turns":2.0},{"damage":13.0,"enemies":"3 Louse","floor":10.0,"turns":2.0},{"damage":5.0,"enemies":"Blue Slaver","floor":11.0,"turns":3.0},{"damage":13.0,"enemies":"Large Slime","floor":12.0,"turns":4.0},{"damage":23.0,"enemies":"3 Sentries","floor":13.0,"turns":6.0},{"damage":4.0,"enemies":"Exordium Wildlife","floor":15.0,"turns":3.0},{"damage":47.0,"enemies":"DF_ARCHETYPE_STREAMLINE","floor":16.0,"turns":10.0},{"damage":28.0,"enemies":"3 Byrds","floor":19.0,"turns":4.0},{"damage":43.0,"enemies":"downfall:Augmenter","floor":20.0,"turns":5.0},{"damage":37,"enemies":"Masked Bandits","floor":21,"turns":5},{"damage":9,"enemies":"downfall:FleeingMerchant","floor":26,"turns":4},{"damage":0,"enemies":"Spheric Guardian","floor":27,"turns":3},{"damage":3,"enemies":"Gremlin Leader","floor":28,"turns":5},{"damage":11,"enemies":"Snecko","floor":30,"turns":4},{"damage":12,"enemies":"Book of Stabbing","floor":31,"turns":3},{"damage":5,"enemies":"Centurion and Healer","floor":32,"turns":3},{"damage":37,"enemies":"SI_MIRROR_ARCHETYPE","floor":33,"turns":9},{"damage":3,"enemies":"Orb Walker","floor":36,"turns":2},{"damage":0,"enemies":"3 Shapes","floor":38,"turns":3},{"damage":0,"enemies":"Sphere and 2 Shapes","floor":39,"turns":4},{"damage":0,"enemies":"downfall:FleeingMerchant","floor":42,"turns":1},{"damage":13,"enemies":"Reptomancer","floor":43,"turns":4},{"damage":0,"enemies":"Transient","floor":46,"turns":5},{"damage":0,"enemies":"Writhing Mass","floor":49,"turns":5},{"damage":24,"enemies":"WA_ARCHETYPE_DIVINITY","floor":50,"turns":7}],"seed_played":"-4113575819146492621","potions_obtained":[{"floor":8.0,"key":"Slimebound:SlimedPotion"},{"floor":9.0,"key":"champ:CounterPotion"},{"floor":11.0,"key":"Fruit Juice"},{"floor":12.0,"key":"SpeedPotion"},{"floor":16.0,"key":"Weak Potion"},{"floor":20.0,"key":"Regen Potion"},{"floor":27,"key":"Energy Potion"},{"floor":43,"key":"Ancient Potion"},{"floor":46,"key":"Slimebound:SpawnSlimePotion"}],"is_trial":false,"path_per_floor":["R","M","?","M","T","R","T","E","M","M","M","M","E","?","M","B",null,"R","M","?","?","T","R","T","R","$","M","E","?","M","E","M","B",null,"R","M","?","M","M","R","T","$","E","?","R","M","R","$","M","B",null],"character_chosen":"SLIMEBOUND","items_purchased":["Lantern","Centennial Puzzle","Swift Potion","expansioncontent:QuickStudy","Block Potion","Toolbox","Slimebound:AggressiveSlimeRelic","Slimebound:Prepare","Slimebound:LeadByExample","expansioncontent:DashGenerateEvil","Slimebound:Prepare"],"campfire_rested":1,"item_purchase_floors":[26,26,26,26,26,42,42,42,42,42,48],"current_hp_per_floor":[65,65,65,65,65,65,65,65,65,52,51,45,38,38,40,13,70,70,46,19,14,14,35,35,35,44,44,49,37,40,42,41,24,70,70,67,67,70,70,70,70,70,57,57,57,65,65,65,69,49],"gold":29,"neow_bonus":"THREE_ENEMY_KILL","is_daily":false,"chose_seed":false,"campfire_upgraded":5,"win_rate":0.0,"timestamp":1612037518,"path_taken":["R","M","?","M","?","R","T","E","M","?","?","M","E","?","M","BOSS","R","M","?","?","?","R","T","R","$","M","E","?","?","E","M","BOSS","R","M","?","M","M","R","T","$","E","?","R","?","R","$","M","BOSS"],"items_purchased_type":["Relic","Relic","Potion","Card","Potion","Relic","Relic","Card","Card","Card","Card"],"build_version":"2020-12-18","purchased_purges":1,"victory":true,"max_hp_per_floor":[65,65,65,65,65,65,65,65,65,65,65,70,70,70,70,70,70,70,70,70,70,70,70,70,70,70,70,70,70,70,70,70,70,70,70,70,70,70,70,70,70,70,70,70,70,70,70,70,70,70],"relic_stats":{"Centennial Puzzle":[24],"Busted Crown":40,"counters":[28,102],"Pantograph":1,"PreservedInsect":297,"Art of War":[21],"Bag of Preparation":[30],"Smiling Mask":0,"Cursed Key":2,"obtain_stats":[{"Potion Belt":41,"Girya":8,"Slimebound:AggressiveSlimeRelic":42,"Lantern":26,"Vajra":37,"downfall:HeartsMalice":0,"downfall:HeartBlessingGreen":40,"PreservedInsect":13,"Omamori":22,"Bag of Preparation":24,"Smiling Mask":28,"Cursed Key":34,"Centennial Puzzle":26,"Busted Crown":17,"MutagenicStrength":20,"Pantograph":43,"Toolbox":42,"Slimebound:AbsorbEndCombat":0,"Art of War":7,"Red Mask":21,"FossilizedHelix":31,"Meat on the Bone":5},{"Potion Belt":23,"Girya":3,"Slimebound:AggressiveSlimeRelic":24,"Lantern":14,"Vajra":21,"downfall:HeartsMalice":0,"downfall:HeartBlessingGreen":23,"PreservedInsect":8,"Omamori":13,"Bag of Preparation":13,"Smiling Mask":16,"Cursed Key":20,"Centennial Puzzle":14,"Busted Crown":10,"MutagenicStrength":12,"Pantograph":25,"Toolbox":24,"Slimebound:AbsorbEndCombat":0,"Art of War":2,"Red Mask":13,"FossilizedHelix":18,"Meat on the Bone":2},{"Potion Belt":81,"Girya":0,"Slimebound:AggressiveSlimeRelic":82,"Lantern":47,"Vajra":75,"downfall:HeartsMalice":0,"downfall:HeartBlessingGreen":81,"PreservedInsect":16,"Omamori":43,"Bag of Preparation":43,"Smiling Mask":55,"Cursed Key":73,"Centennial Puzzle":47,"Busted Crown":29,"MutagenicStrength":38,"Pantograph":86,"Toolbox":82,"Slimebound:AbsorbEndCombat":0,"Art of War":0,"Red Mask":43,"FossilizedHelix":61,"Meat on the Bone":0}],"Meat on the Bone":96},"card_choices":[{"not_picked":["Slimebound:ItLooksTasty","Slimebound:GoopSpray"],"picked":"Slimebound:SplitAcid","floor":2.0},{"not_picked":["Slimebound:HauntingLick","Slimebound:FlameTackle"],"picked":"Slimebound:SplitBruiser","floor":4.0},{"not_picked":["Slimebound:Chomp","Slimebound:FinishingTackle"],"picked":"Slimebound:SlimeBarrage","floor":8.0},{"not_picked":["Slimebound:RollThrough","Slimebound:BestDefense"],"picked":"Slimebound:RainOfGoop","floor":9.0},{"not_picked":["Slimebound:HauntingLick","Slimebound:SplitMire"],"picked":"Slimebound:GrowthPunch","floor":10.0},{"not_picked":["Slimebound:PressTheAttack","Slimebound:ComboTackle"],"picked":"Slimebound:SlimeBarrage","floor":11.0},{"not_picked":["Slimebound:SplitAcid","Slimebound:PressTheAttack"],"picked":"Slimebound:ComboTackle","floor":12.0},{"not_picked":["Slimebound:ComboTackle","Slimebound:RainOfGoop","Slimebound:Equalize"],"picked":"SKIP","floor":13.0},{"not_picked":["Slimebound:RollThrough","Slimebound:SlimeBarrage"],"picked":"Slimebound:LeechingTouch","floor":15.0},{"not_picked":["Slimebound:DouseInSlime","Slimebound:MassRepurpose"],"picked":"Slimebound:PrepareCrush","floor":16.0},{"not_picked":["Slimebound:LeechEnergy"],"picked":"SKIP","floor":19.0},{"not_picked":[],"picked":"J.A.X.","floor":20.0},{"not_picked":[],"picked":"Slimebound:LivingWall+1","floor":20.0},{"not_picked":[],"picked":"Slimebound:Grow+1","floor":26},{"not_picked":["Slimebound:ViciousTackle"],"picked":"SKIP","floor":27},{"not_picked":["Slimebound:Nibble"],"picked":"SKIP","floor":28},{"not_picked":["Slimebound:SplitAcid"],"picked":"SKIP","floor":30},{"not_picked":[],"picked":"Slimebound:LevelUp+1","floor":31},{"not_picked":["Slimebound:BestDefense"],"picked":"SKIP","floor":32},{"not_picked":[],"picked":"Slimebound:OozeBath","floor":33},{"not_picked":["Slimebound:MegaLick+1"],"picked":"SKIP","floor":36},{"not_picked":["Slimebound:SplitBruiser"],"picked":"SKIP","floor":38},{"not_picked":["Slimebound:ViciousTackle+1"],"picked":"SKIP","floor":39},{"not_picked":["Slimebound:GrowthPunch"],"picked":"SKIP","floor":42},{"not_picked":["Slimebound:SplitBruiser+1"],"picked":"SKIP","floor":43},{"not_picked":["Slimebound:FlameTackle"],"picked":"SKIP","floor":46},{"not_picked":[],"picked":"Slimebound:LivingWall+1","floor":49}],"player_experience":1363517,"relics_obtained":[{"floor":5.0,"key":"Meat on the Bone"},{"floor":7.0,"key":"Art of War"},{"floor":8.0,"key":"Girya"},{"floor":13.0,"key":"PreservedInsect"},{"floor":20.0,"key":"MutagenicStrength"},{"floor":21,"key":"Red Mask"},{"floor":22,"key":"Omamori"},{"floor":24,"key":"Bag of Preparation"},{"floor":28,"key":"Smiling Mask"},{"floor":31,"key":"FossilizedHelix"},{"floor":37,"key":"Vajra"},{"floor":41,"key":"Potion Belt"},{"floor":43,"key":"Pantograph"}],"event_choices":[{"damage_healed":0,"gold_gain":0,"player_choice":"Fought Bandits","damage_taken":0,"max_hp_gain":0,"max_hp_loss":0,"event_name":"Masked Bandits","floor":21,"gold_loss":0},{"cards_removed":["Slimebound:Defend_Slimebound"],"damage_healed":0,"gold_gain":0,"player_choice":"Offered Basic","damage_taken":0,"max_hp_gain":0,"max_hp_loss":0,"event_name":"Bonfire Elementals","floor":44,"gold_loss":0}],"is_beta":true,"boss_relics":[{"not_picked":["Runic Dome","Empty Cage"],"picked":"Busted Crown"},{"not_picked":["SacredBark","Slimebound:TarBlob"],"picked":"Cursed Key"}],"items_purged_floors":[26],"is_endless":false,"potions_floor_spawned":[8,9,11,12,16,20,27,30,31,43,46],"ascension_level":1}}