{"host":"06e3yyzgn8o619wl","time":1612003397,"event":{"mods":["BaseMod","Block Reminder","Colored Map","Colored Powertips","DeckTracker","Minty Spire (QoL Compilation)","Permanent Neow","Relic Stats","StSLib"],"gold_per_floor":[115,135,85,100,100,126,126,201,201,217,1,17,29,45,45,45,45],"floor_reached":16,"language":"JPN","playtime":759,"items_purged":[],"score":135,"play_id":"1c0c48fc-1364-4ccb-89c6-04c8861017ed","local_time":"20210130194317","is_ascension_mode":true,"campfire_choices":[{"floor":7,"key":"REST"},{"floor":15,"key":"REST"}],"circlet_count":0,"master_deck":["Strike_P+1","Strike_P","Defend_P","Defend_P","Defend_P","Eruption","Vigilance","CutThroughFate","TalkToTheHand","EmptyFist+1","ClearTheMind","CrushJoints","MentalFortress","Adaptation","SashWhip"],"relics":["Empty Cage","Eternal Feather","InkBottle","Whetstone"],"acts_visited":["Exordium"],"potions_floor_usage":[14,16],"damage_taken":[{"damage":2,"enemies":"Jaw Worm","floor":1,"turns":3},{"damage":4,"enemies":"Small Slimes","floor":2,"turns":4},{"damage":0,"enemies":"Cultist","floor":4,"turns":4},{"damage":59,"enemies":"3 Sentries","floor":6,"turns":13},{"damage":17,"enemies":"3 Louse","floor":10,"turns":4},{"damage":5,"enemies":"Blue Slaver","floor":12,"turns":2},{"damage":0,"enemies":"Large Slime","floor":13,"turns":4},{"damage":0,"enemies":"Looter","floor":14,"turns":2},{"damage":46,"enemies":"Slime Boss","floor":16,"turns":7}],"seed_played":"-6334678757613451374","potions_obtained":[{"floor":4,"key":"LiquidMemories"},{"floor":10,"key":"Ancient Potion"},{"floor":13,"key":"Dexterity Potion"}],"is_trial":false,"path_per_floor":["M","M","?","M","?","E","R","?","T","M","$","M","M","M","R","B"],"character_chosen":"WATCHER","items_purchased":["Whetstone","MentalFortress"],"campfire_rested":2,"item_purchase_floors":[11,11],"current_hp_per_floor":[63,59,59,59,64,5,34,23,23,6,6,1,1,1,33,0,0],"gold":45,"neow_bonus":"BOSS_RELIC","is_daily":false,"chose_seed":false,"campfire_upgraded":0,"win_rate":0.0,"timestamp":1612003397,"path_taken":["M","M","?","M","?","E","R","?","T","M","?","?","M","M","R","BOSS"],"items_purchased_type":["Relic","Card"],"build_version":"2020-12-22","purchased_purges":0,"victory":false,"max_hp_per_floor":[72,72,72,72,77,77,77,77,77,77,77,77,77,77,77,77,77],"relic_stats":{"counters":[9,43],"Eternal Feather":15,"Whetstone":["Strike_P","EmptyFist"],"obtain_stats":[{"Eternal Feather":6,"Whetstone":11,"PureWater":0,"Empty Cage":0,"InkBottle":9},{"Eternal Feather":4,"Whetstone":5,"PureWater":0,"Empty Cage":0,"InkBottle":4},{"Eternal Feather":24,"Whetstone":28,"PureWater":0,"Empty Cage":0,"InkBottle":24}],"InkBottle":[3]},"card_choices":[{"not_picked":["Evaluate","SashWhip"],"picked":"CutThroughFate","floor":1},{"not_picked":["Halt","Protect"],"picked":"TalkToTheHand","floor":2},{"not_picked":["CutThroughFate","Prostrate"],"picked":"EmptyFist","floor":4},{"not_picked":["Pray","EmptyFist"],"picked":"ClearTheMind","floor":6},{"not_picked":["Study","MasterReality"],"picked":"CrushJoints","floor":10},{"not_picked":["Prostrate","Consecrate"],"picked":"Adaptation","floor":12},{"not_picked":["Prostrate","InnerPeace"],"picked":"SashWhip","floor":13},{"not_picked":["Vengeance","SignatureMove","CrushJoints"],"picked":"SKIP","floor":14}],"player_experience":127249,"relics_obtained":[{"floor":6,"key":"Eternal Feather"},{"floor":9,"key":"InkBottle"}],"event_choices":[{"cards_removed":["Strike_P"],"damage_healed":0,"gold_gain":0,"player_choice":"Card Removal","damage_taken":0,"max_hp_gain":0,"max_hp_loss":0,"event_name":"The Cleric","floor":3,"gold_loss":50},{"damage_healed":0,"gold_gain":0,"player_choice":"Donut","damage_taken":0,"max_hp_gain":5,"max_hp_loss":0,"event_name":"Big Fish","floor":5,"gold_loss":0},{"damage_healed":0,"gold_gain":75,"player_choice":"Gather Gold","damage_taken":11,"max_hp_gain":0,"max_hp_loss":0,"event_name":"World of Goop","floor":8,"gold_loss":0}],"is_beta":false,"boss_relics":[],"items_purged_floors":[],"is_endless":false,"potions_floor_spawned":[4,10,13],"killed_by":"Slime Boss","ascension_level":6}}