{"host":"o3b7ow6d1xe49css","time":1612001957,"event":{"mods":["Act Like it!","Aspiration","BaseMod","Bestiary","Better Altar","Better Match","Better Note","Better Sensory Stone","Better Skull","Better Third Choice","Colored Powertips","Conspire","Energized Spire","Force Act Four","GifTheSpireLib","Halation","Hermit","Hubris","Infinite Spire","Lobotomy","Minty Spire (QoL Compilation)","Quick Restart","Rare Cards Sparkle","Relic Filter Mod","Reliquary","Replay The Spire","Spicy Shops","Spikes Relics","Spire Arcade","StSLib","Stuff the Spire","The Blue Laboratory","Wandering Minibosses"],"gold_per_floor":[117,133,144,144,8,8,46,84,84,84,115,115,146,75,75,75,75],"floor_reached":16,"language":"ENG","playtime":583,"items_purged":[],"score":158,"play_id":"22d2a8a0-d037-4eea-84a9-9623bd4af2b3","local_time":"20210130011917","daily_mods":["Heirloom","Flight"],"is_ascension_mode":true,"campfire_choices":[{"data":"Zap","floor":6,"key":"SMITH"},{"floor":10,"key":"REST"},{"data":"FIFO Queue","floor":12,"key":"SMITH"},{"data":"Creative AI","floor":15,"key":"SMITH"}],"circlet_count":0,"master_deck":["Strike_B","Strike_B","Strike_B","Strike_B","Defend_B","Defend_B","Defend_B","Defend_B","Zap+1","Dualcast","UniverseFragment","OldLady","Ball Lightning","OSAHOGD","FIFO Queue+1","Injury","Reinforced Body","Scorched","Rebound","Creative AI+1","Lockon+1"],"relics":["Cracked Core","Ring of Chaos","infinitespire:CursedDice","CogitoBucket","Golden Idol","aspiration:MysteriousAuxiliaryCore","conspire:TopHat","hubris:BundleOfHerbs","hubris:AstralHammer","aspiration:StickyExplosives_weak","reliquary:IridiumChain"],"acts_visited":["Exordium"],"potions_floor_usage":[11,16],"damage_taken":[{"damage":10,"enemies":"Small Slimes","floor":1,"turns":3},{"damage":2,"enemies":"Jaw Worm","floor":2,"turns":3},{"damage":0,"enemies":"2 Louse","floor":3,"turns":2},{"damage":35,"enemies":"3 Sentries","floor":7,"turns":5},{"damage":12,"enemies":"Gremlin Nob","floor":8,"turns":4},{"damage":8,"enemies":"Lagavulin","floor":11,"turns":8},{"damage":20,"enemies":"Gremlin Nob","floor":13,"turns":4},{"damage":18,"enemies":"Fading Forest","floor":16,"turns":11}],"seed_played":"-3656150914898555645","potions_obtained":[{"floor":7,"key":"blueLaboratory:TrueEctoplasm"},{"floor":11,"key":"blueLaboratory:HorrorPotion"}],"is_trial":true,"path_per_floor":["M","M","M","?","$","R","E","E","T","R","E","R","E","$","R","B"],"character_chosen":"DEFECT","items_purchased":["Reinforced Body","aspiration:MysteriousAuxiliaryCore","Lockon+1"],"campfire_rested":1,"item_purchase_floors":[5,5,14],"current_hp_per_floor":[65,63,63,63,63,63,28,16,16,38,30,30,10,10,10,6,6],"gold":75,"neow_bonus":"","is_daily":false,"chose_seed":false,"campfire_upgraded":3,"win_rate":0.0,"timestamp":1612001957,"path_taken":["M","M","M","?","$","R","E","E","T","R","E","R","E","$","R","BOSS"],"items_purchased_type":["Card","Relic","Card"],"build_version":"2020-12-22","purchased_purges":0,"victory":false,"max_hp_per_floor":[75,75,75,75,75,75,75,75,75,75,75,75,75,75,75,75,75],"card_choices":[{"not_picked":["CrumblingArmor","FairyFestival"],"picked":"UniverseFragment","floor":1},{"not_picked":["ReplayTheSpireMod:GoodbyeWorld","Undo","Turbo"],"picked":"SKIP","floor":1},{"not_picked":["SnowQueen","CrumblingArmor","VoidDream"],"picked":"Singing Bowl","floor":2},{"not_picked":["MeatLantern","SpiderBud"],"picked":"OldLady","floor":2},{"not_picked":["Loop","Compile Driver"],"picked":"Ball Lightning","floor":2},{"not_picked":["WhitesApple","Wellcheers","PunishingBird"],"picked":"Singing Bowl","floor":3},{"not_picked":["MHz","CherryBlossoms"],"picked":"OSAHOGD","floor":3},{"not_picked":["Gash","Rebound"],"picked":"FIFO Queue","floor":3},{"not_picked":["BlackSwan","QueenBee","Alriune"],"picked":"Singing Bowl","floor":7},{"not_picked":["QueenBee","WallGazer"],"picked":"Scorched","floor":7},{"not_picked":["Steam","StuffTheSpire:LoadUp","Capacitor"],"picked":"SKIP","floor":7},{"not_picked":["Reboot","BasicCrystalCard"],"picked":"Rebound","floor":8},{"not_picked":["CherryBlossoms","BeautyBeast","PunishingBird"],"picked":"Singing Bowl","floor":8},{"not_picked":["PunishingBird","BeautyBeast","LittleHelper"],"picked":"Singing Bowl","floor":11},{"not_picked":["Streamline","Turbo","Barrage"],"picked":"SKIP","floor":11},{"not_picked":["VoidDream","CrumblingArmor","MeatLantern"],"picked":"Singing Bowl","floor":13},{"not_picked":["Gash","Chill"],"picked":"Creative AI","floor":13}],"player_experience":1906846,"relics_obtained":[{"floor":7,"key":"conspire:TopHat"},{"floor":8,"key":"hubris:BundleOfHerbs"},{"floor":9,"key":"hubris:AstralHammer"},{"floor":11,"key":"aspiration:StickyExplosives_weak"},{"floor":13,"key":"reliquary:IridiumChain"}],"event_choices":[{"damage_healed":0,"gold_gain":0,"player_choice":"Take Wound","damage_taken":0,"relics_obtained":["Golden Idol"],"max_hp_gain":0,"max_hp_loss":0,"event_name":"Golden Idol","floor":4,"gold_loss":0,"cards_obtained":["Injury"]}],"is_beta":false,"boss_relics":[],"items_purged_floors":[],"is_endless":false,"potions_floor_spawned":[7,11],"killed_by":"Fading Forest","ascension_level":5}}