{"host":"amvb77pwe2wp6zyc","time":1612006940,"event":{"mods":["2.2 Compatiblity","AchievementEnabler","AlwaysNeverKeys","BaseMod","BetterRewards","Downfall","GifTheSpireLib","Minty Spire (QoL Compilation)","Permanent Neow","Quick Restart","Relic Filter","Shop Mod","StSLib","SuperFastMode","Trackpad"],"gold_per_floor":[99,113,23,123,273,73,96,167,179,197,225,125,10,110,121,121,121,121],"floor_reached":16,"language":"DEU","playtime":1576,"items_purged":["bronze:Repair","downfall:Icky"],"score":98,"play_id":"073a67f9-648c-4905-bab1-f5bb116754f5","local_time":"20210130124220","is_ascension_mode":false,"campfire_choices":[{"data":"bronze:Replicate","floor":1.0,"key":"SMITH"},{"data":"bronze:Goto","floor":6.0,"key":"SMITH"},{"floor":12,"key":"DIG"}],"circlet_count":0,"master_deck":["bronze:Strike","bronze:Strike","bronze:Strike","bronze:Strike","bronze:Defend","bronze:Defend","bronze:Defend","bronze:Defend","bronze:Replicate+1","bronze:Goto+1","bronze:Verify","bronze:ForLoop"],"relics":["Sozu","downfall:HeartBlessingGreen","downfall:HeartBlessingRed","Shovel","bronze:CableSpool","trackpad:WondrousWand","downfall:HeartBlessingBlue","trackpad:CultistFigurine"],"acts_visited":["Exordium"],"potions_floor_usage":[],"damage_taken":[{"damage":0.0,"enemies":"Cultist","floor":2.0,"turns":3.0},{"damage":0.0,"enemies":"downfall:FleeingMerchant","floor":3.0,"turns":4.0},{"damage":0.0,"enemies":"2 Louse","floor":9.0,"turns":2.0},{"damage":1,"enemies":"Jaw Worm","floor":10,"turns":3},{"damage":10,"enemies":"Gremlin Nob","floor":11,"turns":4},{"damage":0,"enemies":"downfall:FleeingMerchant","floor":13,"turns":4},{"damage":1,"enemies":"Red Slaver","floor":15,"turns":2},{"damage":75,"enemies":"WA_ARCHETYPE_RETAIN","floor":16,"turns":9}],"seed_played":"-4395589141110375169","potions_obtained":[],"is_trial":false,"path_per_floor":["R","M","$","?","?","R","T","T","M","M","E","R","$","?","M","B"],"character_chosen":"THE_AUTOMATON","items_purchased":[],"campfire_rested":0,"item_purchase_floors":[],"current_hp_per_floor":[70,70,70,70,70,70,70,70,70,69,59,69,69,69,68,0,0,0],"gold":121,"neow_bonus":"BOSS_RELIC","is_daily":false,"chose_seed":false,"campfire_upgraded":2,"win_rate":0.0,"timestamp":1612006940,"path_taken":["R","M","$","?","?","R","T","?","?","M","E","R","$","?","M","BOSS"],"items_purchased_type":[],"build_version":"2020-12-22","purchased_purges":2,"victory":false,"max_hp_per_floor":[70,70,70,70,70,70,70,70,70,70,70,80,80,80,80,80,80,80],"card_choices":[{"not_picked":["bronze:BronzeOrb","bronze:Frontload"],"picked":"bronze:Repair","floor":2.0},{"not_picked":["bronze:BitShift","bronze:DigitalCarnage","bronze:BronzeOrb"],"picked":"SKIP","floor":3.0},{"not_picked":["bronze:Return","bronze:Branch","bronze:FineTuning"],"picked":"SKIP","floor":9.0},{"not_picked":["bronze:DelayedGuard","bronze:Overheat","bronze:BuggyMess"],"picked":"SKIP","floor":10},{"not_picked":["bronze:WhirlingStrike","bronze:Iterate"],"picked":"bronze:Verify","floor":11},{"not_picked":["bronze:Return","bronze:Invalidate"],"picked":"bronze:ForLoop","floor":13},{"not_picked":["bronze:GetLatest","bronze:Branch","bronze:Philosophize"],"picked":"SKIP","floor":15}],"player_experience":253281,"relics_obtained":[{"floor":7.0,"key":"Shovel"},{"floor":8.0,"key":"bronze:CableSpool"},{"floor":11,"key":"trackpad:WondrousWand"},{"floor":12,"key":"trackpad:CultistFigurine"}],"event_choices":[],"is_beta":false,"boss_relics":[],"items_purged_floors":[3,13],"is_endless":false,"potions_floor_spawned":[2,10,11],"killed_by":"WA_ARCHETYPE_RETAIN","ascension_level":0}}