{"host":"2q4w55ev63ot6isg","time":1612027753,"event":{"mods":["Aspiration","BaseMod","Downfall","Hubris","Marisa????????","Minty Spire (QoL Compilation)","Replay The Spire","StSLib","The Cursed","The Jungle","The Servant 0.9.4"],"gold_per_floor":[110,110,110,31,41,41,61,61,61,78,93,103,103,116,116,220,220,235,246,246,264,4,35,35,135,135,135,150,75,105,118,118,215,215,234,234,65,65,76,111,111,129,153,153,53,53,53,63,63,63],"floor_reached":51,"language":"ENG","playtime":2298,"items_purged":["Strike_R","hubris:Wrath"],"score":608,"play_id":"a5659b7a-ad13-41be-b481-61bf277f5080","local_time":"20210130092913","is_ascension_mode":true,"campfire_choices":[{"data":"Rampage","floor":6,"key":"SMITH"},{"data":"Shrug It Off","floor":8,"key":"SMITH"},{"floor":27,"key":"REST"},{"data":"Transmutation","floor":41,"key":"SMITH"},{"data":"Berserk","floor":44,"key":"SMITH"},{"data":"Demon Form","floor":46,"key":"SMITH"},{"data":"Corruption","floor":49,"key":"SMITH"}],"circlet_count":0,"master_deck":["Strike_R","Strike_R","Strike_R","Defend_R","Defend_R","Defend_R","Bash","ReplayTheSpireMod:Strike From Hell","Rampage+1","Feel No Pain","Shrug It Off+1","True Grit+1","Exhume+1","Impervious+1","Corruption+1","ReplayTheSpireMod:Stacked+1","Shockwave+1","Offering+1","Feel No Pain","Warcry+1","AbeCurse","Demon Form+1","Dark Embrace","Madness","Madness","Transmutation+1","ReplayTheSpireMod:Strike From Hell+1","Berserk+1","Metallicize+1","True Grit+1"],"relics":["Burning Blood","aspiration:Nostalgia","m_ScarletBlood","Pantograph","Bottled Lightning","SlaversCollar","ReplayTheSpireMod:TigerMarble","hubris:SlimyHat","hubris:Metronome","Replay:Accelerometer","Toy Ornithopter","Cursed Key","hubris:Towel","Toxic Egg 2","Bag of Preparation"],"acts_visited":["Exordium","TheCity","TheBeyond"],"potions_floor_usage":[12,12,18,23,28,30,31,42,50,50],"damage_taken":[{"damage":1,"enemies":"Cultist","floor":1,"turns":3},{"damage":0,"enemies":"Small Slimes","floor":5,"turns":2},{"damage":3,"enemies":"2 Louse","floor":7,"turns":3},{"damage":8,"enemies":"Blue Slaver","floor":10,"turns":3},{"damage":23,"enemies":"Red Slaver","floor":11,"turns":6},{"damage":12,"enemies":"Exordium Thugs","floor":12,"turns":6},{"damage":4,"enemies":"Looter","floor":14,"turns":4},{"damage":59,"enemies":"Hexaghost","floor":16,"turns":14},{"damage":27,"enemies":"Chosen","floor":18,"turns":8},{"damage":27,"enemies":"Spheric Guardian","floor":19,"turns":10},{"damage":30,"enemies":"Snake Plant","floor":21,"turns":8},{"damage":6,"enemies":"Book of Stabbing","floor":23,"turns":6},{"damage":12,"enemies":"Shelled Parasite and Fungi","floor":28,"turns":6},{"damage":6,"enemies":"Gremlin Leader","floor":30,"turns":6},{"damage":19,"enemies":"Snecko","floor":31,"turns":6},{"damage":17,"enemies":"Pondfish","floor":33,"turns":13},{"damage":6,"enemies":"3 Darklings","floor":35,"turns":6},{"damage":10,"enemies":"Orb Walker","floor":39,"turns":4},{"damage":6,"enemies":"R_Hoarder","floor":40,"turns":6},{"damage":23,"enemies":"Spire Growth","floor":42,"turns":6},{"damage":21,"enemies":"4 Shapes","floor":48,"turns":13},{"damage":18,"enemies":"Replay:Hell Engine","floor":50,"turns":7}],"seed_played":"-8003407761888353587","potions_obtained":[{"floor":5,"key":"champ:CounterPotion"},{"floor":12,"key":"Fruit Juice"},{"floor":14,"key":"Energy Potion"},{"floor":16,"key":"AttackPotion"},{"floor":19,"key":"EssenceOfSteel"},{"floor":20,"key":"DuplicationPotion"},{"floor":23,"key":"Swift Potion"},{"floor":31,"key":"Fruit Juice"},{"floor":35,"key":"Flashbang"},{"floor":39,"key":"ColorlessPotion"},{"floor":48,"key":"Death Potion"}],"is_trial":false,"path_per_floor":["M","?","?","$","M","R","M","R","T","M","M","M","?","M","R","B",null,"M","M","?","M","$","E","T","?","T","R","M","$","E","M","R","B",null,"M","?","$","?","M","E","R","M","T","R","$","R","?","M","R","B",null],"character_chosen":"IRONCLAD","items_purchased":["Rampage","ReplayTheSpireMod:TigerMarble","Offering+1","Transmutation"],"campfire_rested":1,"item_purchase_floors":[4,22,22,37],"current_hp_per_floor":[80,55,55,55,61,61,64,64,64,62,45,44,44,46,71,32,85,64,43,43,19,19,19,19,19,19,44,38,38,38,35,62,76,90,90,79,79,79,75,75,75,63,63,63,63,63,63,48,48,71],"gold":63,"neow_bonus":"NOSTALGIA","is_daily":false,"chose_seed":false,"campfire_upgraded":6,"win_rate":0.0,"timestamp":1612027753,"path_taken":["M","?","?","$","M","R","?","R","T","M","M","M","?","M","R","BOSS","M","M","?","?","$","E","?","?","T","R","M","$","E","?","R","BOSS","M","?","$","?","M","E","R","M","T","R","$","R","?","?","R","BOSS"],"items_purchased_type":["Card","Relic","Card","Card"],"build_version":"2020-12-22","purchased_purges":2,"victory":true,"max_hp_per_floor":[80,80,80,80,80,80,80,80,80,80,80,85,85,85,85,85,85,85,85,85,85,85,85,85,85,85,85,85,85,85,90,90,90,90,90,90,90,90,90,90,90,90,90,90,90,90,90,90,90,90],"card_choices":[{"not_picked":["Run Through","Replay:Undeath\u0027s Touch"],"picked":"ReplayTheSpireMod:Strike From Hell","floor":1},{"not_picked":["Uppercut","hubris:ReadiedAction"],"picked":"Feel No Pain","floor":5},{"not_picked":["Feel No Pain","Abandon"],"picked":"Shrug It Off","floor":7},{"not_picked":["Perfected Strike","Clothesline"],"picked":"True Grit","floor":10},{"not_picked":["ReplayReversal","Perfected Strike"],"picked":"Exhume","floor":11},{"not_picked":["ReplayTheSpireMod:Strike From Hell","Replay:Undeath\u0027s Touch","Body Slam"],"picked":"SKIP","floor":12},{"not_picked":["Clothesline","Blood for Blood","Sword Boomerang"],"picked":"SKIP","floor":14},{"not_picked":["Exhume","Demon Form"],"picked":"Corruption","floor":16},{"not_picked":["Clash","Anger"],"picked":"ReplayTheSpireMod:Stacked+1","floor":18},{"not_picked":["Bloodletting","Body Slam"],"picked":"Shockwave+1","floor":19},{"not_picked":["ReplayTheSpireMod:Corrosion Curse","Iron Wave","Shockwave"],"picked":"SKIP","floor":21},{"not_picked":["Dual Wield+1","Uppercut"],"picked":"Feel No Pain","floor":23},{"not_picked":["Dropkick","Run Through+1"],"picked":"Warcry+1","floor":28},{"not_picked":["Headbutt+1","Warcry","Dropkick"],"picked":"SKIP","floor":30},{"not_picked":["Sword Boomerang","Iron Wave","Twin Strike"],"picked":"SKIP","floor":31},{"not_picked":["Feed","Bludgeon"],"picked":"Demon Form","floor":33},{"not_picked":["Clash+1","Armaments"],"picked":"Dark Embrace","floor":35},{"not_picked":["Headbutt","Run Through+1"],"picked":"ReplayTheSpireMod:Strike From Hell+1","floor":39},{"not_picked":["Fire Breathing+1","Pommel Strike+1"],"picked":"Berserk","floor":40},{"not_picked":["Pommel Strike+1","True Grit+1"],"picked":"Metallicize+1","floor":42},{"not_picked":["Brutality","Headbutt+1"],"picked":"True Grit+1","floor":48}],"player_experience":186457,"relics_obtained":[{"floor":9,"key":"Bottled Lightning"},{"floor":23,"key":"hubris:SlimyHat"},{"floor":24,"key":"hubris:Metronome"},{"floor":26,"key":"Replay:Accelerometer"},{"floor":30,"key":"Toy Ornithopter"},{"floor":40,"key":"Toxic Egg 2"},{"floor":43,"key":"Bag of Preparation"}],"event_choices":[{"damage_healed":0,"gold_gain":0,"player_choice":"Success","damage_taken":25,"relics_obtained":["Pantograph"],"max_hp_gain":0,"max_hp_loss":0,"event_name":"Scrap Ooze","floor":2,"gold_loss":0},{"cards_removed":["Strike_R"],"damage_healed":0,"gold_gain":0,"player_choice":"Purged","damage_taken":0,"max_hp_gain":0,"max_hp_loss":0,"event_name":"Purifier","floor":3,"gold_loss":0},{"damage_healed":0,"gold_gain":0,"player_choice":"Got Potions","damage_taken":0,"max_hp_gain":0,"max_hp_loss":0,"event_name":"Lab","floor":20,"gold_loss":0},{"damage_healed":0,"gold_gain":100,"player_choice":"Pray","damage_taken":0,"max_hp_gain":0,"max_hp_loss":0,"event_name":"Golden Shrine","floor":25,"gold_loss":0},{"damage_healed":0,"gold_gain":0,"player_choice":"Embrace Madness","damage_taken":11,"max_hp_gain":0,"max_hp_loss":0,"event_name":"Winding Halls","floor":36,"gold_loss":0,"cards_obtained":["Madness","Madness"]},{"damage_healed":0,"gold_gain":0,"player_choice":"Ignored","damage_taken":0,"max_hp_gain":0,"max_hp_loss":0,"event_name":"SecretPortal","floor":47,"gold_loss":0}],"is_beta":false,"boss_relics":[{"not_picked":["Electric Blood","Ectoplasm"],"picked":"SlaversCollar"},{"not_picked":["SacredBark","Replay:Drink Me"],"picked":"Cursed Key"}],"items_purged_floors":[29,45],"is_endless":false,"potions_floor_spawned":[5,12,14,16,19,23,31,35,39,48],"ascension_level":2}}