{"host":"8fuipfsvjht9cgcs","time":1612045537,"event":{"mods":["AchievementEnabler","BaseMod","Colored Map","Colored Powertips","DeckTracker","Friendly Minions","Kiyohime£¨?ýï£©","Marisa£¨Ùöéë¡¡Øª×âÞÞ£©","Minty Spire (QoL Compilation)","Prisma Mod","StSLib","SuperFastMode","The Cursed","The Gatherer"],"gold_per_floor":[110,110,260,260,280,314,239,255,255,271,118,118,118,118,118,197,197,216,131,131,151,168,168,0,0,0,0,31,31,31],"floor_reached":29,"language":"KOR","playtime":1356,"items_purged":["Strike_R","Strike_R"],"score":506,"play_id":"6fc90751-0cfa-4d08-93b2-e208dc7eb7a5","local_time":"20210131112537","is_ascension_mode":true,"campfire_choices":[{"data":"Limit Break","floor":13.0,"key":"SMITH"},{"data":"Clothesline","floor":15.0,"key":"SMITH"},{"data":"Armaments","floor":23,"key":"SMITH"},{"data":"Dark Embrace","floor":25,"key":"SMITH"},{"data":"Offering","floor":27,"key":"SMITH"}],"circlet_count":0,"master_deck":["AscendersBane","Strike_R","Defend_R","Defend_R","Defend_R","Defend_R","Bash","Headbutt","Limit Break+1","Spot Weakness","Feed","Sword Boomerang","Clothesline+1","Offering+1","Power Through","Armaments+1","Dark Embrace+1","Ghostly Armor"],"relics":["Black Blood","NeowsBlessing","White Beast Statue","Blue Candle","Akabeko","Mummified Hand","Singing Bowl","Letter Opener","Toxic Egg 2","PreservedInsect"],"acts_visited":["Exordium","TheCity"],"potions_floor_usage":[16,16,28,28,29,29,29],"damage_taken":[{"damage":1.0,"enemies":"2 Louse","floor":1.0,"turns":2.0},{"damage":0.0,"enemies":"Small Slimes","floor":5.0,"turns":1.0},{"damage":0.0,"enemies":"Lagavulin","floor":6.0,"turns":1.0},{"damage":15.0,"enemies":"Cultist","floor":8.0,"turns":5.0},{"damage":11.0,"enemies":"Blue Slaver","floor":10.0,"turns":3.0},{"damage":36,"enemies":"Slime Boss","floor":16,"turns":9},{"damage":15,"enemies":"Shell Parasite","floor":18,"turns":3},{"damage":31,"enemies":"Spheric Guardian","floor":21,"turns":4},{"damage":19,"enemies":"Snake Plant","floor":22,"turns":4},{"damage":6,"enemies":"Book of Stabbing","floor":28,"turns":4},{"damage":47,"enemies":"Masked Bandits","floor":29,"turns":3}],"seed_played":"-6099526379526584310","potions_obtained":[{"floor":5.0,"key":"SpeedPotion"},{"floor":6.0,"key":"Swift Potion"},{"floor":8.0,"key":"Fire Potion"},{"floor":16,"key":"DistilledChaos"},{"floor":18,"key":"LiquidBronze"},{"floor":28,"key":"EntropicBrew"}],"is_trial":false,"path_per_floor":["M","?","?","?","M","E","?","M","T","M","$","T","R","?","R","B",null,"M","?","?","M","M","R","$","R","T","R","E","?"],"character_chosen":"IRONCLAD","items_purchased":["Sword Boomerang","Clothesline","Ghostly Armor"],"campfire_rested":0,"item_purchase_floors":[11,11,24],"current_hp_per_floor":[73,55,55,55,61,67,67,58,58,56,56,56,56,56,56,26,65,65,65,65,46,39,39,39,39,39,39,47,0,0],"gold":31,"neow_bonus":"THREE_ENEMY_KILL","is_daily":false,"chose_seed":false,"campfire_upgraded":5,"win_rate":0.0,"timestamp":1612045537,"path_taken":["M","?","?","?","?","E","?","M","T","M","?","?","R","?","R","BOSS","M","?","?","?","?","R","$","R","T","R","E","?"],"items_purchased_type":["Card","Card","Card"],"build_version":"2020-12-22","purchased_purges":2,"victory":false,"max_hp_per_floor":[75,75,75,75,75,75,75,75,75,78,78,78,78,78,78,78,78,81,81,81,81,81,81,81,81,81,81,83,83,83],"card_choices":[{"not_picked":["True Grit","Anger"],"picked":"Headbutt","floor":1.0},{"not_picked":["Flex","Wild Strike"],"picked":"Spot Weakness","floor":5.0},{"not_picked":["Uppercut","Havoc","Warcry"],"picked":"SKIP","floor":6.0},{"not_picked":["Evolve","Anger"],"picked":"Feed","floor":8.0},{"not_picked":["Reckless Charge","Wild Strike","Warcry"],"picked":"SKIP","floor":10.0},{"not_picked":["Bludgeon","Impervious"],"picked":"Offering","floor":16},{"not_picked":["Perfected Strike","Warcry"],"picked":"Power Through","floor":18},{"not_picked":["Spot Weakness","Iron Wave"],"picked":"Armaments","floor":21},{"not_picked":["Fire Breathing","Immolate"],"picked":"Dark Embrace","floor":22},{"not_picked":["Rupture","Carnage","Disarm+1"],"picked":"Singing Bowl","floor":28}],"player_experience":468304,"relics_obtained":[{"floor":6.0,"key":"Blue Candle"},{"floor":9.0,"key":"Akabeko"},{"floor":12.0,"key":"Mummified Hand"},{"floor":20,"key":"Letter Opener"},{"floor":26,"key":"Toxic Egg 2"},{"floor":28,"key":"PreservedInsect"}],"event_choices":[{"damage_healed":0.0,"max_hp_gain":0.0,"max_hp_loss":0.0,"gold_gain":0.0,"event_name":"Scrap Ooze","player_choice":"Success","floor":2.0,"gold_loss":0.0,"damage_taken":18.0,"relics_obtained":["White Beast Statue"]},{"damage_healed":0.0,"max_hp_gain":0.0,"max_hp_loss":0.0,"gold_gain":150.0,"event_name":"Liars Game","player_choice":"AGREE","floor":3.0,"gold_loss":0.0,"damage_taken":0.0,"cards_obtained":["Doubt"]},{"damage_healed":0.0,"max_hp_gain":0.0,"max_hp_loss":0.0,"gold_gain":0.0,"cards_transformed":["Strike_R"],"event_name":"Transmorgrifier","player_choice":"Transformed","floor":4.0,"gold_loss":0.0,"damage_taken":0.0,"cards_obtained":["Limit Break"]},{"cards_removed":["Doubt"],"damage_healed":0.0,"max_hp_gain":0.0,"max_hp_loss":0.0,"gold_gain":0.0,"event_name":"The Cleric","player_choice":"Card Removal","floor":7.0,"gold_loss":75.0,"damage_taken":0.0},{"cards_removed":["Strike_R"],"damage_healed":0.0,"max_hp_gain":0.0,"max_hp_loss":0.0,"gold_gain":0.0,"event_name":"Purifier","player_choice":"Purged","floor":14.0,"gold_loss":0.0,"damage_taken":0.0},{"damage_healed":0,"gold_gain":0,"player_choice":"Obtained Relic","damage_taken":0,"relics_obtained":["Singing Bowl"],"max_hp_gain":0,"max_hp_loss":0,"event_name":"Addict","floor":19,"gold_loss":85},{"damage_healed":0,"gold_gain":0,"player_choice":"Relic","damage_taken":0,"max_hp_gain":0,"max_hp_loss":0,"event_name":"Wheel of Change","floor":20,"gold_loss":0},{"damage_healed":0,"gold_gain":0,"player_choice":"Fought Bandits","damage_taken":0,"max_hp_gain":0,"max_hp_loss":0,"event_name":"Masked Bandits","floor":29,"gold_loss":0}],"is_beta":false,"boss_relics":[{"not_picked":["Runic Cube","Velvet Choker"],"picked":"Black Blood"}],"items_purged_floors":[11,24],"is_endless":false,"potions_floor_spawned":[5,6,8,10,16,18,21,22,28],"killed_by":"Masked Bandits","ascension_level":15}}