{"host":"d52brwsy6af8zvaq","time":1612029709,"event":{"mods":["AchievementEnabler","BaseMod","Bestiary","Highlight Path","Minty Spire (QoL Compilation)","Quick Restart","Relic Stats","ojb\u0027s Better Paths Mod"],"gold_per_floor":[115,126,138,217,233,263,263,338,419,419,435,435,463,473,473,473,473],"floor_reached":16,"language":"ENG","playtime":454,"items_purged":[],"score":224,"play_id":"b325b0ff-4d1d-4db9-a8f8-dc35fd6e9a0a","local_time":"20210130110149","is_ascension_mode":true,"campfire_choices":[{"floor":7.0,"key":"REST"},{"data":"Bouncing Flask","floor":10.0,"key":"SMITH"},{"floor":12.0,"key":"REST"},{"floor":15.0,"key":"REST"}],"circlet_count":0,"master_deck":["AscendersBane","Strike_G","Strike_G","Strike_G","Strike_G","Strike_G","Defend_G","Defend_G","Defend_G","Defend_G","Defend_G","Survivor","Neutralize","Flying Knee","Flying Knee","Masterful Stab","Bouncing Flask+1","Bullet Time","PiercingWail","Cloak And Dagger","Choke"],"relics":["Ring of the Snake","Turnip","Juzu Bracelet"],"acts_visited":["Exordium"],"potions_floor_usage":[],"damage_taken":[{"damage":2.0,"enemies":"Jaw Worm","floor":1.0,"turns":6.0},{"damage":0.0,"enemies":"2 Louse","floor":2.0,"turns":4.0},{"damage":1.0,"enemies":"Small Slimes","floor":3.0,"turns":4.0},{"damage":13.0,"enemies":"Exordium Wildlife","floor":5.0,"turns":7.0},{"damage":40.0,"enemies":"Lagavulin","floor":6.0,"turns":7.0},{"damage":16.0,"enemies":"2 Fungi Beasts","floor":11.0,"turns":4.0},{"damage":25.0,"enemies":"Gremlin Nob","floor":13.0,"turns":4.0},{"damage":7.0,"enemies":"Large Slime","floor":14.0,"turns":4.0},{"damage":27,"enemies":"The Guardian","floor":16,"turns":7}],"seed_played":"4321476496367342099","potions_obtained":[{"floor":2.0,"key":"SpeedPotion"},{"floor":3.0,"key":"Fruit Juice"},{"floor":11.0,"key":"Ancient Potion"},{"floor":14.0,"key":"SteroidPotion"}],"is_trial":false,"path_per_floor":["M","M","M","?","M","E","R","?","T","R","M","R","E","M","R","B"],"character_chosen":"THE_SILENT","items_purchased":[],"campfire_rested":3,"item_purchase_floors":[],"current_hp_per_floor":[63,63,67,67,54,14,37,26,26,26,10,33,8,1,24,0,0],"gold":473,"neow_bonus":"TEN_PERCENT_HP_BONUS","is_daily":false,"chose_seed":false,"campfire_upgraded":1,"win_rate":0.0,"timestamp":1612029709,"path_taken":["M","M","M","?","M","E","R","?","T","R","M","R","E","M","R","BOSS"],"items_purchased_type":[],"build_version":"2020-12-22","purchased_purges":0,"victory":false,"max_hp_per_floor":[72,72,77,77,77,77,77,77,77,77,77,77,77,77,77,77,77],"relic_stats":{"counters":[9,47],"Turnip":[0],"Juzu Bracelet":0,"obtain_stats":[{"Turnip":6,"Juzu Bracelet":13,"Ring of the Snake":0},{"Turnip":5,"Juzu Bracelet":7,"Ring of the Snake":0},{"Turnip":28,"Juzu Bracelet":36,"Ring of the Snake":0}],"Ring of the Snake":[18]},"card_choices":[{"not_picked":["Heel Hook","Blur"],"picked":"Flying Knee","floor":1.0},{"not_picked":["Bane","Reflex"],"picked":"Flying Knee","floor":2.0},{"not_picked":["Prepared","Slice"],"picked":"Masterful Stab","floor":3.0},{"not_picked":["Escape Plan","Underhanded Strike"],"picked":"Bouncing Flask","floor":5.0},{"not_picked":["Choke","Tactician"],"picked":"Bullet Time","floor":6.0},{"not_picked":["Masterful Stab","Underhanded Strike"],"picked":"PiercingWail","floor":11.0},{"not_picked":["PiercingWail","Poisoned Stab"],"picked":"Cloak And Dagger","floor":13.0},{"not_picked":["Outmaneuver","Eviscerate"],"picked":"Choke","floor":14.0}],"player_experience":2075588,"relics_obtained":[{"floor":6.0,"key":"Turnip"},{"floor":13.0,"key":"Juzu Bracelet"}],"event_choices":[{"damage_healed":0.0,"max_hp_gain":0.0,"max_hp_loss":0.0,"gold_gain":79.0,"event_name":"Golden Wing","player_choice":"Gained Gold","floor":4.0,"gold_loss":0.0,"damage_taken":0.0},{"damage_healed":0.0,"max_hp_gain":0.0,"max_hp_loss":0.0,"gold_gain":75.0,"event_name":"World of Goop","player_choice":"Gather Gold","floor":8.0,"gold_loss":0.0,"damage_taken":11.0}],"is_beta":false,"boss_relics":[],"items_purged_floors":[],"is_endless":false,"potions_floor_spawned":[2,3,11,14],"killed_by":"The Guardian","ascension_level":20}}