{"host":"vk2n6bsv4f6zkux3","time":1612020100,"event":{"mods":["BaseMod","Infinite Spire","Minty Spire (QoL Compilation)","Quick Restart","Replay The Spire","Shop Mod","StSLib"],"gold_per_floor":[114,132,132,9930,9219,9219,9219,9219,9219,9219,9219,9219,8533,8600,8600,8707,8757,8774,8774,8294,8294,8316,8316,8316,7537,7537,7537,7537,7537,6924,6924,6924,7037,7137,7161,7161,6268,6268,5380,5380,5380,5380,5380,5414,5414,5457,5457,5476,5476,5516],"floor_reached":51,"language":"ENG","playtime":2190,"items_purged":["Clumsy","Pot Of Greed"],"score":752,"play_id":"5d154284-2ccc-49df-a561-df07d992009f","local_time":"20210130102140","daily_mods":["Draft","Heirloom","Time Dilation","Flight"],"is_ascension_mode":false,"campfire_choices":[{"data":"1","floor":6,"key":"LIFT"},{"data":"2","floor":7,"key":"LIFT"},{"data":"3","floor":8,"key":"LIFT"},{"data":"Crystallizer","floor":10,"key":"SMITH"},{"data":"Pot Of Greed","floor":15,"key":"SMITH"},{"data":"Pot Of Greed","floor":23,"key":"SMITH"},{"data":"Rainbow","floor":24,"key":"SMITH"},{"data":"Pot Of Greed","floor":27,"key":"SMITH"},{"data":"Redo","floor":29,"key":"SMITH"},{"data":"ReplayTheSpireMod:GoodbyeWorld","floor":32,"key":"SMITH"},{"data":"Hello World","floor":40,"key":"SMITH"},{"data":"Hello World","floor":41,"key":"SMITH"},{"data":"Heatsinks","floor":42,"key":"SMITH"},{"data":"Chill","floor":45,"key":"SMITH"}],"circlet_count":0,"master_deck":["Gash+1","Steam+1","Capacitor+1","Defragment+1","Go for the Eyes+1","Go for the Eyes+1","Reinforced Body+1","Redo+1","Force Field+1","Crystallizer+1","Gash+1","Auto Shields+1","Chill+1","Panic Button+1","Ball Lightning+1","Redo+1","Genetic Algorithm+1","Redo+1","Static Discharge+1","Thunder Strike+1","Meteor Strike+1","BasicCrystalCard+1","Static Discharge+1","Thunder Strike+1","Panache+1","Impatience+1","ReplayUltimateDefense+1","Pot Of Greed+1","Pot Of Greed+1","Hello World+1","Coolheaded+1","Doom and Gloom+1","Rainbow+1","Hello World+1","Tempest+1","infinitespire:Gouge+1","infinitespire:UltimateForm+1","Pot Of Greed+1","Redo+1","Self Repair+1","Cold Snap+1","ReplayTheSpireMod:GoodbyeWorld+1","Barrage+1","Barrage+1","Deep Breath+1","Buffer+1","BasicCrystalCard+1","Ball Lightning+1","BasicCrystalCard+1","Heatsinks+1","ReplayRNGCard+1","Steam+1","Beam Cell+1","Blizzard+1","Buffer+1","Buffer+1","BasicCrystalCard+1","Heatsinks+1","Gash+1"],"relics":["Cracked Core","Girya","NeowsBlessing","Snack Pack","ClockworkSouvenir","Replay:Bandana","MerchantsRug","Orichalcum","DataDisk","ReplayTheSpireMod:ShopPack","Geode","Molten Egg 2","TheAbacus","Grinning Jar","infinitespire:WardingShard","Tiny House","CaptainsWheel","Blue Doll","infinitespire:Lucky Rock","Sundial","Replay:Lucky Slots","Mercury Hourglass","infinitespire:Satchel","Blue Candle","Cauldron","Replay:Wanted Poster","NeowsBlessing","Medical Kit","ReplayFunnel","Durian","Centennial Puzzle","infinitespire:PuzzleCube","Guide Book","infinitespire:BottledMercury","Eternal Feather","Blood Vial","CeramicFish","Mark of the Bloom"],"acts_visited":["Exordium","TheCity","TheBeyond"],"potions_floor_usage":[33,33,33,50,50,50],"damage_taken":[{"damage":0.0,"enemies":"2 Louse","floor":1.0,"turns":2.0},{"damage":7,"enemies":"Jaw Worm","floor":2,"turns":4},{"damage":0,"enemies":"Fading Forest","floor":16,"turns":1},{"damage":0,"enemies":"2 Thieves","floor":18,"turns":1},{"damage":0,"enemies":"3 Byrds","floor":22,"turns":1},{"damage":1,"enemies":"Champ","floor":33,"turns":7},{"damage":7,"enemies":"3 Shapes","floor":35,"turns":2},{"damage":0,"enemies":"Reptomancer","floor":44,"turns":1},{"damage":0,"enemies":"R_Hoarder","floor":46,"turns":1},{"damage":0,"enemies":"3 Darklings","floor":48,"turns":1},{"damage":0,"enemies":"Replay:Hell Engine","floor":50,"turns":4}],"seed_played":"-6928087177113845475","potions_obtained":[{"floor":1.0,"key":"Swift Potion"},{"floor":17,"key":"Dexterity Potion"},{"floor":30,"key":"Energy Potion"},{"floor":30,"key":"SkillPotion"},{"floor":30,"key":"infinitespire:BlackPotion"},{"floor":33,"key":"BlessingOfTheForge"},{"floor":35,"key":"Strength Potion"}],"is_trial":true,"path_per_floor":["M","M","WH","$","$","R","R","R","T","R","WH","WH","$","?","R","B",null,"M","AVR","?","?","M","R","R","$","T","R","?","R","$","?","R","B",null,"M","WH","$","T","$","R","R","R","T","E","R","E","?","M","R","B",null],"character_chosen":"DEFECT","items_purchased":["Snack Pack","ClockworkSouvenir","Replay:Bandana","Regen Potion","FearPotion","Redo","Static Discharge","Thunder Strike","Meteor Strike","MerchantsRug","Orichalcum","DataDisk","BasicCrystalCard","Static Discharge","Thunder Strike","ReplayTheSpireMod:ShopPack","Molten Egg 2","TheAbacus","Grinning Jar","Hello World","Coolheaded","infinitespire:Lucky Rock","Sundial","Replay:Lucky Slots","Self Repair","Cold Snap+1","infinitespire:Satchel","Blue Candle","ReplayTheSpireMod:GoodbyeWorld","Barrage+1","Deep Breath","Cauldron","Ball Lightning+1","BasicCrystalCard","Heatsinks","Medical Kit","ReplayFunnel","Durian","Energy Potion","PowerPotion","infinitespire:PuzzleCube","Guide Book","ReplayRNGCard","Steam","Beam Cell+1","Blizzard+1","Buffer","infinitespire:BottledMercury"],"campfire_rested":0,"item_purchase_floors":[4,4,4,4,4,4,4,4,4,4,5,5,5,5,5,5,13,13,13,13,13,25,25,25,25,25,30,30,30,30,30,30,37,37,37,37,37,37,37,37,39,39,39,39,39,39,39,39],"current_hp_per_floor":[75,68,68,68,68,68,68,68,68,68,75,83,83,83,83,83,95,95,95,95,95,95,95,95,95,95,95,95,95,95,86,86,95,95,88,88,93,93,93,93,93,93,93,93,100,100,100,100,100,100],"gold":5516,"neow_bonus":"THREE_ENEMY_KILL","is_daily":false,"chose_seed":false,"campfire_upgraded":11,"win_rate":0.0,"timestamp":1612020100,"path_taken":["M","M","WH","$","$","R","R","R","T","R","WH","WH","$","?","R","BOSS","M","AVR","?","?","?","R","R","$","T","R","?","R","$","?","R","BOSS","M","WH","$","?","$","R","R","R","T","E","R","E","?","M","R","BOSS"],"items_purchased_type":["Relic","Relic","Relic","Potion","Potion","Card","Card","Card","Card","Relic","Relic","Relic","Card","Card","Card","Relic","Relic","Relic","Relic","Card","Card","Relic","Relic","Relic","Card","Card","Relic","Relic","Card","Card","Card","Relic","Card","Card","Card","Relic","Relic","Relic","Potion","Potion","Relic","Relic","Card","Card","Card","Card","Card","Relic"],"build_version":"2020-12-22","purchased_purges":2,"victory":true,"max_hp_per_floor":[75,75,75,75,75,75,75,75,75,75,82,90,90,90,90,90,95,95,95,95,95,95,95,95,95,95,95,95,95,95,95,95,95,95,95,95,100,100,100,100,100,100,100,100,100,100,100,100,100,100],"card_choices":[{"not_picked":["ReplaySolidLightProjector","Conserve Battery"],"picked":"Gash","floor":0.0},{"not_picked":["Streamline","Coolheaded"],"picked":"Steam","floor":0.0},{"not_picked":["Rebound","Beam Cell"],"picked":"Capacitor","floor":0.0},{"not_picked":["Conserve Battery","Hello World"],"picked":"Defragment","floor":0.0},{"not_picked":["Rebound","Coolheaded"],"picked":"Go for the Eyes","floor":0.0},{"not_picked":["Compile Driver","Force Field"],"picked":"Go for the Eyes","floor":0.0},{"not_picked":["ReplaySolidLightProjector","Rebound"],"picked":"Reinforced Body","floor":0.0},{"not_picked":["Barrage","ReplaySolidLightProjector"],"picked":"Redo","floor":0.0},{"not_picked":["Sweeping Beam","Leap"],"picked":"Force Field","floor":0.0},{"not_picked":["Conserve Battery","Redo"],"picked":"Crystallizer","floor":0.0},{"not_picked":["Lockon","Cold Snap"],"picked":"Gash","floor":0.0},{"not_picked":["Sunder","Melter"],"picked":"Auto Shields","floor":0.0},{"not_picked":["Chaos","ReplaySort"],"picked":"Chill","floor":0.0},{"not_picked":["Streamline","Conserve Battery"],"picked":"Panic Button","floor":0.0},{"not_picked":["Stack","Panic Button"],"picked":"Ball Lightning","floor":0.0},{"not_picked":["Coolheaded","Beam Cell"],"picked":"Redo","floor":1.0},{"not_picked":["Barrage","Ball Lightning"],"picked":"Genetic Algorithm","floor":2},{"not_picked":["Poisoned Strike","Magnetism"],"picked":"Panache","floor":5},{"not_picked":["Blind","Replay:Sssssssssshield"],"picked":"Impatience","floor":5},{"not_picked":["Dark Shackles","Replay:Sssssssssshield"],"picked":"ReplayUltimateDefense","floor":5},{"not_picked":["Steam","Hologram"],"picked":"Doom and Gloom+1","floor":14},{"not_picked":["Reboot","Thunder Strike+1"],"picked":"Rainbow","floor":16},{"not_picked":["Static Discharge","Steam"],"picked":"Hello World","floor":17},{"not_picked":["Stack","BasicCrystalCard"],"picked":"Tempest","floor":18},{"not_picked":["infinitespire:TheBestDefense","ReplayTheSpireMod:??????????????????????"],"picked":"infinitespire:UltimateForm","floor":20},{"not_picked":["Recycle","Chill"],"picked":"Redo","floor":22},{"not_picked":["ReplayTheSpireMod:Fabricate Wheel","Thunder Strike+1"],"picked":"Buffer","floor":33},{"not_picked":["Reprogram","Fusion+1"],"picked":"BasicCrystalCard+1","floor":35},{"not_picked":["Reprogram+1","Coolheaded"],"picked":"BasicCrystalCard+1","floor":44},{"not_picked":["Panic Button+1","Doom and Gloom+1"],"picked":"Heatsinks","floor":46},{"not_picked":["Turbo","Steam"],"picked":"Gash+1","floor":48}],"player_experience":128306,"relics_obtained":[{"floor":9,"key":"Geode"},{"floor":14,"key":"infinitespire:WardingShard"},{"floor":26,"key":"Mercury Hourglass"},{"floor":38,"key":"Centennial Puzzle"},{"floor":43,"key":"Eternal Feather"},{"floor":44,"key":"Blood Vial"},{"floor":46,"key":"CeramicFish"}],"event_choices":[{"cards_removed":["Pot Of Greed"],"damage_healed":0,"gold_gain":0,"player_choice":"Elegance","damage_taken":0,"max_hp_gain":0,"max_hp_loss":0,"event_name":"Back to Basics","floor":28,"gold_loss":0},{"damage_healed":0,"gold_gain":0,"player_choice":"Damaged","damage_taken":9,"max_hp_gain":0,"max_hp_loss":0,"event_name":"Wheel of Change","floor":31,"gold_loss":0},{"damage_healed":0,"gold_gain":0,"player_choice":"Upgrade","damage_taken":0,"relics_obtained":["Mark of the Bloom"],"max_hp_gain":0,"max_hp_loss":0,"event_name":"MindBloom","floor":47,"gold_loss":0,"cards_upgraded":["Gash","Steam","Capacitor","Defragment","Go for the Eyes","Go for the Eyes","Reinforced Body","Force Field","Gash","Auto Shields","Panic Button","Ball Lightning","Redo","Redo","Static Discharge","Meteor Strike","BasicCrystalCard","Static Discharge","Thunder Strike","Panache","Impatience","Coolheaded","Tempest","infinitespire:UltimateForm","Redo","Self Repair","Deep Breath","Buffer","BasicCrystalCard","ReplayRNGCard","Steam","Buffer","Buffer","Heatsinks"]}],"is_beta":false,"boss_relics":[{"not_picked":["Kintsugi","Replay:Ancient Bell"],"picked":"Tiny House"},{"not_picked":["Painkiller Herb","Snecko Heart"],"picked":"Replay:Wanted Poster"}],"items_purged_floors":[25,37],"is_endless":false,"potions_floor_spawned":[1,18,33,35],"ascension_level":0}}