{"host":"bxn2em57qlx5u4i0","time":1612001606,"event":{"mods":["BaseMod","Colored Map","Colored Powertips","Highlight Path","Minty Spire (QoL Compilation)","Random Character Button","Relic Sorter","Relic Stats","StSLib","SuperFastMode"],"gold_per_floor":[115,39,39,49,49,84,84,110,110,110,141,1,34,34,34,105,105,120,136,149,164,164,164,164],"floor_reached":23,"language":"ENG","playtime":1128,"items_purged":[],"score":484,"play_id":"43b8fa6b-6112-4965-a138-4c0516ab56bf","local_time":"20210130051326","is_ascension_mode":true,"campfire_choices":[{"data":"Die Die Die","floor":7.0,"key":"SMITH"},{"data":"Neutralize","floor":10.0,"key":"SMITH"},{"data":"Noxious Fumes","floor":15.0,"key":"SMITH"}],"circlet_count":0,"master_deck":["AscendersBane","Strike_G","Strike_G","Strike_G","Strike_G","Strike_G","Defend_G","Defend_G","Defend_G","Defend_G","Defend_G","Survivor","Neutralize+1","Heel Hook","Die Die Die+1","Terror","Predator","Noxious Fumes+1","Tools of the Trade","PiercingWail","Reflex","Footwork","Footwork","Ghostly","Ghostly","Ghostly"],"relics":["Ring of the Snake","NeowsBlessing","Sundial","Ancient Tea Set","Potion Belt","Bag of Preparation","TungstenRod","Fusion Hammer"],"acts_visited":["Exordium","TheCity"],"potions_floor_usage":[],"damage_taken":[{"damage":0.0,"enemies":"Cultist","floor":1.0,"turns":1.0},{"damage":0.0,"enemies":"2 Louse","floor":4.0,"turns":1.0},{"damage":0.0,"enemies":"3 Sentries","floor":6.0,"turns":1.0},{"damage":6.0,"enemies":"Gremlin Nob","floor":8.0,"turns":3.0},{"damage":7.0,"enemies":"Lagavulin","floor":11.0,"turns":6.0},{"damage":19.0,"enemies":"3 Sentries","floor":13.0,"turns":6.0},{"damage":19.0,"enemies":"Slime Boss","floor":16.0,"turns":9.0},{"damage":12,"enemies":"Shell Parasite","floor":18,"turns":7},{"damage":0,"enemies":"Chosen","floor":19,"turns":3},{"damage":10,"enemies":"3 Cultists","floor":20,"turns":5},{"damage":11,"enemies":"Centurion and Healer","floor":21,"turns":8},{"damage":25,"enemies":"Book of Stabbing","floor":23,"turns":7}],"seed_played":"-1084862325252370886","potions_obtained":[{"floor":1.0,"key":"AttackPotion"},{"floor":8.0,"key":"SkillPotion"},{"floor":13.0,"key":"SteroidPotion"},{"floor":16.0,"key":"SteroidPotion"},{"floor":21,"key":"FearPotion"}],"is_trial":false,"path_per_floor":["M","$","?","M","$","E","R","E","T","R","E","$","E","$","R","B",null,"M","M","M","M","?","E"],"character_chosen":"THE_SILENT","items_purchased":["Die Die Die","Noxious Fumes","AttackPotion"],"campfire_rested":0,"item_purchase_floors":[2,12,12],"current_hp_per_floor":[59,59,64,64,64,64,64,58,58,58,51,51,32,32,32,13,57,45,45,35,24,24,0,0],"gold":164,"neow_bonus":"THREE_ENEMY_KILL","is_daily":false,"chose_seed":false,"campfire_upgraded":3,"win_rate":0.0,"timestamp":1612001606,"path_taken":["M","?","?","M","$","E","R","E","T","R","E","$","E","$","R","BOSS","M","M","M","M","?","E"],"items_purchased_type":["Card","Card","Potion"],"build_version":"2020-12-22","purchased_purges":0,"victory":false,"max_hp_per_floor":[66,66,71,71,71,71,71,71,71,71,71,71,71,71,71,71,71,71,71,71,71,35,35,35],"relic_stats":{"counters":[12,57],"Sundial":[10],"Bag of Preparation":[14],"obtain_stats":[{"Potion Belt":9,"NeowsBlessing":0,"Sundial":6,"Fusion Hammer":17,"Bag of Preparation":11,"Ancient Tea Set":8,"TungstenRod":13,"Ring of the Snake":0},{"Potion Belt":4,"NeowsBlessing":0,"Sundial":3,"Fusion Hammer":7,"Bag of Preparation":5,"Ancient Tea Set":4,"TungstenRod":6,"Ring of the Snake":0},{"Potion Belt":6,"NeowsBlessing":0,"Sundial":3,"Fusion Hammer":27,"Bag of Preparation":12,"Ancient Tea Set":6,"TungstenRod":18,"Ring of the Snake":0}],"TungstenRod":17,"Ring of the Snake":[24]},"card_choices":[{"not_picked":["Skewer","Bane"],"picked":"Heel Hook","floor":1.0},{"not_picked":["Prepared","Distraction","Deflect"],"picked":"SKIP","floor":4.0},{"not_picked":["Slice","Prepared","Dodge and Roll"],"picked":"SKIP","floor":6.0},{"not_picked":["Distraction","Deadly Poison"],"picked":"Terror","floor":8.0},{"not_picked":["Catalyst","Poisoned Stab"],"picked":"Predator","floor":11.0},{"not_picked":["Bane","Deflect","Dagger Throw"],"picked":"SKIP","floor":13.0},{"not_picked":["Die Die Die","Bullet Time"],"picked":"Tools of the Trade","floor":16.0},{"not_picked":["Flying Knee","Calculated Gamble"],"picked":"PiercingWail","floor":18},{"not_picked":["Deflect","Outmaneuver"],"picked":"Reflex","floor":19},{"not_picked":["Backflip","All Out Attack"],"picked":"Footwork","floor":20},{"not_picked":["Slice","Deflect"],"picked":"Footwork","floor":21}],"player_experience":2960340,"relics_obtained":[{"floor":6.0,"key":"Sundial"},{"floor":8.0,"key":"Ancient Tea Set"},{"floor":9.0,"key":"Potion Belt"},{"floor":11.0,"key":"Bag of Preparation"},{"floor":13.0,"key":"TungstenRod"}],"event_choices":[{"damage_healed":0.0,"max_hp_gain":5.0,"max_hp_loss":0.0,"gold_gain":0.0,"event_name":"Big Fish","player_choice":"Donut","floor":3.0,"gold_loss":0.0,"damage_taken":0.0},{"damage_healed":0,"gold_gain":0,"player_choice":"Became a Ghost","damage_taken":0,"max_hp_gain":0,"max_hp_loss":36,"event_name":"Ghosts","floor":22,"gold_loss":0,"cards_obtained":["Ghostly","Ghostly","Ghostly"]}],"is_beta":false,"boss_relics":[{"not_picked":["SacredBark","Philosopher\u0027s Stone"],"picked":"Fusion Hammer"}],"items_purged_floors":[],"is_endless":false,"potions_floor_spawned":[1,8,13,16,21],"killed_by":"Book of Stabbing","ascension_level":20}}