{"host":"gquo1rsrdiuo0hhv","time":1612030295,"event":{"mods":["Act Like it!","BaseMod","Colored Powertips","Minty Spire (QoL Compilation)","Quick Restart","StSLib"],"gold_per_floor":[117,128,128,144,157,157,191,191,191,223,241,241,270,287,287,383,383,403,20,33,33,33,33,59,59,59,75,75,75],"floor_reached":28,"language":"ENG","playtime":1071,"items_purged":["Strike_R"],"score":322,"play_id":"a8c9033b-46bb-4c3a-b21a-eac0ce74311f","local_time":"20210131011135","is_ascension_mode":true,"campfire_choices":[{"data":"Berserk","floor":6,"key":"SMITH"},{"data":"Feed","floor":8,"key":"SMITH"},{"floor":12,"key":"REST"},{"floor":15,"key":"RECALL"},{"data":"Juggernaut","floor":23,"key":"SMITH"},{"data":"Bash","floor":25,"key":"SMITH"}],"circlet_count":0,"master_deck":["Strike_R","Strike_R","Strike_R","Strike_R","Defend_R","Defend_R","Defend_R","Defend_R","Bash+1","Berserk+1","Heavy Blade","Flex","Dark Embrace","Rupture","Feed+1","Armaments+1","Warcry+1","Inflame","Havoc+1","Juggernaut+1","Blood for Blood","Thunderclap","Seeing Red+1","Ghostly Armor+1"],"relics":["Burning Blood","Lantern","Toxic Egg 2","FossilizedHelix","Oddly Smooth Stone","Velvet Choker","Gambling Chip","Anchor"],"acts_visited":["Exordium","TheCity"],"potions_floor_usage":[7,7,27,27],"damage_taken":[{"damage":0,"enemies":"Small Slimes","floor":1,"turns":3},{"damage":0,"enemies":"Cultist","floor":2,"turns":3},{"damage":6,"enemies":"Jaw Worm","floor":4,"turns":4},{"damage":8,"enemies":"3 Louse","floor":5,"turns":3},{"damage":16,"enemies":"Gremlin Nob","floor":7,"turns":3},{"damage":41,"enemies":"Lagavulin","floor":10,"turns":7},{"damage":9,"enemies":"Exordium Wildlife","floor":11,"turns":6},{"damage":0,"enemies":"Gremlin Nob","floor":13,"turns":4},{"damage":0,"enemies":"2 Fungi Beasts","floor":14,"turns":3},{"damage":39,"enemies":"The Guardian","floor":16,"turns":9},{"damage":16,"enemies":"Spheric Guardian","floor":18,"turns":4},{"damage":8,"enemies":"Chosen","floor":20,"turns":6},{"damage":18,"enemies":"Book of Stabbing","floor":24,"turns":5},{"damage":19,"enemies":"Snake Plant","floor":27,"turns":4},{"damage":3,"enemies":"Slavers","floor":28,"turns":3}],"seed_played":"-7861579156336185238","potions_obtained":[{"floor":1,"key":"DistilledChaos"},{"floor":4,"key":"LiquidMemories"},{"floor":10,"key":"SpeedPotion"},{"floor":11,"key":"Block Potion"},{"floor":16,"key":"SpeedPotion"},{"floor":18,"key":"SteroidPotion"},{"floor":27,"key":"BloodPotion"}],"is_trial":false,"path_per_floor":["M","M","?","M","M","R","E","R","T","E","M","R","E","M","R","B",null,"M","$","M","?","?","R","E","R","T","M","E"],"character_chosen":"IRONCLAD","items_purchased":["Gambling Chip"],"campfire_rested":1,"item_purchase_floors":[19],"current_hp_per_floor":[62,68,68,68,66,66,56,56,56,25,26,52,58,68,68,35,92,82,82,80,62,62,62,50,50,50,56,53,53],"gold":75,"neow_bonus":"THREE_RARE_CARDS","is_daily":false,"chose_seed":false,"campfire_upgraded":4,"win_rate":0.0,"timestamp":1612030295,"path_taken":["M","M","?","?","?","R","E","R","T","E","M","R","E","M","R","BOSS","M","$","M","?","?","R","E","R","T","M","E"],"items_purchased_type":["Relic"],"build_version":"2020-12-22","purchased_purges":1,"victory":false,"max_hp_per_floor":[80,80,80,80,80,80,80,80,80,84,88,88,88,92,92,92,92,92,92,92,97,97,97,97,97,97,97,97,97],"card_choices":[{"not_picked":["Fiend Fire","Impervious"],"picked":"Berserk","floor":0},{"not_picked":["Disarm","True Grit"],"picked":"Heavy Blade","floor":1},{"not_picked":["Pommel Strike","Thunderclap"],"picked":"Flex","floor":2},{"not_picked":["Power Through","Disarm"],"picked":"Dark Embrace","floor":4},{"not_picked":["Shockwave","Wild Strike"],"picked":"Rupture","floor":5},{"not_picked":["Dark Embrace","Clash"],"picked":"Feed","floor":7},{"not_picked":["True Grit+1","Heavy Blade"],"picked":"Armaments+1","floor":10},{"not_picked":["Perfected Strike","Havoc+1"],"picked":"Warcry+1","floor":11},{"not_picked":["Power Through+1","Pummel"],"picked":"Inflame","floor":13},{"not_picked":["Flex+1","Rampage"],"picked":"Havoc+1","floor":14},{"not_picked":["Corruption","Limit Break+1"],"picked":"Juggernaut","floor":16},{"not_picked":["Anger+1","Dark Embrace"],"picked":"Blood for Blood","floor":18},{"not_picked":["Burning Pact+1","Rampage"],"picked":"Thunderclap","floor":20},{"not_picked":["Uppercut","Dual Wield+1"],"picked":"Seeing Red+1","floor":24},{"not_picked":["Clash","Flex+1"],"picked":"Ghostly Armor+1","floor":27}],"player_experience":409365,"relics_obtained":[{"floor":7,"key":"Lantern"},{"floor":9,"key":"Toxic Egg 2"},{"floor":10,"key":"FossilizedHelix"},{"floor":13,"key":"Oddly Smooth Stone"},{"floor":24,"key":"Anchor"}],"event_choices":[{"damage_healed":0,"gold_gain":0,"player_choice":"0 cards matched","damage_taken":0,"max_hp_gain":0,"max_hp_loss":0,"event_name":"Match and Keep!","floor":3,"gold_loss":0,"cards_obtained":[]},{"damage_healed":0,"gold_gain":0,"player_choice":"Shed Blood","damage_taken":23,"max_hp_gain":5,"max_hp_loss":0,"event_name":"Forgotten Altar","floor":21,"gold_loss":0},{"damage_healed":0,"gold_gain":0,"player_choice":"Ignored","damage_taken":0,"max_hp_gain":0,"max_hp_loss":0,"event_name":"Ghosts","floor":22,"gold_loss":0}],"is_beta":false,"boss_relics":[{"not_picked":["Sozu","Philosopher\u0027s Stone"],"picked":"Velvet Choker"}],"items_purged_floors":[19],"is_endless":false,"potions_floor_spawned":[1,4,10,11,16,18,24,27],"killed_by":"Slavers","ascension_level":1}}