{"host":"jpzdg3po3tjxdjri","time":1612047280,"event":{"mods":["BaseMod","Better Third Choice","Colored Map","Colored Powertips","Minty Spire (QoL Compilation)","StSLib"],"gold_per_floor":[112,131,131,56,69,69,85,85,85,85,85,100,13,26,26,156,156,179,179,164,164,179,217,235,279,302,114,158,158,190,202,202,301,301,316,25,39,51,51,85,85,118,118,118,136,136,147,178,178,178],"floor_reached":51,"language":"ENG","playtime":2146,"items_purged":[],"score":946,"play_id":"e4f44ea6-16e2-4cb2-9367-874f3e9dd7d2","local_time":"20210130225440","is_ascension_mode":true,"campfire_choices":[{"data":"Envenom","floor":6.0,"key":"SMITH"},{"data":"Noxious Fumes","floor":8.0,"key":"SMITH"},{"floor":11.0,"key":"REST"},{"data":"Poisoned Stab","floor":15.0,"key":"SMITH"},{"floor":32,"key":"REST"},{"data":"Catalyst","floor":41,"key":"SMITH"},{"data":"After Image","floor":44,"key":"SMITH"},{"data":"Footwork","floor":46,"key":"SMITH"},{"floor":49,"key":"REST"}],"circlet_count":0,"master_deck":["Defend_G","Defend_G+1","Defend_G","Defend_G","Defend_G","Survivor","Neutralize","Sucker Punch","Cloak And Dagger","Noxious Fumes+1","Envenom+1","Poisoned Stab+1","Catalyst+1","Leg Sweep","Backflip","Glass Knife","Bouncing Flask+1","Bite","Bite","Bite","Bite","Bite","Footwork+1","Noxious Fumes","After Image+1","Dodge and Roll+1","Infinite Blades+1","Blade Dance","Adrenaline+1","Blur+1","Heel Hook","Poisoned Stab","Footwork","Deadly Poison","Noxious Fumes+1","Sucker Punch+1","Dash+1","Poisoned Stab+1","Footwork+1","Well Laid Plans","Noxious Fumes+1","Catalyst+1"],"relics":["Ring of the Snake","Thread and Needle","Singing Bowl","Bloody Idol","WristBlade","Pear","Prayer Wheel","Bag of Preparation","HandDrill","Pantograph","Lantern","Sozu","Strawberry","Centennial Puzzle","StrikeDummy","Art of War","War Paint"],"acts_visited":["Exordium","TheCity","TheBeyond"],"potions_floor_usage":[23,28,28,30,33],"damage_taken":[{"damage":0.0,"enemies":"Jaw Worm","floor":1.0,"turns":7.0},{"damage":0.0,"enemies":"Cultist","floor":2.0,"turns":4.0},{"damage":0.0,"enemies":"Small Slimes","floor":5.0,"turns":4.0},{"damage":0.0,"enemies":"Looter","floor":7.0,"turns":4.0},{"damage":4.0,"enemies":"Exordium Thugs","floor":12.0,"turns":5.0},{"damage":12.0,"enemies":"Large Slime","floor":14.0,"turns":6.0},{"damage":12.0,"enemies":"The Guardian","floor":16.0,"turns":9.0},{"damage":3,"enemies":"Shell Parasite","floor":18,"turns":6},{"damage":24,"enemies":"2 Thieves","floor":20,"turns":4},{"damage":0,"enemies":"Snecko","floor":22,"turns":4},{"damage":3,"enemies":"Gremlin Leader","floor":23,"turns":7},{"damage":3,"enemies":"Cultist and Chosen","floor":24,"turns":7},{"damage":12,"enemies":"Book of Stabbing","floor":25,"turns":8},{"damage":65,"enemies":"Slavers","floor":28,"turns":6},{"damage":1,"enemies":"Gremlin Leader","floor":30,"turns":8},{"damage":4,"enemies":"3 Cultists","floor":31,"turns":5},{"damage":34,"enemies":"Champ","floor":33,"turns":10},{"damage":9,"enemies":"Orb Walker","floor":35,"turns":3},{"damage":24,"enemies":"3 Darklings","floor":37,"turns":5},{"damage":14,"enemies":"Sphere and 2 Shapes","floor":38,"turns":5},{"damage":15,"enemies":"Giant Head","floor":40,"turns":7},{"damage":17,"enemies":"Nemesis","floor":42,"turns":7},{"damage":0,"enemies":"Maw","floor":45,"turns":6},{"damage":20,"enemies":"4 Shapes","floor":47,"turns":5},{"damage":35,"enemies":"Reptomancer","floor":48,"turns":6},{"damage":14,"enemies":"Donu and Deca","floor":50,"turns":8}],"seed_played":"9211755883923151866","potions_obtained":[{"floor":5.0,"key":"DistilledChaos"},{"floor":7.0,"key":"Weak Potion"},{"floor":16.0,"key":"ColorlessPotion"},{"floor":18,"key":"LiquidBronze"},{"floor":22,"key":"Explosive Potion"},{"floor":25,"key":"Fire Potion"},{"floor":28,"key":"Fire Potion"}],"is_trial":false,"path_per_floor":["M","M","?","$","M","R","M","R","T","?","R","M","$","M","R","B",null,"M","?","M","?","M","E","M","E","T","$","E","?","E","M","R","B",null,"M","$","M","M","?","E","R","E","T","R","M","R","M","E","R","B",null],"character_chosen":"THE_SILENT","items_purchased":["Noxious Fumes","Leg Sweep","Backflip","HandDrill","Noxious Fumes","Poisoned Stab","Footwork","Strawberry","Deadly Poison"],"campfire_rested":3,"item_purchase_floors":[4,13,13,27,27,36,36,36,36],"current_hp_per_floor":[49,49,49,49,49,49,49,49,49,32,53,49,49,39,39,27,72,69,50,34,34,44,64,66,62,62,62,5,5,25,38,58,45,68,64,71,60,61,61,57,57,53,53,53,68,68,57,31,55,74],"gold":178,"neow_bonus":"ONE_RARE_RELIC","is_daily":false,"chose_seed":false,"campfire_upgraded":6,"win_rate":0.0,"timestamp":1612047280,"path_taken":["M","M","?","?","M","R","M","R","T","?","R","M","$","M","R","BOSS","M","?","M","?","?","E","M","E","T","$","E","?","E","M","R","BOSS","M","$","M","M","?","E","R","E","T","R","M","R","?","E","R","BOSS"],"items_purchased_type":["Card","Card","Card","Relic","Card","Card","Card","Relic","Card"],"build_version":"2020-12-22","purchased_purges":0,"victory":true,"max_hp_per_floor":[70,70,70,70,70,70,70,70,70,70,70,70,70,72,72,72,72,72,50,52,52,52,64,66,68,68,68,68,68,68,68,68,68,68,68,75,77,79,79,79,79,79,79,79,79,79,79,81,81,81],"card_choices":[{"not_picked":["Quick Slash","Acrobatics"],"picked":"Sucker Punch","floor":1.0},{"not_picked":["Escape Plan","Flying Knee"],"picked":"Cloak And Dagger","floor":2.0},{"not_picked":["Cloak And Dagger","Predator"],"picked":"Envenom","floor":5.0},{"not_picked":["Expertise","Deflect"],"picked":"Poisoned Stab","floor":7.0},{"not_picked":["Deadly Poison","Dodge and Roll"],"picked":"Catalyst","floor":12.0},{"not_picked":["Malaise","Dodge and Roll","Distraction"],"picked":"Singing Bowl","floor":14.0},{"not_picked":["Wraith Form v2","Die Die Die"],"picked":"Glass Knife","floor":16.0},{"not_picked":["Underhanded Strike","Flying Knee"],"picked":"Bouncing Flask+1","floor":18},{"not_picked":["Backflip","Concentrate+1","Flechettes"],"picked":"Singing Bowl","floor":20},{"not_picked":["Deflect","Doppelganger"],"picked":"Footwork","floor":22},{"not_picked":["Unload","Masterful Stab","Acrobatics"],"picked":"Singing Bowl","floor":23},{"not_picked":["Prepared","Slice","Deflect"],"picked":"Singing Bowl","floor":24},{"not_picked":["Reflex","Deflect","Bane"],"picked":"Singing Bowl","floor":25},{"not_picked":["PiercingWail","Setup+1"],"picked":"After Image","floor":28},{"not_picked":["Envenom","Sucker Punch"],"picked":"Dodge and Roll+1","floor":30},{"not_picked":["Sucker Punch+1","Caltrops"],"picked":"Infinite Blades+1","floor":31},{"not_picked":["Riddle With Holes","PiercingWail"],"picked":"Blade Dance","floor":31},{"not_picked":["Die Die Die","Phantasmal Killer"],"picked":"Adrenaline","floor":33},{"not_picked":["Masterful Stab+1","Calculated Gamble"],"picked":"Blur+1","floor":35},{"not_picked":["Acrobatics","Escape Plan+1"],"picked":"Heel Hook","floor":35},{"not_picked":["Leg Sweep","Sucker Punch+1"],"picked":"Noxious Fumes+1","floor":37},{"not_picked":["Dagger Spray+1","Slice+1","Deflect"],"picked":"Singing Bowl","floor":37},{"not_picked":["Bane","Predator+1"],"picked":"Sucker Punch+1","floor":38},{"not_picked":["Distraction+1","Bane+1","Sucker Punch+1"],"picked":"Singing Bowl","floor":38},{"not_picked":["Deflect","Burst"],"picked":"Dash+1","floor":40},{"not_picked":["Dagger Spray+1","Choke+1"],"picked":"Poisoned Stab+1","floor":42},{"not_picked":["Sucker Punch","Quick Slash"],"picked":"Footwork+1","floor":45},{"not_picked":["Underhanded Strike+1","Dodge and Roll"],"picked":"Well Laid Plans","floor":45},{"not_picked":["Quick Slash","Underhanded Strike"],"picked":"Noxious Fumes+1","floor":47},{"not_picked":["Bane","Heel Hook"],"picked":"Catalyst+1","floor":47},{"not_picked":["Outmaneuver+1","Quick Slash","Prepared"],"picked":"Singing Bowl","floor":48}],"player_experience":877710,"relics_obtained":[{"floor":9.0,"key":"Singing Bowl"},{"floor":23,"key":"Pear"},{"floor":25,"key":"Prayer Wheel"},{"floor":26,"key":"Bag of Preparation"},{"floor":28,"key":"Pantograph"},{"floor":30,"key":"Lantern"},{"floor":40,"key":"Centennial Puzzle"},{"floor":42,"key":"StrikeDummy"},{"floor":43,"key":"Art of War"},{"floor":48,"key":"War Paint"}],"event_choices":[{"cards_removed":["Strike_G"],"damage_healed":0.0,"max_hp_gain":0.0,"max_hp_loss":0.0,"gold_gain":0.0,"event_name":"Bonfire Elementals","player_choice":"Offered Basic","floor":3.0,"gold_loss":0.0,"damage_taken":0.0},{"damage_healed":0.0,"max_hp_gain":0.0,"max_hp_loss":0.0,"gold_gain":0.0,"event_name":"Golden Idol","player_choice":"Take Damage","floor":10.0,"gold_loss":0.0,"damage_taken":17.0,"relics_obtained":["Golden Idol"]},{"damage_healed":0,"gold_gain":0,"player_choice":"Became a vampire","damage_taken":0,"max_hp_gain":0,"max_hp_loss":22,"event_name":"Vampires","floor":19,"gold_loss":0,"cards_obtained":["Bite","Bite","Bite","Bite","Bite"]},{"damage_healed":0,"gold_gain":0,"player_choice":"Ignored","damage_taken":0,"max_hp_gain":0,"max_hp_loss":0,"event_name":"N\u0027loth","floor":21,"gold_loss":0},{"damage_healed":0,"gold_gain":0,"player_choice":"Gave Idol","damage_taken":0,"relics_obtained":["Bloody Idol"],"max_hp_gain":0,"max_hp_loss":0,"event_name":"Forgotten Altar","floor":29,"relics_lost":["Golden Idol"],"gold_loss":0},{"damage_healed":0,"gold_gain":0,"player_choice":"Got Potions","damage_taken":0,"max_hp_gain":0,"max_hp_loss":0,"event_name":"Lab","floor":39,"gold_loss":0}],"is_beta":false,"boss_relics":[{"not_picked":["Fusion Hammer","Ectoplasm"],"picked":"WristBlade"},{"not_picked":["Ring of the Serpent","Runic Dome"],"picked":"Sozu"}],"items_purged_floors":[],"is_endless":false,"potions_floor_spawned":[5,7,16,18,22,25,28,35,42,45],"ascension_level":1}}