{"host":"lsq35p0sdkx2xifo","time":1612018293,"event":{"mods":["AchievementEnabler","BaseMod","Highlight Path","Minty Spire (QoL Compilation)","StSLib"],"gold_per_floor":[114,39,52,2,20,47,47,63,138,138,166,166,166,182,182,255,255,275,190,7,7,27,27,52,68,68,68,78,96,96,96,96,171,171,191,15,35,35,48,48,83,99,99,99,99],"floor_reached":44,"language":"ENG","playtime":3014,"items_purged":[],"score":863,"play_id":"f514a731-0d44-4b36-821a-153aa3f4b408","local_time":"20210130065133","is_ascension_mode":true,"campfire_choices":[{"floor":7,"key":"REST"},{"floor":13,"key":"REST"},{"data":"Cloak And Dagger","floor":15,"key":"SMITH"},{"data":"Apotheosis","floor":23,"key":"SMITH"},{"floor":27,"key":"REST"},{"floor":30,"key":"REST"},{"floor":32,"key":"REST"},{"floor":40,"key":"REST"}],"circlet_count":0,"master_deck":["AscendersBane","Strike_G","Strike_G","Strike_G","Strike_G","Defend_G","Defend_G","Defend_G","Defend_G","Survivor","Neutralize","Cloak And Dagger+1","Predator","Dagger Spray","Leg Sweep","Noxious Fumes","PiercingWail","Accuracy","Well Laid Plans","Bullet Time","Flechettes+1","Apotheosis+1","Deadly Poison+1","Accuracy","Prepared","Footwork","Envenom","Blade Dance","Crippling Poison","Dramatic Entrance","Cloak And Dagger+1","Cloak And Dagger","Caltrops"],"relics":["Ring of the Serpent","CaptainsWheel","Ornamental Fan","Orichalcum","SlaversCollar","Kunai","Boot","Juzu Bracelet","Enchiridion","Lee\u0027s Waffle","Centennial Puzzle","Eternal Feather"],"acts_visited":["Exordium","TheCity","TheBeyond"],"potions_floor_usage":[6,11,16,24,24,29,39],"damage_taken":[{"damage":2,"enemies":"Jaw Worm","floor":1,"turns":6},{"damage":2,"enemies":"2 Louse","floor":3,"turns":4},{"damage":0,"enemies":"Small Slimes","floor":5,"turns":3},{"damage":12,"enemies":"3 Sentries","floor":6,"turns":8},{"damage":0,"enemies":"Looter","floor":8,"turns":4},{"damage":16,"enemies":"Lagavulin","floor":11,"turns":9},{"damage":1,"enemies":"Blue Slaver","floor":14,"turns":4},{"damage":26,"enemies":"Hexaghost","floor":16,"turns":12},{"damage":4,"enemies":"Shell Parasite","floor":18,"turns":9},{"damage":0,"enemies":"Spheric Guardian","floor":22,"turns":6},{"damage":0,"enemies":"Book of Stabbing","floor":24,"turns":7},{"damage":14,"enemies":"Centurion and Healer","floor":25,"turns":6},{"damage":10,"enemies":"Shelled Parasite and Fungi","floor":28,"turns":6},{"damage":12,"enemies":"Snake Plant","floor":29,"turns":3},{"damage":18,"enemies":"Automaton","floor":33,"turns":11},{"damage":2,"enemies":"3 Shapes","floor":35,"turns":5},{"damage":15,"enemies":"Orb Walker","floor":37,"turns":5},{"damage":44,"enemies":"Jaw Worm Horde","floor":39,"turns":4},{"damage":7,"enemies":"Giant Head","floor":41,"turns":8},{"damage":9,"enemies":"3 Darklings","floor":42,"turns":4},{"damage":29,"enemies":"Nemesis","floor":44,"turns":2}],"seed_played":"-8250368396594755716","potions_obtained":[{"floor":3,"key":"DuplicationPotion"},{"floor":6,"key":"ColorlessPotion"},{"floor":8,"key":"Explosive Potion"},{"floor":14,"key":"Poison Potion"},{"floor":16,"key":"Weak Potion"},{"floor":18,"key":"EssenceOfSteel"},{"floor":22,"key":"EssenceOfSteel"},{"floor":28,"key":"ColorlessPotion"},{"floor":37,"key":"GamblersBrew"},{"floor":39,"key":"LiquidBronze"}],"is_trial":false,"path_per_floor":["M","?","M","$","M","E","R","M","T","?","E","?","R","M","R","B",null,"M","?","$","?","M","R","E","M","T","R","M","M","R","?","R","B",null,"M","$","M","?","M","R","E","M","T","E"],"character_chosen":"THE_SILENT","items_purchased":["Dagger Spray","Apotheosis","Lee\u0027s Waffle","Blade Dance"],"campfire_rested":6,"item_purchase_floors":[4,20,36,36],"current_hp_per_floor":[63,63,61,61,61,49,70,70,70,63,47,47,68,67,67,41,64,60,60,60,60,60,60,60,46,46,67,57,45,66,45,66,48,66,64,79,64,64,20,43,36,27,27,0,0],"gold":99,"neow_bonus":"TEN_PERCENT_HP_BONUS","is_daily":false,"chose_seed":false,"campfire_upgraded":2,"win_rate":0.0,"timestamp":1612018293,"path_taken":["M","?","M","$","M","E","R","M","T","?","E","?","R","M","R","BOSS","M","?","$","?","M","R","E","M","T","R","M","M","R","?","R","BOSS","M","$","M","?","M","R","E","M","T","E"],"items_purchased_type":["Card","Card","Relic","Card"],"build_version":"2020-12-22","purchased_purges":0,"victory":false,"max_hp_per_floor":[72,72,72,72,72,72,72,72,72,72,72,72,72,72,72,72,72,72,72,72,72,72,72,72,72,72,72,72,72,72,72,72,72,72,72,79,79,79,79,79,79,79,79,79,79],"card_choices":[{"not_picked":["PiercingWail","Poisoned Stab"],"picked":"Cloak And Dagger","floor":1},{"not_picked":["Crippling Poison","Underhanded Strike"],"picked":"Predator","floor":3},{"not_picked":["Dagger Spray","Bane"],"picked":"Leg Sweep","floor":5},{"not_picked":["Finisher","Catalyst"],"picked":"Noxious Fumes","floor":6},{"not_picked":["Catalyst","Quick Slash"],"picked":"PiercingWail","floor":8},{"not_picked":["Deflect","Expertise"],"picked":"Accuracy","floor":11},{"not_picked":["Sucker Punch","Quick Slash"],"picked":"Well Laid Plans","floor":14},{"not_picked":["Tools of the Trade","Grand Finale"],"picked":"Bullet Time","floor":16},{"not_picked":["Quick Slash+1","Poisoned Stab"],"picked":"Flechettes+1","floor":18},{"not_picked":["Skewer","Dodge and Roll"],"picked":"Deadly Poison+1","floor":22},{"not_picked":["Well Laid Plans","Prepared+1"],"picked":"Accuracy","floor":24},{"not_picked":["Sucker Punch","Dagger Spray+1","Quick Slash"],"picked":"SKIP","floor":25},{"not_picked":["PiercingWail","Endless Agony"],"picked":"Prepared","floor":28},{"not_picked":["Quick Slash","Underhanded Strike"],"picked":"Footwork","floor":29},{"not_picked":["Corpse Explosion","Phantasmal Killer"],"picked":"Envenom","floor":33},{"not_picked":["Deflect","Expertise+1","Quick Slash"],"picked":"SKIP","floor":35},{"not_picked":["Dagger Throw","Outmaneuver"],"picked":"Crippling Poison","floor":37},{"not_picked":["Magnetism","Transmutation"],"picked":"Dramatic Entrance","floor":38},{"not_picked":["Concentrate","Deadly Poison"],"picked":"Cloak And Dagger+1","floor":39},{"not_picked":["Bane","Crippling Poison"],"picked":"Cloak And Dagger","floor":41},{"not_picked":["Eviscerate+1","Bane"],"picked":"Caltrops","floor":42}],"player_experience":1260972,"relics_obtained":[{"floor":6,"key":"CaptainsWheel"},{"floor":9,"key":"Ornamental Fan"},{"floor":11,"key":"Orichalcum"},{"floor":24,"key":"Boot"},{"floor":26,"key":"Juzu Bracelet"},{"floor":31,"key":"Enchiridion"},{"floor":41,"key":"Centennial Puzzle"},{"floor":43,"key":"Eternal Feather"}],"event_choices":[{"cards_removed":["Defend_G"],"damage_healed":0,"gold_gain":0,"player_choice":"Card Removal","damage_taken":0,"max_hp_gain":0,"max_hp_loss":0,"event_name":"The Cleric","floor":2,"gold_loss":75},{"cards_removed":["Strike_G"],"damage_healed":0,"gold_gain":0,"player_choice":"Card Removal","damage_taken":7,"max_hp_gain":0,"max_hp_loss":0,"event_name":"Golden Wing","floor":10,"gold_loss":0},{"damage_healed":0,"gold_gain":0,"player_choice":"Ignored","damage_taken":0,"max_hp_gain":0,"max_hp_loss":0,"event_name":"Liars Game","floor":12,"gold_loss":0},{"damage_healed":0,"gold_gain":0,"player_choice":"Obtained Relic","damage_taken":0,"relics_obtained":["Kunai"],"max_hp_gain":0,"max_hp_loss":0,"event_name":"Addict","floor":19,"gold_loss":85},{"damage_healed":0,"gold_gain":0,"player_choice":"Ignored","damage_taken":0,"max_hp_gain":0,"max_hp_loss":0,"event_name":"Ghosts","floor":21,"gold_loss":0},{"damage_healed":0,"gold_gain":0,"player_choice":"Obtained Book","damage_taken":21,"max_hp_gain":0,"max_hp_loss":0,"event_name":"Cursed Tome","floor":31,"gold_loss":0},{"damage_healed":0,"gold_gain":0,"player_choice":"Memory 1","damage_taken":0,"max_hp_gain":0,"max_hp_loss":0,"event_name":"SensoryStone","floor":38,"gold_loss":0}],"is_beta":false,"boss_relics":[{"not_picked":["HoveringKite","Runic Pyramid"],"picked":"SlaversCollar"},{"not_picked":["Calling Bell","Fusion Hammer"],"picked":"Ring of the Serpent"}],"items_purged_floors":[],"is_endless":false,"potions_floor_spawned":[3,6,8,14,16,18,22,28,37,39],"killed_by":"Nemesis","ascension_level":15}}