{"host":"q0qnzbgdx8oqogg9","time":1612031142,"event":{"mods":["BaseMod","Minty Spire (QoL Compilation)","StSLib"],"gold_per_floor":[114,114,114,132,149,149,183,183,230,248,248,248,248,266,266,369,419,436,406,261,261,63,63,63],"floor_reached":23,"language":"ENG","playtime":914,"items_purged":["Corruption"],"score":284,"play_id":"25f13344-0402-4082-a986-301d170bbc43","local_time":"20210130132542","is_ascension_mode":true,"campfire_choices":[{"data":"Reaper","floor":6.0,"key":"SMITH"},{"data":"Barricade","floor":8.0,"key":"SMITH"},{"floor":12.0,"key":"REST"},{"floor":15,"key":"REST"}],"circlet_count":0,"master_deck":["AscendersBane","Bash","Rage+1","Feel No Pain","Entrench","Barricade+1","Clothesline","Reaper+1","Thunderclap+1","Flex","Sword Boomerang+1","Headbutt","Power Through","Flame Barrier","Power Through","Warcry","Fiend Fire","Iron Wave","Armaments+1","Inflame","Evolve","Shrug It Off","Offering"],"relics":["Pandora\u0027s Box","Vajra","Pen Nib","Bronze Scales","Tiny House","Matryoshka"],"acts_visited":["Exordium","TheCity"],"potions_floor_usage":[14,19],"damage_taken":[{"damage":4.0,"enemies":"Small Slimes","floor":1.0,"turns":4.0},{"damage":9.0,"enemies":"Jaw Worm","floor":4.0,"turns":4.0},{"damage":7.0,"enemies":"2 Louse","floor":5.0,"turns":2.0},{"damage":25.0,"enemies":"Gremlin Nob","floor":7.0,"turns":5.0},{"damage":11.0,"enemies":"Looter","floor":10.0,"turns":4.0},{"damage":23,"enemies":"Exordium Thugs","floor":14,"turns":6},{"damage":1,"enemies":"The Guardian","floor":16,"turns":15},{"damage":5,"enemies":"Spheric Guardian","floor":18,"turns":4},{"damage":11,"enemies":"2 Thieves","floor":19,"turns":5},{"damage":97,"enemies":"Slavers","floor":23,"turns":6}],"seed_played":"-1144839126878540939","potions_obtained":[{"floor":1.0,"key":"EssenceOfSteel"},{"floor":7.0,"key":"DuplicationPotion"},{"floor":17,"key":"Strength Potion"},{"floor":18,"key":"Block Potion"}],"is_trial":false,"path_per_floor":["M","?","?","M","M","R","E","R","T","M","?","R","T","M","R","B",null,"M","M","$","?","$","E"],"character_chosen":"IRONCLAD","items_purchased":["Evolve","Shrug It Off","Offering"],"campfire_rested":2,"item_purchase_floors":[20,22,22],"current_hp_per_floor":[73,73,57,48,41,41,23,23,23,12,5,29,29,22,46,57,79,74,74,74,74,74,0,0],"gold":63,"neow_bonus":"BOSS_RELIC","is_daily":false,"chose_seed":false,"campfire_upgraded":2,"win_rate":0.0,"timestamp":1612031142,"path_taken":["M","?","?","M","M","R","E","R","T","M","?","R","?","M","R","BOSS","M","M","$","?","$","E"],"items_purchased_type":["Card","Card","Card"],"build_version":"2020-12-22","purchased_purges":1,"victory":false,"max_hp_per_floor":[80,80,80,80,80,80,80,80,80,80,80,80,80,80,80,80,85,85,85,85,85,85,85,85],"card_choices":[{"not_picked":["Pummel","Clash"],"picked":"Sword Boomerang","floor":1.0},{"not_picked":["Heavy Blade","Wild Strike"],"picked":"Headbutt","floor":4.0},{"not_picked":["Wild Strike","Cleave"],"picked":"Power Through","floor":5.0},{"not_picked":["Anger","Evolve"],"picked":"Flame Barrier","floor":7.0},{"not_picked":["Headbutt","Pummel"],"picked":"Power Through","floor":10.0},{"not_picked":["Heavy Blade","Berserk"],"picked":"Warcry","floor":14},{"not_picked":["Corruption","Brutality"],"picked":"Fiend Fire","floor":16},{"not_picked":["Clothesline","Entrench"],"picked":"Iron Wave","floor":17},{"not_picked":["Combust+1","Clash+1"],"picked":"Armaments+1","floor":18},{"not_picked":["Limit Break","Anger+1"],"picked":"Inflame","floor":19}],"player_experience":326136,"relics_obtained":[{"floor":7.0,"key":"Vajra"},{"floor":9.0,"key":"Pen Nib"},{"floor":13.0,"key":"Bronze Scales"}],"event_choices":[{"damage_healed":0.0,"max_hp_gain":0.0,"max_hp_loss":0.0,"gold_gain":0.0,"event_name":"Liars Game","player_choice":"Ignored","floor":2.0,"gold_loss":0.0,"damage_taken":0.0},{"damage_healed":0.0,"max_hp_gain":0.0,"max_hp_loss":0.0,"gold_gain":0.0,"event_name":"Shining Light","player_choice":"Entered Light","floor":3.0,"gold_loss":0.0,"damage_taken":16.0,"cards_upgraded":["Sword Boomerang","Rage"]},{"damage_healed":0.0,"max_hp_gain":0.0,"max_hp_loss":0.0,"gold_gain":0.0,"event_name":"Scrap Ooze","player_choice":"Fled","floor":11.0,"gold_loss":0.0,"damage_taken":7.0},{"damage_healed":0,"gold_gain":0,"player_choice":"Opened","damage_taken":0,"relics_obtained":["Matryoshka"],"max_hp_gain":0,"max_hp_loss":0,"event_name":"The Mausoleum","floor":21,"gold_loss":0}],"is_beta":false,"boss_relics":[{"not_picked":["Runic Dome","Black Star"],"picked":"Tiny House"}],"items_purged_floors":[20],"is_endless":false,"potions_floor_spawned":[1,7,18],"killed_by":"Slavers","ascension_level":10}}