{"host":"7f7cdfy4xmkutrl8","time":1612020922,"event":{"mods":["AchievementEnabler","BaseMod","Downfall","Hermit","Marisa????????","Minty Spire (QoL Compilation)","Replay The Spire","Shop Mod","StSLib","The Animator","The Cursed","The Hierophant","The Servant 0.9.4"],"gold_per_floor":[110,128,144,163,180,180,153,153,153,215,249,249,249,249],"floor_reached":13,"language":"ENG","playtime":1261,"items_purged":[],"score":85,"play_id":"15b8f0cc-7477-40b4-b484-9eed96c8adab","local_time":"20210130103522","is_ascension_mode":false,"campfire_choices":[{"data":"Caltrops","floor":6,"key":"SMITH"},{"data":"Neutralize","floor":8,"key":"SMITH"}],"circlet_count":0,"master_deck":["Strike_G","Strike_G","Strike_G","Strike_G","Defend_G+1","Defend_G","Defend_G+1","Defend_G","Defend_G","Survivor","Neutralize+1","Slice","Endless Agony","Dagger Spray","Underhanded Strike","Caltrops+1","Choke+1","Blade Dance","Caltrops+1"],"relics":["Ring of the Snake","Happy Flower","War Paint","Replay:Bottled Eggs"],"acts_visited":["Exordium"],"potions_floor_usage":[],"damage_taken":[{"damage":0,"enemies":"Cultist","floor":1,"turns":3},{"damage":0,"enemies":"Small Slimes","floor":2,"turns":3},{"damage":0,"enemies":"2 Louse","floor":3,"turns":3},{"damage":4,"enemies":"Exordium Wildlife","floor":4,"turns":3},{"damage":4,"enemies":"Blue Slaver","floor":5,"turns":3},{"damage":21,"enemies":"Gremlin Nob","floor":10,"turns":4},{"damage":36,"enemies":"3 Sentries","floor":11,"turns":6},{"damage":13,"enemies":"Lagavulin","floor":13,"turns":4}],"seed_played":"-5620661234254957998","potions_obtained":[{"floor":2,"key":"Energy Potion"},{"floor":5,"key":"PowerPotion"},{"floor":10,"key":"sneckomod:MuddlingPotion"}],"is_trial":false,"path_per_floor":["M","M","M","M","M","R","?","R","T","?","E","?","E"],"character_chosen":"THE_SILENT","items_purchased":[],"campfire_rested":0,"item_purchase_floors":[],"current_hp_per_floor":[77,77,77,73,69,69,69,69,69,48,12,12,0,0],"gold":249,"neow_bonus":"TEN_PERCENT_HP_BONUS","is_daily":false,"chose_seed":false,"campfire_upgraded":2,"win_rate":0.0,"timestamp":1612020922,"path_taken":["M","?","M","M","?","R","?","R","T","?","E","?","E"],"items_purchased_type":[],"build_version":"2020-12-22","purchased_purges":0,"victory":false,"max_hp_per_floor":[77,77,77,77,77,77,77,77,77,77,77,77,77,77],"card_choices":[{"not_picked":["PiercingWail","ReplayTheSpireMod:Speed Training"],"picked":"Slice","floor":1},{"not_picked":["Deflect","Masterful Stab"],"picked":"Endless Agony","floor":2},{"not_picked":["Blade Dance","Dodge and Roll"],"picked":"Dagger Spray","floor":3},{"not_picked":["Slice","Masterful Stab"],"picked":"Underhanded Strike","floor":4},{"not_picked":["Hidden Blade","Quick Slash"],"picked":"Caltrops","floor":5},{"not_picked":["Underhanded Strike","Hidden Blade"],"picked":"Choke","floor":10},{"not_picked":["ReplayTheSpireMod:The Works","Tactician"],"picked":"Blade Dance","floor":11}],"player_experience":8927,"relics_obtained":[{"floor":9,"key":"Happy Flower"},{"floor":10,"key":"War Paint"},{"floor":11,"key":"Replay:Bottled Eggs"}],"event_choices":[{"damage_healed":0,"gold_gain":0,"player_choice":"Left Gold","damage_taken":0,"max_hp_gain":0,"max_hp_loss":0,"event_name":"World of Goop","floor":7,"gold_loss":27},{"damage_healed":0,"gold_gain":0,"player_choice":"Searched \u00272\u0027 times","damage_taken":0,"max_hp_gain":0,"max_hp_loss":0,"event_name":"Dead Adventurer","floor":10,"gold_loss":0}],"is_beta":false,"boss_relics":[],"items_purged_floors":[],"is_endless":false,"potions_floor_spawned":[2,5,10,11],"killed_by":"Lagavulin","ascension_level":0}}