{"host":"15dd7v8o90xso62x","time":1612044704,"event":{"mods":["BaseMod","Minty Spire (QoL Compilation)","Quick Restart","StSLib","SuperFastMode"],"gold_per_floor":[13,24,24,34,34,34,64,64,64,75,75,88,88,107,107,185,185,200,218,232,232,147,147,160,160,160,176,101,127,139,151,151,151,151],"floor_reached":33,"language":"KOR","playtime":1141,"items_purged":[],"score":642,"play_id":"b891e7aa-0c38-4609-9250-e48c5dd3f44a","local_time":"20210131071144","is_ascension_mode":true,"campfire_choices":[{"data":"Neutralize","floor":6.0,"key":"SMITH"},{"data":"Dagger Spray","floor":8.0,"key":"SMITH"},{"data":"Cloak And Dagger","floor":15.0,"key":"SMITH"},{"data":"Blade Dance","floor":23.0,"key":"SMITH"},{"data":"Crippling Poison","floor":25.0,"key":"SMITH"},{"floor":32.0,"key":"REST"}],"circlet_count":0,"master_deck":["AscendersBane","Strike_G","Strike_G","Strike_G","Defend_G","Defend_G","Defend_G","Survivor","Neutralize+1","Blade Dance+1","Heel Hook","Blade Dance","Dagger Spray+1","Cloak And Dagger+1","Crippling Poison+1","Backstab","Venomology","Backflip","Corpse Explosion","Escape Plan"],"relics":["Ring of the Snake","FossilizedHelix","Juzu Bracelet","Kunai","SacredBark","Dream Catcher","Pocketwatch","Potion Belt","PreservedInsect"],"acts_visited":["Exordium","TheCity"],"potions_floor_usage":[33,33],"damage_taken":[{"damage":0.0,"enemies":"Cultist","floor":1.0,"turns":3.0},{"damage":0.0,"enemies":"2 Louse","floor":2.0,"turns":4.0},{"damage":0.0,"enemies":"Small Slimes","floor":4.0,"turns":3.0},{"damage":30.0,"enemies":"Lagavulin","floor":7.0,"turns":7.0},{"damage":0.0,"enemies":"Exordium Wildlife","floor":10.0,"turns":2.0},{"damage":0.0,"enemies":"Lots of Slimes","floor":12.0,"turns":2.0},{"damage":0.0,"enemies":"Exordium Thugs","floor":14.0,"turns":3.0},{"damage":0.0,"enemies":"Hexaghost","floor":16.0,"turns":13.0},{"damage":0.0,"enemies":"3 Byrds","floor":18.0,"turns":4.0},{"damage":0.0,"enemies":"Shell Parasite","floor":19.0,"turns":5.0},{"damage":0.0,"enemies":"Cultist and Chosen","floor":20.0,"turns":4.0},{"damage":0.0,"enemies":"Sentry and Sphere","floor":24.0,"turns":4.0},{"damage":0.0,"enemies":"Centurion and Healer","floor":27.0,"turns":7.0},{"damage":24.0,"enemies":"Gremlin Leader","floor":29.0,"turns":6.0},{"damage":37.0,"enemies":"Snake Plant","floor":30.0,"turns":8.0},{"damage":0.0,"enemies":"Sentry and Sphere","floor":31.0,"turns":4.0},{"damage":58,"enemies":"Automaton","floor":33,"turns":6}],"seed_played":"7511585235572538702","potions_obtained":[{"floor":1.0,"key":"GamblersBrew"},{"floor":10.0,"key":"Explosive Potion"},{"floor":16.0,"key":"Regen Potion"},{"floor":18.0,"key":"SpeedPotion"},{"floor":19.0,"key":"Explosive Potion"},{"floor":30.0,"key":"Strength Potion"}],"is_trial":false,"path_per_floor":["M","M","$","M","?","R","E","R","T","M","?","M","?","M","R","B",null,"M","M","M","?","?","R","M","R","T","M","?","E","M","M","R","B"],"character_chosen":"THE_SILENT","items_purchased":[],"campfire_rested":1,"item_purchase_floors":[],"current_hp_per_floor":[59,59,59,59,48,48,18,18,18,18,11,11,11,11,11,11,52,66,66,66,66,66,66,66,66,66,66,66,42,5,5,24,0,0],"gold":151,"neow_bonus":"TRANSFORM_TWO_CARDS","is_daily":false,"chose_seed":false,"campfire_upgraded":5,"win_rate":0.0,"timestamp":1612044704,"path_taken":["M","?","?","M","?","R","E","R","T","M","?","M","?","M","R","BOSS","M","M","M","?","?","R","M","R","T","M","?","E","M","M","R","BOSS"],"items_purchased_type":[],"build_version":"2020-12-22","purchased_purges":0,"victory":false,"max_hp_per_floor":[66,66,66,66,66,66,66,66,66,66,66,66,66,66,66,66,66,66,66,66,66,66,66,66,66,66,66,66,66,66,66,66,66,66],"card_choices":[{"not_picked":["Leg Sweep","Caltrops"],"picked":"Blade Dance","floor":1.0},{"not_picked":["Distraction","Blur"],"picked":"Dagger Spray","floor":2.0},{"not_picked":["Sucker Punch","Dodge and Roll","Masterful Stab"],"picked":"SKIP","floor":4.0},{"not_picked":["Flying Knee","Deflect","Slice"],"picked":"SKIP","floor":7.0},{"not_picked":["Underhanded Strike","Dagger Throw"],"picked":"Cloak And Dagger","floor":10.0},{"not_picked":["Deflect","Eviscerate"],"picked":"Crippling Poison","floor":12.0},{"not_picked":["All Out Attack","Dodge and Roll","Dagger Spray"],"picked":"SKIP","floor":14.0},{"not_picked":["Unload","Bullet Time"],"picked":"Venomology","floor":16.0},{"not_picked":["Dagger Spray","Predator","Distraction+1"],"picked":"SKIP","floor":18.0},{"not_picked":["Dagger Throw","Prepared","Predator"],"picked":"SKIP","floor":19.0},{"not_picked":["Dagger Spray","Blade Dance","Catalyst"],"picked":"SKIP","floor":20.0},{"not_picked":["Blade Dance","Outmaneuver","Flying Knee"],"picked":"SKIP","floor":24.0},{"not_picked":["Underhanded Strike+1","Cloak And Dagger","Crippling Poison"],"picked":"SKIP","floor":27.0},{"not_picked":["Dagger Throw","Flechettes"],"picked":"Backflip","floor":29.0},{"not_picked":["Reflex","Heel Hook"],"picked":"Corpse Explosion","floor":30.0},{"not_picked":["Dash","Poisoned Stab+1","Leg Sweep"],"picked":"SKIP","floor":31.0},{"not_picked":["Eviscerate","Cloak And Dagger"],"picked":"Escape Plan","floor":32.0}],"player_experience":910625,"relics_obtained":[{"floor":7.0,"key":"Juzu Bracelet"},{"floor":9.0,"key":"Kunai"},{"floor":26.0,"key":"Potion Belt"},{"floor":29.0,"key":"PreservedInsect"}],"event_choices":[{"damage_healed":0.0,"max_hp_gain":0.0,"max_hp_loss":0.0,"gold_gain":0.0,"event_name":"Scrap Ooze","player_choice":"Success","floor":5.0,"gold_loss":0.0,"damage_taken":11.0,"relics_obtained":["FossilizedHelix"]},{"cards_removed":["Strike_G"],"damage_healed":0.0,"max_hp_gain":0.0,"max_hp_loss":0.0,"gold_gain":0.0,"event_name":"Golden Wing","player_choice":"Card Removal","floor":11.0,"gold_loss":0.0,"damage_taken":7.0},{"damage_healed":0.0,"max_hp_gain":0.0,"max_hp_loss":0.0,"gold_gain":0.0,"event_name":"Match and Keep!","player_choice":"1 cards matched","floor":13.0,"gold_loss":0.0,"damage_taken":0.0,"cards_obtained":["Backstab"]},{"damage_healed":0.0,"max_hp_gain":0.0,"max_hp_loss":0.0,"gold_gain":0.0,"event_name":"WeMeetAgain","player_choice":"Gave Potion","floor":21.0,"gold_loss":0.0,"damage_taken":0.0,"relics_obtained":["Dream Catcher"]},{"damage_healed":0.0,"max_hp_gain":0.0,"max_hp_loss":0.0,"gold_gain":0.0,"event_name":"Addict","player_choice":"Obtained Relic","floor":22.0,"gold_loss":85.0,"damage_taken":0.0,"relics_obtained":["Pocketwatch"]},{"cards_removed":["Defend_G"],"damage_healed":0.0,"max_hp_gain":0.0,"max_hp_loss":0.0,"gold_gain":0.0,"event_name":"Beggar","player_choice":"Gave Gold","floor":28.0,"gold_loss":75.0,"damage_taken":0.0}],"is_beta":false,"boss_relics":[{"not_picked":["HoveringKite","Cursed Key"],"picked":"SacredBark"}],"items_purged_floors":[],"is_endless":false,"potions_floor_spawned":[1,10,16,18,19,30],"killed_by":"Automaton","ascension_level":20}}