{"host":"hkj1blq6xqcrzx6o","time":1612024769,"event":{"mods":["BaseMod","Downfall","Lobotomy","Minty Spire (QoL Compilation)","Replay The Spire","StSLib","The Cursed","The Servant 0.9.4"],"gold_per_floor":[109,24,24,232,249,249,249,282,305,325,325,325,325,345,345,358,358,459,759,775,775,850,861,877,877,889,889,914,914,448,466,484,29,29,128,128,146,146,146,65,65,65,77,104,104,104,104],"floor_reached":46,"language":"ZHS","playtime":1655,"items_purged":["downfall:Haunted","Injury"],"score":496,"play_id":"c253833f-4ba5-43d3-b928-60da3a55006e","local_time":"20210131003929","is_ascension_mode":false,"campfire_choices":[{"data":"Redo","floor":6.0,"key":"SMITH"},{"floor":13.0,"key":"REST"},{"floor":15.0,"key":"REST"},{"data":"Fission","floor":17.0,"key":"SMITH"},{"floor":25,"key":"REST"},{"data":"Echo Form","floor":27,"key":"SMITH"},{"floor":34,"key":"REST"},{"data":"Electrodynamics","floor":42,"key":"SMITH"}],"circlet_count":0,"master_deck":["Strike_B","Strike_B","Strike_B","Strike_B","Defend_B","Defend_B","Defend_B","Zap","Dualcast","ReplayTheSpireMod:Trickstab","Scrape","Redo+1","Redo","Sweeping Beam","Rebound","Static Discharge","Time Bomb","Fission+1","Go for the Eyes+1","FTL","Force Field","Melter+1","Electrodynamics+1","ReplayGash+1","Crystallizer+1","Echo Form+1","Melter","Chaos","FIFO Queue","Hello World","Streamline","Chill","Doom and Gloom","Loop","Stack","ReplayTheSpireMod:System Scan","Replay:Parry","Steam","Chaos","Impatience","Flash of Steel","Metamorphosis","FTL","Storm+1","Capacitor"],"relics":["Cracked Core","Ring of Fury","ReplayTheSpireMod:Shallot","Vajra","Dream Catcher","Replay:Ancient Bell","Regal Pillow","HornCleat","Old Coin","Juzu Bracelet","Whetstone","Replay:Wax Seal","Raider\u0027s Mask","BargainBundle","Garlic","SlaversCollar","Blue Candle","Bag of Preparation","Gremlin Food"],"acts_visited":["Exordium","TheCity","TheBeyond"],"potions_floor_usage":[32,35,46,46,46],"damage_taken":[{"damage":1.0,"enemies":"Cultist","floor":1.0,"turns":3.0},{"damage":7.0,"enemies":"Small Slimes","floor":5.0,"turns":2.0},{"damage":22.0,"enemies":"3 Sentries","floor":8.0,"turns":4.0},{"damage":0.0,"enemies":"2 Louse","floor":10.0,"turns":2.0},{"damage":7.0,"enemies":"Looter","floor":14.0,"turns":2.0},{"damage":0.0,"enemies":"Blue Slaver","floor":16.0,"turns":2.0},{"damage":34.0,"enemies":"Slime Boss","floor":18.0,"turns":5.0},{"damage":9.0,"enemies":"Chosen","floor":20.0,"turns":4.0},{"damage":0,"enemies":"Spheric Guardian","floor":23,"turns":2},{"damage":16,"enemies":"3 Cultists","floor":24,"turns":4},{"damage":23,"enemies":"Shelled Parasite and Fungi","floor":26,"turns":5},{"damage":5,"enemies":"Snake Plant","floor":31,"turns":4},{"damage":9,"enemies":"Chosen and Byrds","floor":32,"turns":4},{"damage":50,"enemies":"Champ","floor":35,"turns":9},{"damage":11,"enemies":"3 Shapes","floor":37,"turns":2},{"damage":0,"enemies":"Orb Walker","floor":43,"turns":4},{"damage":72,"enemies":"Nemesis","floor":44,"turns":7},{"damage":39,"enemies":"Writhing Mass","floor":46,"turns":4}],"seed_played":"-8347859881099363503","potions_obtained":[{"floor":5.0,"key":"SpeedPotion"},{"floor":10.0,"key":"Block Potion"},{"floor":14.0,"key":"FocusPotion"},{"floor":18.0,"key":"DuplicationPotion"},{"floor":23,"key":"Doom Potion"},{"floor":26,"key":"DistilledChaos"},{"floor":35,"key":"LiquidBronze"},{"floor":44,"key":"Block Potion"}],"is_trial":false,"path_per_floor":["M","$","?","?","M","R","T","E","T","M","PTL","PTL","R","M","R","M","R","B",null,"M","?","?","M","M","R","M","R","T","?","$","M","M","$","R","B",null,"M","?","?","$","?","R","M","E","T","M"],"character_chosen":"DEFECT","items_purchased":["Redo","Sweeping Beam","Whetstone","Replay:Wax Seal","Raider\u0027s Mask","Hello World","BargainBundle","Reflective Coating","LiquidMemories","Doom and Gloom","Loop","Stack","ReplayTheSpireMod:System Scan","Replay:Parry","Garlic","FTL"],"campfire_rested":4,"item_purchase_floors":[2,2,30,30,30,30,33,33,33,33,33,33,33,33,33,40],"current_hp_per_floor":[74,74,74,74,67,67,67,45,45,45,45,45,67,60,75,75,75,41,75,66,66,59,59,43,75,52,52,52,52,52,47,38,38,75,25,75,64,59,49,49,85,85,85,13,13,0,0],"gold":104,"neow_bonus":"RANDOM_COLORLESS","is_daily":false,"chose_seed":false,"campfire_upgraded":4,"win_rate":0.0,"timestamp":1612024769,"path_taken":["M","?","?","?","M","R","?","E","T","M","PTL","PTL","R","M","R","M","R","BOSS","M","?","?","M","M","R","?","R","T","?","$","M","M","?","R","BOSS","M","?","?","?","?","R","M","E","T","M"],"items_purchased_type":["Card","Card","Relic","Relic","Relic","Card","Relic","Potion","Potion","Card","Card","Card","Card","Card","Relic","Card"],"build_version":"2020-12-22","purchased_purges":2,"victory":false,"max_hp_per_floor":[75,75,75,75,75,75,75,75,75,75,75,75,75,75,75,75,75,75,75,75,75,75,75,75,75,75,75,75,75,75,75,75,75,75,75,75,75,75,75,75,85,85,85,85,85,85,85],"card_choices":[{"not_picked":["Impatience","Finesse"],"picked":"ReplayTheSpireMod:Trickstab","floor":0.0},{"not_picked":["Barrage","Streamline"],"picked":"Scrape","floor":1.0},{"not_picked":["Coolheaded","Stack"],"picked":"Rebound","floor":4.0},{"not_picked":["Beam Cell","BasicCrystalCard"],"picked":"Static Discharge","floor":5.0},{"not_picked":["Cold Snap","BootSequence"],"picked":"Time Bomb","floor":8.0},{"not_picked":["Streamline","Capacitor"],"picked":"Fission","floor":10.0},{"not_picked":["Stack","Panic Button"],"picked":"Go for the Eyes","floor":13.0},{"not_picked":["Cold Snap","Auto Shields"],"picked":"FTL","floor":14.0},{"not_picked":["Steam Power","Redo"],"picked":"Force Field","floor":15.0},{"not_picked":["Glacier","ReplayTheSpireMod:GoodbyeWorld"],"picked":"Melter","floor":16.0},{"not_picked":["Echo Form","Thunder Strike"],"picked":"Electrodynamics","floor":18.0},{"not_picked":["Pain","downfall:Bewildered"],"picked":"downfall:Haunted","floor":19.0},{"not_picked":["Shame","downfall:Haunted"],"picked":"Injury","floor":19.0},{"not_picked":["Pain","ReplayTheSpireMod:Restless Dread"],"picked":"Spreading Infection","floor":19.0},{"not_picked":["Redo","Go for the Eyes+1"],"picked":"ReplayGash+1","floor":20.0},{"not_picked":["Chill","Sweeping Beam"],"picked":"Crystallizer+1","floor":23},{"not_picked":["Lockon+1","Storm+1"],"picked":"Echo Form","floor":24},{"not_picked":["ReplayGash+1","Stack"],"picked":"Melter","floor":25},{"not_picked":["Stack","Beam Cell"],"picked":"Chaos","floor":26},{"not_picked":["Steam","Ball Lightning"],"picked":"Streamline","floor":31},{"not_picked":["Ball Lightning","Coolheaded"],"picked":"Chill","floor":32},{"not_picked":["Rebound","Genetic Algorithm+1"],"picked":"Steam","floor":34},{"not_picked":["Mirror Shield","Multi-Cast"],"picked":"Seek","floor":35},{"not_picked":["Steam+1","Gash+1"],"picked":"Chaos","floor":37},{"not_picked":["ReplayTheSpireMod:Trickstab","Bandage Up"],"picked":"Impatience","floor":39},{"not_picked":["Replay:Sssssssssshield","Swift Strike"],"picked":"Flash of Steel","floor":39},{"not_picked":["Replay:Sssssssssshield","Purity"],"picked":"Metamorphosis","floor":39},{"not_picked":["Aggregate","Rebound"],"picked":"Storm+1","floor":43},{"not_picked":["Melter+1","Rebound+1"],"picked":"Capacitor","floor":44}],"player_experience":19853,"relics_obtained":[{"floor":3.0,"key":"Ring of Fury"},{"floor":7.0,"key":"ReplayTheSpireMod:Shallot"},{"floor":8.0,"key":"Vajra"},{"floor":9.0,"key":"Dream Catcher"},{"floor":28,"key":"Juzu Bracelet"},{"floor":44,"key":"Bag of Preparation"},{"floor":45,"key":"Gremlin Food"}],"event_choices":[{"cards_removed":["Spreading Infection"],"damage_healed":0.0,"max_hp_gain":0.0,"max_hp_loss":0.0,"gold_gain":0.0,"event_name":"Back to Basics","player_choice":"Elegance","floor":21.0,"gold_loss":0.0,"damage_taken":0.0},{"damage_healed":0,"gold_gain":75,"player_choice":"Touch","damage_taken":7,"max_hp_gain":0,"max_hp_loss":0,"event_name":"FaceTrader","floor":22,"gold_loss":0},{"damage_healed":0,"gold_gain":0,"cards_transformed":["Defend_B"],"player_choice":"Transformed","damage_taken":0,"max_hp_gain":0,"max_hp_loss":0,"event_name":"Transmorgrifier","floor":29,"gold_loss":0,"cards_obtained":["FIFO Queue"]},{"damage_healed":0,"gold_gain":0,"player_choice":"Memory 3","damage_taken":10,"max_hp_gain":0,"max_hp_loss":0,"event_name":"SensoryStone","floor":39,"gold_loss":0},{"cards_removed":["Seek"],"damage_healed":26,"gold_gain":0,"player_choice":"Offered Rare","damage_taken":0,"max_hp_gain":10,"max_hp_loss":0,"event_name":"Bonfire Elementals","floor":41,"gold_loss":0}],"is_beta":false,"boss_relics":[{"not_picked":["Ring of Chaos","Kintsugi"],"picked":"Replay:Ancient Bell"},{"not_picked":["Replay:Mystery Machine","Toy Ornithopter"],"picked":"Regal Pillow"},{"not_picked":["Snack Pack","Pantograph"],"picked":"HornCleat"},{"not_picked":["Peace Pipe","WingedGreaves"],"picked":"Old Coin"},{"not_picked":["Inserter","Cursed Key"],"picked":"SlaversCollar"}],"items_purged_floors":[30,33],"is_endless":false,"potions_floor_spawned":[5,10,14,18,23,24,26,35,37,44],"killed_by":"Writhing Mass","ascension_level":0}}