{"host":"ELF","time":1612037276,"event":{"mods":["BaseMod","Bestiary","Minty Spire (QoL Compilation)","Relic Stats","Slay the Relics Exporter"],"gold_per_floor":[114,114,39,55,55,55,90,90,113,38,38,70,11,23,23,23,23],"floor_reached":16,"language":"ENG","playtime":484,"items_purged":[],"score":207,"play_id":"8e6f2068-3fd6-421e-bd88-38aa3f1a1d95","local_time":"20210130140756","is_ascension_mode":true,"campfire_choices":[{"data":"Shrug It Off","floor":6,"key":"SMITH"},{"floor":8,"key":"REST"},{"data":"Bash","floor":11,"key":"SMITH"},{"data":"True Grit","floor":15,"key":"SMITH"}],"circlet_count":0,"master_deck":["AscendersBane","Strike_R","Strike_R+1","Strike_R+1","Strike_R+1","Defend_R","Defend_R","Defend_R+1","Defend_R+1","Bash+1","Anger","Barricade+1","Shrug It Off+1","Sever Soul+1","Juggernaut","True Grit+1","Reckless Charge"],"relics":["Burning Blood","Mango","War Paint","Whetstone","Thread and Needle"],"acts_visited":["Exordium"],"potions_floor_usage":[7,16],"damage_taken":[{"damage":4,"enemies":"Jaw Worm","floor":1,"turns":5},{"damage":14,"enemies":"Small Slimes","floor":4,"turns":5},{"damage":25,"enemies":"Gremlin Nob","floor":7,"turns":4},{"damage":22,"enemies":"Lagavulin","floor":12,"turns":9},{"damage":8,"enemies":"2 Louse","floor":14,"turns":2},{"damage":44,"enemies":"Hexaghost","floor":16,"turns":11}],"seed_played":"2539496912998874209","potions_obtained":[{"floor":1,"key":"BlessingOfTheForge"},{"floor":7,"key":"ElixirPotion"}],"is_trial":false,"path_per_floor":["M","?","$","M","?","R","E","R","T","?","R","E","$","M","R","B"],"character_chosen":"IRONCLAD","items_purchased":["Barricade","True Grit"],"campfire_rested":1,"item_purchase_floors":[3,13],"current_hp_per_floor":[82,57,57,49,49,49,30,54,54,54,54,38,38,36,36,0,0],"gold":23,"neow_bonus":"ONE_RARE_RELIC","is_daily":false,"chose_seed":false,"campfire_upgraded":3,"win_rate":0.0,"timestamp":1612037276,"path_taken":["M","?","$","M","?","R","E","R","T","?","R","E","$","M","R","BOSS"],"items_purchased_type":["Card","Card"],"build_version":"2020-12-18","purchased_purges":0,"victory":false,"max_hp_per_floor":[82,82,82,82,82,82,82,82,82,82,82,82,82,82,82,82,82],"relic_stats":{"counters":[6,36],"Whetstone":["Sever Soul","Strike_R"],"War Paint":["Defend_R","Defend_R"],"obtain_stats":[{"Mango":0,"Thread and Needle":12,"Whetstone":9,"War Paint":7,"Burning Blood":0},{"Mango":0,"Thread and Needle":4,"Whetstone":3,"War Paint":3,"Burning Blood":0},{"Mango":0,"Thread and Needle":23,"Whetstone":14,"War Paint":14,"Burning Blood":0}],"Burning Blood":28},"card_choices":[{"not_picked":["Pummel","Pommel Strike"],"picked":"Anger","floor":1},{"not_picked":["Reckless Charge","Clash"],"picked":"Shrug It Off","floor":4},{"not_picked":["Twin Strike","Dropkick"],"picked":"Sever Soul","floor":7},{"not_picked":["Armaments","Wild Strike"],"picked":"Juggernaut","floor":12},{"not_picked":["Twin Strike","Clothesline"],"picked":"Reckless Charge","floor":14}],"player_experience":3359736,"relics_obtained":[{"floor":7,"key":"War Paint"},{"floor":9,"key":"Whetstone"},{"floor":12,"key":"Thread and Needle"}],"event_choices":[{"damage_healed":0,"gold_gain":0,"player_choice":"Entered Light","damage_taken":25,"max_hp_gain":0,"max_hp_loss":0,"event_name":"Shining Light","floor":2,"gold_loss":0,"cards_upgraded":["Strike_R","Strike_R"]},{"damage_healed":0,"gold_gain":0,"player_choice":"Grow","damage_taken":0,"max_hp_gain":0,"max_hp_loss":0,"event_name":"Living Wall","floor":5,"gold_loss":0,"cards_upgraded":["Barricade"]},{"cards_removed":["Strike_R"],"damage_healed":0,"gold_gain":0,"player_choice":"Card Removal","damage_taken":0,"max_hp_gain":0,"max_hp_loss":0,"event_name":"The Cleric","floor":10,"gold_loss":75}],"is_beta":true,"boss_relics":[],"items_purged_floors":[],"is_endless":false,"potions_floor_spawned":[1,7],"killed_by":"Hexaghost","ascension_level":19}}