{"host":"ibckqdmmf9y74ymf","time":1612037945,"event":{"mods":["2.2 Compatiblity","BaseMod","Colored Map","Curses Come First","Highlight Path","Minty Spire (QoL Compilation)","Quick Restart","Rare Cards Sparkle","Relic Stats","StSLib"],"gold_per_floor":[112,112,126,140,151,151,182,182,182,182,193,206,232,307,307,383,383,363,363,35,46,46,74,74,107,134,134,234,234,234,248,248,327,327,327,327],"floor_reached":35,"language":"ENG","playtime":1712,"items_purged":["Strike_G"],"score":806,"play_id":"97d795ec-2272-4508-af35-50ec53650145","local_time":"20210130211905","is_ascension_mode":true,"campfire_choices":[{"data":"Dagger Throw","floor":6.0,"key":"SMITH"},{"data":"Footwork","floor":10.0,"key":"SMITH"},{"floor":15.0,"key":"REST"},{"data":"After Image","floor":24.0,"key":"SMITH"},{"data":"Leg Sweep","floor":27.0,"key":"SMITH"},{"floor":32.0,"key":"REST"}],"circlet_count":0,"master_deck":["AscendersBane","Strike_G","Defend_G","Defend_G","Defend_G","Defend_G","Defend_G","Survivor","Neutralize","Dagger Throw+1","Dodge and Roll","Footwork+1","Quick Slash","After Image+1","Bouncing Flask","Infinite Blades","Blur","Venomology","PiercingWail","Noxious Fumes","Leg Sweep+1","Leg Sweep","Backflip","Glass Knife"],"relics":["SacredBark","Mercury Hourglass","StrikeDummy","Dream Catcher","Velvet Choker","Sling","Frozen Egg 2","Oddly Smooth Stone","Peace Pipe","Paper Crane","Philosopher\u0027s Stone"],"acts_visited":["Exordium","TheCity","TheBeyond"],"potions_floor_usage":[],"damage_taken":[{"damage":0.0,"enemies":"Jaw Worm","floor":1.0,"turns":7.0},{"damage":1.0,"enemies":"Cultist","floor":3.0,"turns":4.0},{"damage":0.0,"enemies":"2 Louse","floor":4.0,"turns":3.0},{"damage":6.0,"enemies":"Blue Slaver","floor":5.0,"turns":6.0},{"damage":14.0,"enemies":"3 Sentries","floor":7.0,"turns":6.0},{"damage":2.0,"enemies":"Looter","floor":11.0,"turns":3.0},{"damage":11.0,"enemies":"3 Louse","floor":12.0,"turns":3.0},{"damage":4.0,"enemies":"Gremlin Nob","floor":13.0,"turns":3.0},{"damage":10.0,"enemies":"The Guardian","floor":16.0,"turns":12.0},{"damage":6.0,"enemies":"2 Thieves","floor":18.0,"turns":4.0},{"damage":20.0,"enemies":"Chosen","floor":21.0,"turns":5.0},{"damage":1.0,"enemies":"Gremlin Leader","floor":23.0,"turns":10.0},{"damage":10.0,"enemies":"Slavers","floor":25.0,"turns":2.0},{"damage":1.0,"enemies":"Colosseum Slavers","floor":28.0,"turns":6.0},{"damage":2.0,"enemies":"Colosseum Nobs","floor":28.0,"turns":5.0},{"damage":0.0,"enemies":"Shelled Parasite and Fungi","floor":31.0,"turns":8.0},{"damage":16.0,"enemies":"Collector","floor":33.0,"turns":11.0},{"damage":2,"enemies":"Orb Walker","floor":35,"turns":5}],"seed_played":"5913051185166285613","potions_obtained":[{"floor":1.0,"key":"ColorlessPotion"},{"floor":2.0,"key":"CunningPotion"},{"floor":2.0,"key":"Explosive Potion"},{"floor":7.0,"key":"PowerPotion"},{"floor":13.0,"key":"Block Potion"},{"floor":28.0,"key":"SneckoOil"},{"floor":33.0,"key":"FearPotion"}],"is_trial":false,"path_per_floor":["M","?","M","M","M","R","E","?","T","R","M","M","E","?","R","B",null,"M","?","$","M","?","E","R","E","T","R","?","?","?","M","R","B",null,"M"],"character_chosen":"THE_SILENT","items_purchased":["Sling","Noxious Fumes"],"campfire_rested":2,"item_purchase_floors":[20,20],"current_hp_per_floor":[59,59,58,58,52,52,38,38,38,38,36,25,21,10,29,19,54,48,48,48,28,41,40,40,30,30,30,27,27,27,27,46,30,57,55,55],"gold":327,"neow_bonus":"BOSS_RELIC","is_daily":false,"chose_seed":false,"campfire_upgraded":4,"win_rate":0.0,"timestamp":1612037945,"path_taken":["M","?","?","M","M","R","E","?","T","R","M","M","E","?","R","BOSS","M","?","$","M","?","E","R","E","T","R","?","?","?","M","R","BOSS","M"],"items_purchased_type":["Relic","Card"],"build_version":"2020-12-22","purchased_purges":1,"victory":false,"max_hp_per_floor":[66,66,66,66,66,66,66,66,66,66,66,66,66,66,66,66,66,66,66,66,66,66,66,66,66,66,66,66,66,66,66,66,66,66,66,66],"relic_stats":{"Peace Pipe":0,"Dream Catcher":2,"counters":[18,103],"obtain_stats":[{"Peace Pipe":28,"Dream Catcher":13,"SacredBark":0,"Velvet Choker":17,"Oddly Smooth Stone":25,"Philosopher\u0027s Stone":34,"Frozen Egg 2":23,"Paper Crane":28,"StrikeDummy":9,"Sling":20,"Ring of the Snake":0,"Mercury Hourglass":7},{"Peace Pipe":15,"Dream Catcher":8,"SacredBark":0,"Velvet Choker":9,"Oddly Smooth Stone":13,"Philosopher\u0027s Stone":17,"Frozen Egg 2":12,"Paper Crane":15,"StrikeDummy":5,"Sling":10,"Ring of the Snake":0,"Mercury Hourglass":5},{"Peace Pipe":79,"Dream Catcher":35,"SacredBark":0,"Velvet Choker":47,"Oddly Smooth Stone":68,"Philosopher\u0027s Stone":98,"Frozen Egg 2":66,"Paper Crane":79,"StrikeDummy":26,"Sling":51,"Ring of the Snake":0,"Mercury Hourglass":26}],"Mercury Hourglass":[326]},"card_choices":[{"not_picked":["Flechettes","Finisher"],"picked":"Dagger Throw","floor":1.0},{"not_picked":["Acrobatics","Blur"],"picked":"Dodge and Roll","floor":3.0},{"not_picked":["Slice","Dodge and Roll"],"picked":"Footwork","floor":4.0},{"not_picked":["Caltrops","Underhanded Strike"],"picked":"Quick Slash","floor":5.0},{"not_picked":["Quick Slash","Footwork"],"picked":"After Image","floor":7.0},{"not_picked":["Flying Knee","Acrobatics"],"picked":"Bouncing Flask","floor":11.0},{"not_picked":["Endless Agony","Distraction"],"picked":"Infinite Blades","floor":12.0},{"not_picked":["Quick Slash","Dagger Spray"],"picked":"Blur","floor":13.0},{"not_picked":["Malaise","Corpse Explosion"],"picked":"Venomology","floor":16.0},{"not_picked":["Flying Knee","Underhanded Strike"],"picked":"PiercingWail","floor":18.0},{"not_picked":["Predator","Bane+1"],"picked":"Leg Sweep","floor":21.0},{"not_picked":["Bane","Tactician","Expertise"],"picked":"SKIP","floor":23.0},{"not_picked":["Dagger Throw","Terror","Quick Slash"],"picked":"SKIP","floor":25.0},{"not_picked":["Distraction","Prepared","Poisoned Stab"],"picked":"SKIP","floor":31.0},{"not_picked":["A Thousand Cuts+1","Burst"],"picked":"Glass Knife","floor":33.0}],"player_experience":666280,"relics_obtained":[{"floor":7.0,"key":"Mercury Hourglass"},{"floor":9.0,"key":"StrikeDummy"},{"floor":13.0,"key":"Dream Catcher"},{"floor":23.0,"key":"Frozen Egg 2"},{"floor":25.0,"key":"Oddly Smooth Stone"},{"floor":28.0,"key":"Peace Pipe"},{"floor":28.0,"key":"Paper Crane"}],"event_choices":[{"damage_healed":0.0,"max_hp_gain":0.0,"max_hp_loss":0.0,"gold_gain":0.0,"event_name":"Lab","player_choice":"Got Potions","floor":2.0,"gold_loss":0.0,"damage_taken":0.0},{"damage_healed":0.0,"max_hp_gain":0.0,"max_hp_loss":0.0,"gold_gain":0.0,"event_name":"Liars Game","player_choice":"Ignored","floor":8.0,"gold_loss":0.0,"damage_taken":0.0},{"damage_healed":0.0,"max_hp_gain":0.0,"max_hp_loss":0.0,"gold_gain":75.0,"event_name":"World of Goop","player_choice":"Gather Gold","floor":14.0,"gold_loss":0.0,"damage_taken":11.0},{"damage_healed":0.0,"max_hp_gain":0.0,"max_hp_loss":0.0,"gold_gain":0.0,"event_name":"Vampires","player_choice":"Ignored","floor":19.0,"gold_loss":0.0,"damage_taken":0.0},{"damage_healed":13.0,"max_hp_gain":0.0,"max_hp_loss":0.0,"gold_gain":0.0,"event_name":"The Library","player_choice":"Heal","floor":22.0,"gold_loss":0.0,"damage_taken":0.0},{"damage_healed":0.0,"max_hp_gain":0.0,"max_hp_loss":0.0,"gold_gain":0.0,"event_name":"Colosseum","player_choice":"Fight","floor":28.0,"gold_loss":0.0,"damage_taken":0.0},{"damage_healed":0.0,"max_hp_gain":0.0,"max_hp_loss":0.0,"gold_gain":0.0,"event_name":"Colosseum","player_choice":"Fought Nobs","floor":28.0,"gold_loss":0.0,"damage_taken":0.0},{"damage_healed":0.0,"max_hp_gain":0.0,"max_hp_loss":0.0,"gold_gain":0.0,"cards_transformed":["Strike_G","Strike_G"],"event_name":"Drug Dealer","player_choice":"Became Test Subject","floor":29.0,"gold_loss":0.0,"damage_taken":0.0,"cards_obtained":["Leg Sweep","Backflip"]},{"cards_removed":["Strike_G"],"damage_healed":0.0,"max_hp_gain":0.0,"max_hp_loss":0.0,"gold_gain":0.0,"event_name":"Bonfire Elementals","player_choice":"Offered Basic","floor":30.0,"gold_loss":0.0,"damage_taken":0.0}],"is_beta":false,"boss_relics":[{"not_picked":["Runic Dome","Fusion Hammer"],"picked":"Velvet Choker"},{"not_picked":["Coffee Dripper","Calling Bell"],"picked":"Philosopher\u0027s Stone"}],"items_purged_floors":[20],"is_endless":false,"potions_floor_spawned":[1,7,11,12,13,28,28,33],"killed_by":"Orb Walker","ascension_level":20}}