{"host":"tiwza2kisyyrpq7h","time":1612023803,"event":{"mods":["BaseMod","BetterRewards","Colored Powertips","Minty Spire (QoL Compilation)","Quick Restart","Rare Cards Sparkle","StSLib","SuperFastMode","The Servant 0.9.4","óô»ðÖ¸ÄÏ"],"gold_per_floor":[116,135,150,162,162,162,162],"floor_reached":6,"language":"ZHS","playtime":167,"items_purged":["Strike_B","Strike_B"],"score":67,"play_id":"a29f2cea-58be-4ca0-af24-9c712c567455","local_time":"20210131002323","is_ascension_mode":true,"campfire_choices":[],"circlet_count":0,"master_deck":["AscendersBane","Strike_B","Defend_B","Defend_B","Defend_B","Defend_B","Zap","Dualcast","Capacitor","Mayhem","Conserve Battery","Compile Driver","Capacitor","Rip and Tear+1","Turbo","White Noise","Reboot","Loop","Buffer"],"relics":["Cracked Core","Chemical X","Question Card","Ornamental Fan","StoneCalendar","Molten Egg 2","OrangePellets","Anchor"],"acts_visited":["Exordium"],"potions_floor_usage":[6],"damage_taken":[{"damage":0.0,"enemies":"2 Louse","floor":1.0,"turns":3.0},{"damage":4.0,"enemies":"Small Slimes","floor":2.0,"turns":4.0},{"damage":0.0,"enemies":"Jaw Worm","floor":3.0,"turns":2.0},{"damage":15.0,"enemies":"2 Fungi Beasts","floor":4.0,"turns":3.0},{"damage":0,"enemies":"3 Sentries","floor":6,"turns":3}],"seed_played":"3631464984728976463","potions_obtained":[{"floor":1.0,"key":"Energy Potion"},{"floor":2.0,"key":"Explosive Potion"}],"is_trial":false,"path_per_floor":["M","M","M","M","?","E"],"character_chosen":"DEFECT","items_purchased":["Chemical X","Question Card","Ornamental Fan","Capacitor","Mayhem","Conserve Battery","Molten Egg 2","OrangePellets","Anchor","Capacitor","Rip and Tear+1"],"campfire_rested":0,"item_purchase_floors":[0,0,0,0,0,0,0,0,0,0,0],"current_hp_per_floor":[22,18,18,3,3,3,3],"gold":162,"neow_bonus":"","is_daily":false,"chose_seed":false,"campfire_upgraded":0,"win_rate":0.0,"timestamp":1612023803,"path_taken":["M","M","M","M","?","E"],"items_purchased_type":["Relic","Relic","Relic","Card","Card","Card","Relic","Relic","Relic","Card","Card"],"build_version":"2020-12-22","purchased_purges":2,"victory":false,"max_hp_per_floor":[71,71,71,71,71,71,71],"card_choices":[{"not_picked":["Stack","Go for the Eyes+1","Steam"],"picked":"Turbo","floor":1.0},{"not_picked":["Streamline+1","Rip and Tear+1","Rebound+1"],"picked":"White Noise","floor":2.0},{"not_picked":["Stack","Streamline+1","Gash+1"],"picked":"Reboot","floor":3.0},{"not_picked":["Darkness","Tempest","Sweeping Beam+1"],"picked":"Loop","floor":4.0}],"player_experience":966908,"relics_obtained":[],"event_choices":[{"damage_healed":0.0,"max_hp_gain":0.0,"max_hp_loss":0.0,"gold_gain":0.0,"cards_transformed":["Strike_B"],"event_name":"Living Wall","player_choice":"Change","floor":5.0,"gold_loss":0.0,"damage_taken":0.0,"cards_obtained":["Buffer"]}],"is_beta":false,"boss_relics":[],"items_purged_floors":[0,0],"is_endless":false,"potions_floor_spawned":[1,2],"killed_by":"3 Sentries","ascension_level":15}}