{"host":"zfh44j5h77tkupss","time":1612027123,"event":{"mods":["AchievementEnabler","BaseMod","Colored Map","Colored Powertips","Highlight Path","Minty Spire (QoL Compilation)","Quick Restart","Relic Stats","StSLib"],"gold_per_floor":[113,113,38,54,72,72,72,72,72,72,147,47,74,91,91,188,188,203,215,215,215,234,234,259,259,310,185,201,51,51,64,64,64,64],"floor_reached":33,"language":"ENG","playtime":1248,"items_purged":["Strike_R","Defend_R","Strike_R","Defend_R"],"score":388,"play_id":"56ecdf4d-23a3-45d0-ae3e-f3a23a38c11a","local_time":"20210130181843","is_ascension_mode":false,"campfire_choices":[{"data":"Bash","floor":6.0,"key":"SMITH"},{"floor":8.0,"key":"REST"},{"floor":10.0,"key":"RECALL"},{"floor":15.0,"key":"REST"},{"floor":23.0,"key":"REST"},{"floor":32.0,"key":"REST"}],"circlet_count":0,"master_deck":["Strike_R","Strike_R","Defend_R","Defend_R","Bash+1","Feed"],"relics":["SlaversCollar","Juzu Bracelet","Busted Crown","White Beast Statue","Regal Pillow"],"acts_visited":["TheCity"],"potions_floor_usage":[33,33],"damage_taken":[{"damage":1.0,"enemies":"Small Slimes","floor":1.0,"turns":3.0},{"damage":21.0,"enemies":"Cultist","floor":4.0,"turns":7.0},{"damage":2.0,"enemies":"2 Louse","floor":5.0,"turns":3.0},{"damage":42.0,"enemies":"3 Sentries","floor":13.0,"turns":12.0},{"damage":11.0,"enemies":"Blue Slaver","floor":14.0,"turns":4.0},{"damage":34.0,"enemies":"The Guardian","floor":16.0,"turns":16.0},{"damage":14.0,"enemies":"Chosen","floor":18.0,"turns":6.0},{"damage":17.0,"enemies":"3 Byrds","floor":19.0,"turns":7.0},{"damage":27.0,"enemies":"Snecko","floor":22.0,"turns":6.0},{"damage":32.0,"enemies":"Gremlin Leader","floor":24.0,"turns":4.0},{"damage":15.0,"enemies":"Chosen and Byrds","floor":28.0,"turns":7.0},{"damage":23.0,"enemies":"Centurion and Healer","floor":31.0,"turns":7.0},{"damage":78,"enemies":"Collector","floor":33,"turns":6}],"seed_played":"1842927713557793812","potions_obtained":[{"floor":1.0,"key":"Strength Potion"},{"floor":14.0,"key":"ColorlessPotion"},{"floor":19.0,"key":"EntropicBrew"},{"floor":24.0,"key":"EntropicBrew"},{"floor":28.0,"key":"PowerPotion"},{"floor":31.0,"key":"PowerPotion"}],"is_trial":false,"path_per_floor":["M","?","$","M","M","R","?","R","T","R","?","$","E","M","R","B",null,"M","M","?","?","M","R","E","?","T","$","M","$","?","M","R","B"],"character_chosen":"IRONCLAD","items_purchased":[],"campfire_rested":4,"item_purchase_floors":[],"current_hp_per_floor":[79,79,79,58,56,56,56,80,80,80,69,69,27,16,40,6,80,69,55,38,38,14,42,10,41,41,41,29,29,29,9,54,0,0],"gold":64,"neow_bonus":"BOSS_RELIC","is_daily":false,"chose_seed":false,"campfire_upgraded":1,"win_rate":0.0,"timestamp":1612027123,"path_taken":["M","?","$","?","M","R","?","R","T","R","?","$","E","M","R","BOSS","M","M","?","?","M","R","E","?","T","$","M","$","?","M","R","BOSS"],"items_purchased_type":[],"build_version":"2020-12-22","purchased_purges":4,"victory":false,"max_hp_per_floor":[80,80,80,80,80,80,80,80,80,80,80,80,80,80,80,80,80,83,86,91,91,94,94,94,94,94,94,97,97,97,100,100,100,100],"relic_stats":{"Regal Pillow":15,"Busted Crown":12,"counters":[13,88],"Juzu Bracelet":1,"obtain_stats":[{"SlaversCollar":0,"Regal Pillow":26,"Busted Crown":17,"Juzu Bracelet":13,"White Beast Statue":24},{"SlaversCollar":0,"Regal Pillow":10,"Busted Crown":6,"Juzu Bracelet":4,"White Beast Statue":10},{"SlaversCollar":0,"Regal Pillow":68,"Busted Crown":45,"Juzu Bracelet":25,"White Beast Statue":68}]},"card_choices":[{"not_picked":["Pummel","Power Through","Body Slam"],"picked":"SKIP","floor":1.0},{"not_picked":["True Grit","Cleave","Thunderclap"],"picked":"SKIP","floor":4.0},{"not_picked":["Feel No Pain","Sword Boomerang","Flex"],"picked":"SKIP","floor":5.0},{"not_picked":["Cleave","Armaments","Barricade"],"picked":"SKIP","floor":13.0},{"not_picked":["Clothesline","Cleave","Iron Wave"],"picked":"SKIP","floor":14.0},{"not_picked":["Juggernaut","Fiend Fire"],"picked":"Feed","floor":16.0},{"not_picked":["Sword Boomerang+1"],"picked":"SKIP","floor":18.0},{"not_picked":["True Grit"],"picked":"SKIP","floor":19.0},{"not_picked":["Twin Strike"],"picked":"SKIP","floor":22.0},{"not_picked":["Flex"],"picked":"SKIP","floor":24.0},{"not_picked":["Anger+1"],"picked":"SKIP","floor":28.0},{"not_picked":["Combust"],"picked":"SKIP","floor":31.0}],"player_experience":316953,"relics_obtained":[{"floor":13.0,"key":"Juzu Bracelet"},{"floor":24.0,"key":"White Beast Statue"},{"floor":26.0,"key":"Regal Pillow"}],"event_choices":[{"cards_removed":["Strike_R"],"damage_healed":0.0,"max_hp_gain":0.0,"max_hp_loss":0.0,"gold_gain":0.0,"event_name":"Bonfire Elementals","player_choice":"Offered Basic","floor":2.0,"gold_loss":0.0,"damage_taken":0.0},{"damage_healed":0.0,"max_hp_gain":0.0,"max_hp_loss":0.0,"gold_gain":0.0,"event_name":"Liars Game","player_choice":"Ignored","floor":7.0,"gold_loss":0.0,"damage_taken":0.0},{"damage_healed":0.0,"max_hp_gain":0.0,"max_hp_loss":0.0,"gold_gain":75.0,"event_name":"World of Goop","player_choice":"Gather Gold","floor":11.0,"gold_loss":0.0,"damage_taken":11.0},{"damage_healed":0.0,"max_hp_gain":5.0,"max_hp_loss":0.0,"gold_gain":0.0,"event_name":"Forgotten Altar","player_choice":"Shed Blood","floor":20.0,"gold_loss":0.0,"damage_taken":22.0},{"damage_healed":0.0,"max_hp_gain":0.0,"max_hp_loss":0.0,"gold_gain":0.0,"event_name":"Ghosts","player_choice":"Ignored","floor":21.0,"gold_loss":0.0,"damage_taken":0.0},{"damage_healed":31.0,"max_hp_gain":0.0,"max_hp_loss":0.0,"gold_gain":0.0,"event_name":"The Library","player_choice":"Heal","floor":25.0,"gold_loss":0.0,"damage_taken":0.0},{"damage_healed":0.0,"max_hp_gain":0.0,"max_hp_loss":0.0,"gold_gain":0.0,"event_name":"Match and Keep!","player_choice":"0 cards matched","floor":30.0,"gold_loss":0.0,"damage_taken":0.0,"cards_obtained":[]}],"is_beta":false,"boss_relics":[{"not_picked":["Coffee Dripper","Cursed Key"],"picked":"Busted Crown"}],"items_purged_floors":[3,12,27,29],"is_endless":false,"potions_floor_spawned":[1,14,19,24,28,31],"killed_by":"Collector","ascension_level":0}}