{"host":"twbuyd87gsx4w7po","time":1612004029,"event":{"mods":["BaseMod","Downfall","Minty Spire (QoL Compilation)","StSLib"],"gold_per_floor":[99,109,109,119,132,432,432,332,347,388,388,429,429,463,476,476,476,476],"floor_reached":16,"language":"ENG","playtime":812,"items_purged":[],"score":132,"play_id":"f6fe25a9-f5f2-4c94-9456-2108ab2cc3ba","local_time":"20210130025349","is_ascension_mode":true,"campfire_choices":[{"data":"champ:Taunt","floor":1,"key":"SMITH"},{"data":"champ:BerserkersShout","floor":8,"key":"SMITH"}],"circlet_count":0,"master_deck":["champ:Strike","champ:Strike","champ:Defend","champ:Defend","champ:Defend","champ:Execute","champ:Taunt+1","champ:FalseCounter","champ:AdrenalArmor","champ:DeathBlow","champ:BerserkersShout+1","champ:CrownThrow","champ:EnragedBash","champ:FanOfKnives","champ:UltimateStance"],"relics":["champ:ChampionCrown","Old Coin","downfall:HeartBlessingBlue","CeramicFish","downfall:ShatteredFragment","Shovel","Ancient Tea Set"],"acts_visited":["Exordium"],"potions_floor_usage":[10,10,16],"damage_taken":[{"damage":22,"enemies":"2 Louse","floor":2,"turns":3},{"damage":30,"enemies":"Small Slimes","floor":4,"turns":5},{"damage":40,"enemies":"Cultist","floor":5,"turns":3},{"damage":57,"enemies":"2 Fungi Beasts","floor":9,"turns":4},{"damage":76,"enemies":"Lagavulin","floor":10,"turns":8},{"damage":48,"enemies":"3 Sentries","floor":12,"turns":6},{"damage":60,"enemies":"Lagavulin","floor":14,"turns":6},{"damage":21,"enemies":"3 Louse","floor":15,"turns":2},{"damage":17,"enemies":"IC_STATUS_ARCHETYPE","floor":16,"turns":2}],"seed_played":"-7206128351145357899","potions_obtained":[{"floor":2,"key":"EssenceOfSteel"},{"floor":5,"key":"EssenceOfSteel"},{"floor":15,"key":"EssenceOfSteel"}],"is_trial":false,"path_per_floor":["R","M","?","M","M","?","T","R","M","E","?","E","?","E","M","B"],"character_chosen":"THE_CHAMP","items_purchased":[],"campfire_rested":0,"item_purchase_floors":[],"current_hp_per_floor":[81,79,79,79,79,79,79,89,77,76,49,36,36,15,9,0,0,0],"gold":476,"neow_bonus":"TRANSFORM_TWO_CARDS","is_daily":false,"chose_seed":false,"campfire_upgraded":2,"win_rate":0.0,"timestamp":1612004029,"path_taken":["R","M","?","M","M","?","T","R","M","E","?","E","?","E","M","BOSS"],"items_purchased_type":[],"build_version":"2020-12-22","purchased_purges":0,"victory":false,"max_hp_per_floor":[81,81,81,81,81,81,81,91,91,91,91,91,91,91,91,91,91,91],"card_choices":[{"not_picked":["champ:PerfectedStrike","champ:SkillfulDodge","champ:DefensiveShout"],"picked":"SKIP","floor":2},{"not_picked":["champ:TornadoPunch","champ:AdrenalArmor"],"picked":"champ:DeathBlow","floor":4},{"not_picked":["champ:FaceSlap","champ:CrookedStrike"],"picked":"champ:BerserkersShout","floor":5},{"not_picked":["champ:Parry","champ:DefensiveShout"],"picked":"champ:CrownThrow","floor":9},{"not_picked":["champ:BerserkersShout","champ:CalledShot"],"picked":"champ:EnragedBash","floor":10},{"not_picked":["champ:FlashCut","champ:TripleStrike"],"picked":"champ:FanOfKnives","floor":12},{"not_picked":["champ:GladiatorStyle","champ:FancyFootwork"],"picked":"champ:UltimateStance","floor":14},{"not_picked":["champ:GutPunch","champ:RisingSlash","champ:Parry"],"picked":"SKIP","floor":15}],"player_experience":391451,"relics_obtained":[{"floor":10,"key":"CeramicFish"},{"floor":12,"key":"Shovel"},{"floor":14,"key":"Ancient Tea Set"}],"event_choices":[],"is_beta":false,"boss_relics":[],"items_purged_floors":[],"is_endless":false,"potions_floor_spawned":[2,5,15],"killed_by":"IC_STATUS_ARCHETYPE","ascension_level":2}}