{"host":"zwq4qk71wecpqz8w","time":1612022656,"event":{"mods":["AchievementEnabler","BaseMod","Better Note","BetterRewards","Card Forge","Downfall","Minty Spire (QoL Compilation)","Permanent Neow","Remove Card Discount Mod","Replay The Spire","Spicy Shops","StSLib"],"gold_per_floor":[99,111,127,144,377,393,393,393,4581,4601,4629,4649,4449,4466,4483,4583,4583,4583,4594,3281,3292,2809,2836,2836,2851,2882,2902,2902,2802,2835,2835,2846,2943,2943,2943,2958,2971,2991,3009,3024,3103,3103,3113,3128,2795,2795,2847,2875,2902,2916,2916,2957,2056,2056,2070,2082],"floor_reached":57,"language":"ENG","playtime":5757,"items_purged":["Writhe"],"score":1502,"play_id":"e5e8d837-0f44-4e72-9d31-be30b1eecf39","local_time":"20210130160416","is_ascension_mode":false,"campfire_choices":[{"floor":1,"key":"RECALL"},{"floor":13,"key":"REST"},{"data":"Slimebound:MegaLick","floor":18,"key":"SMITH"},{"data":"1","floor":29,"key":"LIFT"},{"floor":35,"key":"DIG"},{"data":"2","floor":42,"key":"LIFT"},{"data":"3","floor":46,"key":"LIFT"},{"floor":54,"key":"REST"}],"circlet_count":0,"master_deck":["Slimebound:Tackle+1","Slimebound:Defend_Slimebound+1","Slimebound:Defend_Slimebound+1","Slimebound:Defend_Slimebound+1","Slimebound:Defend_Slimebound+1","Slimebound:Split+1","Slimebound:CorrosiveSpit+1","Slimebound:SplitMire+1","Slimebound:LeadByExample+1","Slimebound:RollThrough+1","Slimebound:SplitLeeching+1","Slimebound:SamplingLick+1","Slimebound:LevelUp+1","Slimebound:RollThrough+1","Slimebound:GoopSpray+1","Slimebound:FormOfPuddle+1","Slimebound:ComboTackle+1","expansioncontent:DashGenerateEvil+1","Impatience+1","Slimebound:DisruptingSlam+1","Slimebound:GoopTackle+1","Slimebound:DisruptingSlam+1","Slimebound:Nibble+1","Slimebound:SplitBruiser+1","Slimebound:DouseInSlime+1","Slimebound:SpikyOuterGoop+1","expansioncontent:DashGenerateEvil+1","Slimebound:LeechLife+1","Slimebound:MegaLick+1","Slimebound:SplitAcid+1","Slimebound:HauntingLick+1","Slimebound:SlimeBarrage+1","Slimebound:FirmFortitude+1","Slimebound:Prepare+1","Slimebound:GrowthPunch+1","Slimebound:Repurpose+1","Slimebound:PressTheAttack+1","Slimebound:MassRepurpose+1","Slimebound:SlimeBarrage+1","Slimebound:ItLooksTasty+1","Pot Of Greed+1","Pot Of Greed+1","Pot Of Greed+1","Pot Of Greed+1","Slimebound:SelfFormingGoo+1","Slimebound:GoopSpray+1","Slimebound:SlimeBrawl+1","Slimebound:GrowthPunch+1","Slimebound:ItLooksTasty+1","Pot Of Greed+1","expansioncontent:QuickStudy+1","Blind+1","Blind+1","Slimebound:SplitLeeching+1","Slimebound:MassRepurpose+1","Slimebound:Grow+1","Slimebound:SplitAcid+1","Slimebound:SplitAcid+1","Slimebound:SlimeBrawl+1","Slimebound:ViciousTackle+1","Slimebound:PressTheAttack+1","Pot Of Greed+1","Discovery+1","Chrysalis+1","Slimebound:LivingWall+1","Slimebound:ProtectTheBoss+1","Slimebound:PressTheAttack+1","Slimebound:ItLooksTasty+1","Slimebound:Tackle+1","Slimebound:Tackle+1","Slimebound:Tackle+1","Slimebound:FlameTackle+1","Pot Of Greed+1","Slimebound:SplitBruiser+1","Slimebound:MinionMaster+1","Slimebound:SlimeBrawl+1","Slimebound:RainOfGoop+1","Slimebound:Repurpose+1","Slimebound:ForwardTackle+1","Slimebound:SplitLeeching+1","Slimebound:Dissolve+1","Slimebound:SplitMire+1","Slimebound:Equalize+1","Slimebound:GoopTackle+1","Pot Of Greed+1","Slimebound:SplitMire+1","Slimebound:FirmFortitude+1","Slimebound:MassRepurpose+1","Slimebound:ProtectTheBoss+1","Slimebound:SplitMire+1","Slimebound:SlimeSpikes+1","Slimebound:Nibble+1","Slimebound:MassFeed+1","Secret Technique+1","expansioncontent:LastStand+1","Slimebound:SplitMire+1","Pot Of Greed+1"],"relics":["Slimebound:AbsorbEndCombat","Hammer of Thor","Seething Fire","Anvil of the Gods","Membership Card","Blood Vial","Pocketwatch","Vajra","Pen Nib","BargainBundle","WingedGreaves","Lantern","Slimebound:SelfDamagePreventRelic","Blue Doll","Lizard Tail","Mummified Hand","downfall:HeartBlessingRed","downfall:HeartBlessingBlue","Replay:Ancient Bell","Replay:Rubber Ducky","Slimebound:MaxSlimesRelic","Mango","Bag of Preparation","Cauldron","Replay:Wax Seal","Replay:Ringing Soul","Replay:Arrowhead","Orrery","Dream Catcher","Orichalcum","Girya","Chemical X","HandDrill","Grinning Jar","Shuriken","Ancient Tea Set","Medical Kit","Replay:Baseball","Bag of Marbles","Ginger","Replay:Mystery Machine","Oddly Smooth Stone","downfall:HeartBlessingGreen","Replay:Bottled Flurry","Replay:Grab Bag","Sozu","Painkiller Herb","SacredBark","Anchor","Mercury Hourglass","Toxic Egg 2","Replay:Bandana","Bronze Scales","Slimebound:AggressiveSlimeRelic","War Paint","DollysMirror","Lee\u0027s Waffle","Replay:Bottled Eggs","Chameleon Ring"],"acts_visited":["Exordium","TheCity","TheBeyond","TheEnding"],"potions_floor_usage":[9,16,33,33,50],"damage_taken":[{"damage":3,"enemies":"Jaw Worm","floor":2,"turns":3},{"damage":3,"enemies":"Cultist","floor":3,"turns":3},{"damage":0,"enemies":"2 Louse","floor":4,"turns":3},{"damage":0,"enemies":"downfall:FleeingMerchant","floor":5,"turns":4},{"damage":0,"enemies":"Red Slaver","floor":6,"turns":2},{"damage":0,"enemies":"downfall:FleeingMerchant","floor":9,"turns":4},{"damage":0,"enemies":"2 Fungi Beasts","floor":10,"turns":1},{"damage":15,"enemies":"Lagavulin","floor":11,"turns":4},{"damage":0,"enemies":"Blue Slaver","floor":12,"turns":1},{"damage":0,"enemies":"Exordium Thugs","floor":14,"turns":1},{"damage":0,"enemies":"2 Fungi Beasts","floor":15,"turns":2},{"damage":13,"enemies":"IC_STATUS_ARCHETYPE","floor":16,"turns":5},{"damage":0,"enemies":"Spheric Guardian","floor":19,"turns":3},{"damage":0,"enemies":"downfall:FleeingMerchant","floor":20,"turns":4},{"damage":4,"enemies":"Chosen","floor":21,"turns":3},{"damage":0,"enemies":"downfall:FleeingMerchant","floor":22,"turns":1},{"damage":0,"enemies":"Gremlin Leader","floor":23,"turns":3},{"damage":6,"enemies":"Snake Plant","floor":25,"turns":3},{"damage":10,"enemies":"Slavers","floor":26,"turns":4},{"damage":0,"enemies":"3 Cultists","floor":27,"turns":3},{"damage":12,"enemies":"Gremlin Leader","floor":30,"turns":3},{"damage":0,"enemies":"Cultist and Chosen","floor":32,"turns":3},{"damage":2,"enemies":"SI_MIRROR_ARCHETYPE","floor":33,"turns":4},{"damage":0,"enemies":"Orb Walker","floor":36,"turns":2},{"damage":0,"enemies":"3 Shapes","floor":37,"turns":2},{"damage":0,"enemies":"Spire Growth","floor":38,"turns":2},{"damage":0,"enemies":"Transient","floor":39,"turns":5},{"damage":0,"enemies":"3 Darklings","floor":40,"turns":2},{"damage":0,"enemies":"Jaw Worm Horde","floor":43,"turns":1},{"damage":0,"enemies":"Sphere and 2 Shapes","floor":44,"turns":2},{"damage":0,"enemies":"Nemesis","floor":48,"turns":1},{"damage":0,"enemies":"Maw","floor":49,"turns":4},{"damage":49,"enemies":"DF_ARCHETYPE_ORBS","floor":50,"turns":4},{"damage":29,"enemies":"downfall:CharBossMerchant","floor":52,"turns":4},{"damage":0,"enemies":"downfall:NeowBoss","floor":55,"turns":6},{"damage":16,"enemies":"downfall:NeowBossFinal","floor":56,"turns":6}],"seed_played":"-6591863252220340822","potions_obtained":[{"floor":2,"key":"SteroidPotion"},{"floor":3,"key":"hexamod:SoulburnPotion"},{"floor":10,"key":"champ:CounterPotion"},{"floor":12,"key":"PowerPotion"},{"floor":14,"key":"EssenceOfSteel"},{"floor":20,"key":"Guardian:BlockOnCardUsePotion"},{"floor":20,"key":"FairyPotion"},{"floor":33,"key":"CultistPotion"}],"is_trial":false,"path_per_floor":["R","M","M","M","$","M","T","?","$","M","E","M","R","M","M","B",null,"R","M","$","M","$","E","T","M","E","M","?","R","E","?","M","B",null,"T","?","?","?","?","?","T","T","?","?","?","T","?","E","?","B",null,"E","T","T","B","B",null],"character_chosen":"SLIMEBOUND","items_purchased":["Slimebound:LevelUp","Slimebound:RollThrough","Slimebound:GoopSpray","Slimebound:FormOfPuddle","Slimebound:ComboTackle","Membership Card","Blood Vial","Pocketwatch","Vajra","Pen Nib","BargainBundle","ColorlessPotion","expansioncontent:DashGenerateEvil","Impatience","WingedGreaves","Lantern","Slimebound:SelfDamagePreventRelic","Blue Doll","Lizard Tail","Slimebound:DisruptingSlam","Slimebound:Nibble","Slimebound:SplitBruiser","Slimebound:DouseInSlime","Slimebound:SpikyOuterGoop","expansioncontent:DashGenerateEvil+1","Bag of Preparation","Cauldron","Replay:Wax Seal","Replay:Ringing Soul","Replay:Arrowhead","Orrery","Dream Catcher","Orichalcum","Girya","Chemical X","HandDrill","Grinning Jar","Slimebound:SelfFormingGoo+1","Slimebound:GoopSpray","Slimebound:SlimeBrawl","Slimebound:GrowthPunch","Slimebound:ItLooksTasty","expansioncontent:QuickStudy","Blind","Shuriken","Ancient Tea Set","Medical Kit","Replay:Baseball","Bag of Marbles","Slimebound:Grow+1","Slimebound:SplitAcid","Slimebound:SlimeBrawl","Slimebound:ViciousTackle","Slimebound:PressTheAttack","Discovery","Chrysalis","Slimebound:AggressiveSlimeRelic","War Paint","DollysMirror","Lee\u0027s Waffle","Replay:Bottled Eggs","Chameleon Ring","Slimebound:ProtectTheBoss","Slimebound:SplitMire+1","Slimebound:SlimeSpikes+1","Slimebound:Nibble+1","Slimebound:MassFeed","Secret Technique+1","expansioncontent:LastStand"],"campfire_rested":2,"item_purchase_floors":[5,5,5,5,5,5,5,5,5,5,5,5,5,5,9,9,9,9,9,9,9,9,9,9,9,20,20,20,20,20,20,20,20,20,20,20,20,20,20,20,20,20,20,20,22,22,22,22,22,22,22,22,22,22,22,22,53,53,53,53,53,53,53,53,53,53,53,53,53],"current_hp_per_floor":[65,65,64,65,65,65,65,65,65,65,56,60,75,75,75,68,89,89,89,92,93,98,101,101,100,103,110,113,113,104,104,113,120,122,122,125,128,131,134,137,137,137,140,143,161,161,164,167,170,127,170,144,183,186,186,170],"gold":2082,"neow_bonus":"THREE_CARDS","is_daily":false,"chose_seed":false,"campfire_upgraded":1,"win_rate":0.0,"timestamp":1612022656,"path_taken":["R","M","M","M","$","M","T","?","$","M","E","M","R","M","M","BOSS","R","M","$","M","$","E","T","?","E","M","?","R","E","?","M","BOSS","T","?","?","?","?","?","T","T","?","?","?","T","?","E","?","BOSS","E","T","T","BOSS","BOSS"],"items_purchased_type":["Card","Card","Card","Card","Card","Relic","Relic","Relic","Relic","Relic","Relic","Potion","Card","Card","Relic","Relic","Relic","Relic","Relic","Card","Card","Card","Card","Card","Card","Relic","Relic","Relic","Relic","Relic","Relic","Relic","Relic","Relic","Relic","Relic","Relic","Card","Card","Card","Card","Card","Card","Card","Relic","Relic","Relic","Relic","Relic","Card","Card","Card","Card","Card","Card","Card","Relic","Relic","Relic","Relic","Relic","Relic","Card","Card","Card","Card","Card","Card","Card"],"build_version":"2020-12-22","purchased_purges":1,"victory":true,"max_hp_per_floor":[65,65,65,65,65,65,65,65,65,65,65,65,75,75,75,75,89,89,89,92,95,98,101,101,104,107,110,113,113,116,116,119,122,122,122,125,128,131,134,137,137,137,140,143,161,161,164,167,170,170,170,173,183,186,186,186],"card_choices":[{"not_picked":["Slimebound:ForwardTackle","Slimebound:ItLooksTasty"],"picked":"Slimebound:SplitMire","floor":0},{"not_picked":["Slimebound:SplitAcid","Slimebound:SplitMire"],"picked":"Slimebound:LeadByExample","floor":2},{"not_picked":["Slimebound:ViciousTackle","Slimebound:LevelUp"],"picked":"Slimebound:RollThrough","floor":3},{"not_picked":["Slimebound:LeechEnergy","Slimebound:HauntingLick"],"picked":"Slimebound:SplitLeeching","floor":4},{"not_picked":["Slimebound:LeadByExample","Slimebound:FinishingTackle"],"picked":"Slimebound:SamplingLick","floor":5},{"not_picked":["Slimebound:GoopSpray","Slimebound:SpikyOuterGoop"],"picked":"Slimebound:DisruptingSlam","floor":6},{"not_picked":["Slimebound:Equalize","Slimebound:SplitMire"],"picked":"Slimebound:GoopTackle","floor":9},{"not_picked":["Slimebound:FormOfPuddle","Slimebound:Grow"],"picked":"Slimebound:LeechLife","floor":10},{"not_picked":["Slimebound:SlimeSlap","Slimebound:FormOfPuddle"],"picked":"Slimebound:MegaLick","floor":11},{"not_picked":["Slimebound:BestDefense","Slimebound:LeechEnergy"],"picked":"Slimebound:SplitAcid","floor":12},{"not_picked":["Slimebound:Prepare","Slimebound:LeechEnergy"],"picked":"Slimebound:HauntingLick","floor":14},{"not_picked":["Slimebound:ViciousTackle","Slimebound:ItLooksTasty"],"picked":"Slimebound:SlimeBarrage","floor":15},{"not_picked":["Slimebound:DouseInSlime","Slimebound:RallyTheTroops"],"picked":"Slimebound:FirmFortitude","floor":16},{"not_picked":["AbeCurse","Amnesia"],"picked":"ReplayTheSpireMod:Faulty Equipment","floor":17},{"not_picked":["ReplayTheSpireMod:Splinters","Regret"],"picked":"ReplayTheSpireMod:IOU","floor":17},{"not_picked":["Languid","Replay:Hysterical Blindness"],"picked":"Shame","floor":17},{"not_picked":["Slimebound:FinishingTackle","Slimebound:TongueLash+1"],"picked":"Slimebound:Prepare+1","floor":19},{"not_picked":["Slimebound:Teamwork","Slimebound:FormOfPuddle"],"picked":"Slimebound:GrowthPunch","floor":20},{"not_picked":["Slimebound:RainOfGoop","Slimebound:DisruptingSlam+1"],"picked":"Slimebound:Repurpose","floor":20},{"not_picked":["Slimebound:FinishingTackle","Slimebound:RollThrough"],"picked":"Slimebound:PressTheAttack+1","floor":20},{"not_picked":["Slimebound:LeechEnergy","Slimebound:HauntingLick"],"picked":"Slimebound:MassRepurpose","floor":20},{"not_picked":["Slimebound:FinishingTackle","Slimebound:Chomp"],"picked":"Slimebound:SlimeBarrage","floor":20},{"not_picked":["Slimebound:HauntingLick","Slimebound:ComboTackle+1"],"picked":"Slimebound:ItLooksTasty","floor":20},{"not_picked":["Slimebound:MegaLick","Slimebound:GoopTackle"],"picked":"Slimebound:SplitLeeching","floor":21},{"not_picked":["Slimebound:BestDefense","Slimebound:LeechEnergy"],"picked":"Slimebound:MassRepurpose","floor":22},{"not_picked":["Slimebound:ComboTackle","Slimebound:Nibble"],"picked":"Slimebound:LivingWall+1","floor":23},{"not_picked":["Slimebound:Prepare","Slimebound:Nibble"],"picked":"Slimebound:ProtectTheBoss+1","floor":25},{"not_picked":["Slimebound:DisruptingSlam","Slimebound:MegaLick+1"],"picked":"Slimebound:PressTheAttack","floor":26},{"not_picked":["Slimebound:LivingWall","Slimebound:Prepare"],"picked":"Slimebound:ItLooksTasty","floor":27},{"not_picked":["Slimebound:Prepare+1","Slimebound:MassRepurpose"],"picked":"Slimebound:FlameTackle","floor":30},{"not_picked":["Slimebound:GrowthPunch+1","Slimebound:Dissolve"],"picked":"Slimebound:SplitBruiser","floor":32},{"not_picked":["Slimebound:DouseInSlime","Slimebound:MassFeed"],"picked":"Slimebound:MinionMaster","floor":33},{"not_picked":["Slimebound:LivingWall+1","Slimebound:SplitBruiser"],"picked":"Slimebound:SlimeBrawl","floor":36},{"not_picked":["Slimebound:ForwardTackle","Slimebound:Grow+1"],"picked":"Slimebound:RainOfGoop","floor":37},{"not_picked":["Slimebound:Schlurp","Slimebound:LeechingTouch+1"],"picked":"Slimebound:Repurpose+1","floor":38},{"not_picked":["Slimebound:LeechingTouch","Slimebound:LeechEnergy+1"],"picked":"Slimebound:ForwardTackle","floor":39},{"not_picked":["Slimebound:SamplingLick","Slimebound:FormOfPuddle+1"],"picked":"Slimebound:SplitLeeching+1","floor":40},{"not_picked":["Slimebound:HauntingLick+1","Slimebound:AcidTongue"],"picked":"Slimebound:Dissolve","floor":43},{"not_picked":["Slimebound:FormOfPuddle","Slimebound:Schlurp+1"],"picked":"Slimebound:SplitMire+1","floor":44},{"not_picked":["Slimebound:LeechingTouch","Slimebound:GoopSpray+1"],"picked":"Slimebound:Equalize+1","floor":47},{"not_picked":["Slimebound:LivingWall+1","Slimebound:ForwardTackle+1"],"picked":"Slimebound:GoopTackle","floor":48},{"not_picked":["Slimebound:FinishingTackle+1","Slimebound:LivingWall+1"],"picked":"Slimebound:SplitMire+1","floor":49},{"not_picked":["Slimebound:HauntingLick+1","Slimebound:Prepare+1"],"picked":"Slimebound:FirmFortitude+1","floor":52},{"not_picked":["Slimebound:GoopSpray+1","Slimebound:Schlurp+1"],"picked":"Slimebound:SplitMire+1","floor":54}],"player_experience":16294,"relics_obtained":[{"floor":11,"key":"Mummified Hand"},{"floor":23,"key":"Ginger"},{"floor":24,"key":"Replay:Mystery Machine"},{"floor":26,"key":"Oddly Smooth Stone"},{"floor":30,"key":"Replay:Bottled Flurry"},{"floor":35,"key":"Anchor"},{"floor":41,"key":"Mercury Hourglass"},{"floor":47,"key":"Toxic Egg 2"},{"floor":48,"key":"Replay:Bandana"},{"floor":52,"key":"Bronze Scales"}],"event_choices":[{"damage_healed":0,"gold_gain":0,"player_choice":"Ignored","damage_taken":0,"max_hp_gain":0,"max_hp_loss":0,"event_name":"betterNote:BetterNote","floor":8,"gold_loss":0,"cards_obtained":["ReplayTheSpireMod:Limb From Limb"]}],"is_beta":false,"boss_relics":[{"not_picked":["Abe\u0027s Treasure","Calling Bell"],"picked":"Replay:Ancient Bell"},{"not_picked":["Pet Ghost","PreservedInsect"],"picked":"Replay:Rubber Ducky"},{"not_picked":["Iron Hammer","Ornamental Fan"],"picked":"Slimebound:MaxSlimesRelic"},{"not_picked":["Replay:Towering Pillar of Hats","Unceasing Top"],"picked":"Mango"},{"not_picked":["SlaversCollar","Empty Cage"],"picked":"Replay:Grab Bag"},{"not_picked":["ReplayTheSpireMod:DimensionalGlitch","Busted Crown"],"picked":"Sozu"},{"not_picked":["Philosopher\u0027s Stone","bronze:MakeshiftBattery"],"picked":"Painkiller Herb"},{"not_picked":["Snecko Eye","Replay:Drink Me"],"picked":"SacredBark"}],"items_purged_floors":[53],"is_endless":false,"potions_floor_spawned":[2,3,10,12,14,15,21,23,26,33,39,40,48,52],"ascension_level":0}}