{"host":"8lno9xwgef3sjccz","time":1612049104,"event":{"mods":["AchievementEnabler","BaseMod","Minty Spire (QoL Compilation)","Relic Stats"],"gold_per_floor":[116,131,18,34,51,51,69,86,137,169,188,24,58,70,70,175,175,190,115,133,144,144,144],"floor_reached":22,"language":"ENG","playtime":1154,"items_purged":["Strike_R"],"score":242,"play_id":"a6419928-4da4-410f-b672-45fc831e6974","local_time":"20210130182504","is_ascension_mode":true,"campfire_choices":[{"data":"Heavy Blade","floor":6,"key":"SMITH"},{"data":"Demon Form","floor":15,"key":"SMITH"}],"circlet_count":0,"master_deck":["Strike_R","Strike_R","Strike_R","Defend_R","Defend_R","Defend_R","Defend_R","Bash","Heavy Blade+1","Entrench","Warcry","Rage","Seeing Red","True Grit","Rampage","Flex","Shrug It Off","Demon Form+1","Hemokinesis","Iron Wave","Juggernaut","CurseOfTheBell","Inflame+1","Sword Boomerang"],"relics":["Burning Blood","Blood Vial","Strawberry","InkBottle","Calling Bell","Art of War","Matryoshka","Gambling Chip"],"acts_visited":["Exordium","TheCity"],"potions_floor_usage":[10,10,14,16,16,16],"damage_taken":[{"damage":7,"enemies":"Small Slimes","floor":1,"turns":3},{"damage":6,"enemies":"2 Louse","floor":2,"turns":2},{"damage":5,"enemies":"Cultist","floor":4,"turns":4},{"damage":11,"enemies":"Looter","floor":5,"turns":3},{"damage":13,"enemies":"Exordium Thugs","floor":7,"turns":5},{"damage":0,"enemies":"Large Slime","floor":8,"turns":6},{"damage":24,"enemies":"3 Sentries","floor":10,"turns":8},{"damage":2,"enemies":"Blue Slaver","floor":11,"turns":4},{"damage":25,"enemies":"Lagavulin","floor":13,"turns":6},{"damage":15,"enemies":"3 Louse","floor":14,"turns":4},{"damage":43,"enemies":"Slime Boss","floor":16,"turns":9},{"damage":27,"enemies":"Chosen","floor":18,"turns":5},{"damage":30,"enemies":"Spheric Guardian","floor":20,"turns":5},{"damage":34,"enemies":"Snake Plant","floor":21,"turns":5},{"damage":22,"enemies":"Sentry and Sphere","floor":22,"turns":3}],"seed_played":"-1443710635434511529","potions_obtained":[{"floor":1,"key":"LiquidMemories"},{"floor":4,"key":"CultistPotion"},{"floor":7,"key":"SmokeBomb"},{"floor":10,"key":"PowerPotion"},{"floor":11,"key":"GamblersBrew"},{"floor":13,"key":"Dexterity Potion"},{"floor":14,"key":"Dexterity Potion"},{"floor":21,"key":"Dexterity Potion"}],"is_trial":false,"path_per_floor":["M","M","$","M","M","R","M","M","T","E","M","$","E","M","R","B",null,"M","?","M","M","M"],"character_chosen":"IRONCLAD","items_purchased":["Rage","Demon Form"],"campfire_rested":0,"item_purchase_floors":[3,12],"current_hp_per_floor":[79,79,79,80,75,75,68,74,74,65,71,71,54,47,47,12,87,66,66,44,18,0,0],"gold":144,"neow_bonus":"THREE_CARDS","is_daily":false,"chose_seed":false,"campfire_upgraded":2,"win_rate":0.0,"timestamp":1612049104,"path_taken":["M","M","$","M","M","R","M","M","T","E","M","$","E","M","R","BOSS","M","?","M","M","M"],"items_purchased_type":["Card","Card"],"build_version":"2020-12-22","purchased_purges":1,"victory":false,"max_hp_per_floor":[80,80,80,80,80,80,80,80,80,87,87,87,87,87,87,87,87,87,87,87,87,87,87],"relic_stats":{"Blood Vial":16,"counters":[15,72],"Gambling Chip":[11],"Art of War":[3],"obtain_stats":[{"Blood Vial":9,"Calling Bell":17,"Matryoshka":17,"Strawberry":10,"Gambling Chip":17,"Art of War":17,"Burning Blood":0,"InkBottle":13},{"Blood Vial":6,"Calling Bell":11,"Matryoshka":11,"Strawberry":7,"Gambling Chip":11,"Art of War":11,"Burning Blood":0,"InkBottle":9},{"Blood Vial":23,"Calling Bell":54,"Matryoshka":54,"Strawberry":31,"Gambling Chip":54,"Art of War":54,"Burning Blood":0,"InkBottle":41}],"Burning Blood":84,"InkBottle":[7]},"card_choices":[{"not_picked":["Carnage","Evolve"],"picked":"Heavy Blade","floor":0},{"not_picked":["Havoc","Bloodletting"],"picked":"Entrench","floor":1},{"not_picked":["Blood for Blood","Sword Boomerang"],"picked":"Warcry","floor":2},{"not_picked":["Warcry","Reckless Charge"],"picked":"Seeing Red","floor":4},{"not_picked":["Anger","Infernal Blade"],"picked":"True Grit","floor":5},{"not_picked":["Clothesline","Clash"],"picked":"Rampage","floor":7},{"not_picked":["Havoc","Pommel Strike"],"picked":"Flex","floor":8},{"not_picked":["Combust","Iron Wave"],"picked":"Shrug It Off","floor":10},{"not_picked":["Seeing Red","Dropkick","Clash"],"picked":"SKIP","floor":11},{"not_picked":["Heavy Blade","Offering"],"picked":"Hemokinesis","floor":13},{"not_picked":["Twin Strike","Havoc"],"picked":"Iron Wave","floor":14},{"not_picked":["Exhume","Brutality"],"picked":"Juggernaut","floor":16},{"not_picked":["Headbutt","Hemokinesis"],"picked":"Inflame+1","floor":18},{"not_picked":["Iron Wave","Havoc+1"],"picked":"Sword Boomerang","floor":20},{"not_picked":["Twin Strike","Thunderclap","Blood for Blood"],"picked":"SKIP","floor":21}],"player_experience":66578,"relics_obtained":[{"floor":9,"key":"Blood Vial"},{"floor":10,"key":"Strawberry"},{"floor":13,"key":"InkBottle"},{"floor":17,"key":"Art of War"},{"floor":17,"key":"Matryoshka"},{"floor":17,"key":"Gambling Chip"}],"event_choices":[{"cards_removed":["Strike_R"],"damage_healed":0,"gold_gain":0,"player_choice":"Gave Gold","damage_taken":0,"max_hp_gain":0,"max_hp_loss":0,"event_name":"Beggar","floor":19,"gold_loss":75}],"is_beta":false,"boss_relics":[{"not_picked":["Mark of Pain","Sozu"],"picked":"Calling Bell"}],"items_purged_floors":[3],"is_endless":false,"potions_floor_spawned":[1,4,7,10,11,13,14,21],"killed_by":"Sentry and Sphere","ascension_level":4}}