{"host":"f9ntswufr8mq3t4y","time":1612004614,"event":{"mods":["AchievementEnabler","BaseMod","Best Route Mod","Block Reminder","Colored Map","Colored Powertips","Curses Come First","DeckTracker","Displayed Cursed Tome","Highlight Path","Minty Spire (QoL Compilation)","Permanent Neow","Quick Restart","Slay-I","StSLib"],"gold_per_floor":[20,20,34,34,45,45,79,79,79,104,104,114,114,39,39,143,143,157,82,96,96,108,108,108],"floor_reached":23,"language":"ENG","playtime":848,"items_purged":[],"score":274,"play_id":"084bdfc1-6e2d-4151-9b87-6b891beeb9e1","local_time":"20210130140334","is_ascension_mode":true,"campfire_choices":[{"data":"Juggernaut","floor":6.0,"key":"SMITH"},{"data":"Bash","floor":8,"key":"SMITH"},{"data":"Ghostly Armor","floor":13,"key":"SMITH"},{"data":"Metallicize","floor":15,"key":"SMITH"}],"circlet_count":0,"master_deck":["Defend_R","Defend_R","Defend_R","Bash+1","Armaments+1","Juggernaut+1","Ghostly Armor+1","Clash","Ghostly Armor","Metallicize+1","Barricade","Bloodletting+1","Sword Boomerang+1","Dropkick+1","Evolve+1","Clash","Shrug It Off+1"],"relics":["Burning Blood","Bottled Lightning","Pear","Paper Frog","Champion Belt","Astrolabe"],"acts_visited":["TheCity"],"potions_floor_usage":[7,18,23,23],"damage_taken":[{"damage":1.0,"enemies":"Cultist","floor":1.0,"turns":4.0},{"damage":2.0,"enemies":"2 Louse","floor":3.0,"turns":3.0},{"damage":0.0,"enemies":"Small Slimes","floor":5.0,"turns":3.0},{"damage":12,"enemies":"Gremlin Nob","floor":7,"turns":4},{"damage":9,"enemies":"Lagavulin","floor":10,"turns":6},{"damage":5,"enemies":"2 Fungi Beasts","floor":12,"turns":3},{"damage":31,"enemies":"Slime Boss","floor":16,"turns":12},{"damage":20,"enemies":"2 Thieves","floor":18,"turns":4},{"damage":8,"enemies":"Spheric Guardian","floor":20,"turns":4},{"damage":29,"enemies":"Snake Plant","floor":22,"turns":4},{"damage":30,"enemies":"Gremlin Leader","floor":23,"turns":2}],"seed_played":"-7453906345548214869","potions_obtained":[{"floor":1.0,"key":"AttackPotion"},{"floor":5.0,"key":"AttackPotion"},{"floor":10,"key":"LiquidMemories"},{"floor":12,"key":"SteroidPotion"},{"floor":18,"key":"LiquidMemories"},{"floor":22,"key":"AttackPotion"}],"is_trial":false,"path_per_floor":["M","$","M","?","M","R","E","R","T","E","?","M","R","$","R","B",null,"M","?","M","?","M","E"],"character_chosen":"IRONCLAD","items_purchased":["Metallicize"],"campfire_rested":0,"item_purchase_floors":[14],"current_hp_per_floor":[80,80,80,80,80,80,74,74,84,81,74,75,75,75,75,50,80,66,66,64,46,23,0,0],"gold":108,"neow_bonus":"TRANSFORM_TWO_CARDS","is_daily":false,"chose_seed":false,"campfire_upgraded":4,"win_rate":0.0,"timestamp":1612004614,"path_taken":["M","$","M","?","M","R","E","R","T","E","?","M","R","$","R","BOSS","M","?","M","?","M","E"],"items_purchased_type":["Card"],"build_version":"2020-12-22","purchased_purges":0,"victory":false,"max_hp_per_floor":[80,80,80,80,80,80,80,80,90,90,90,90,90,90,90,90,90,90,90,90,95,95,95,95],"card_choices":[{"not_picked":["Clash","Body Slam"],"picked":"Ghostly Armor","floor":1.0},{"not_picked":["Fire Breathing","Combust"],"picked":"Clash","floor":3.0},{"not_picked":["Flame Barrier","Pommel Strike"],"picked":"Ghostly Armor","floor":5.0},{"not_picked":["Pommel Strike","Twin Strike","Perfected Strike"],"picked":"SKIP","floor":7},{"not_picked":["Warcry","Inflame","Rupture"],"picked":"SKIP","floor":10},{"not_picked":["Heavy Blade","Sword Boomerang","Sever Soul"],"picked":"SKIP","floor":12},{"not_picked":["Fiend Fire","Impervious"],"picked":"Barricade","floor":16},{"not_picked":["Headbutt","Clash"],"picked":"Evolve+1","floor":18},{"not_picked":["Evolve","Entrench"],"picked":"Clash","floor":20},{"not_picked":["Pommel Strike+1","Thunderclap"],"picked":"Shrug It Off+1","floor":22}],"player_experience":372371,"relics_obtained":[{"floor":7,"key":"Bottled Lightning"},{"floor":9,"key":"Pear"},{"floor":10,"key":"Paper Frog"}],"event_choices":[{"damage_healed":0.0,"max_hp_gain":0.0,"max_hp_loss":0.0,"gold_gain":0.0,"event_name":"Living Wall","player_choice":"Grow","floor":4.0,"gold_loss":0.0,"damage_taken":0.0,"cards_upgraded":["Armaments"]},{"damage_healed":0,"gold_gain":0,"player_choice":"Success","damage_taken":7,"relics_obtained":["Champion Belt"],"max_hp_gain":0,"max_hp_loss":0,"event_name":"Scrap Ooze","floor":11,"gold_loss":0},{"cards_removed":["Strike_R"],"damage_healed":0,"gold_gain":0,"player_choice":"Gave Gold","damage_taken":0,"max_hp_gain":0,"max_hp_loss":0,"event_name":"Beggar","floor":19,"gold_loss":75},{"damage_healed":0,"gold_gain":0,"player_choice":"Shed Blood","damage_taken":23,"max_hp_gain":5,"max_hp_loss":0,"event_name":"Forgotten Altar","floor":21,"gold_loss":0}],"is_beta":false,"boss_relics":[{"not_picked":["Velvet Choker","Runic Dome"],"picked":"Astrolabe"}],"items_purged_floors":[],"is_endless":false,"potions_floor_spawned":[1,5,10,12,18,22],"killed_by":"Gremlin Leader","ascension_level":5}}