{"host":"nsc6ozq3atyrdr3m","time":1612041927,"event":{"mods":["BaseMod","Colored Map","Minty Spire (QoL Compilation)"],"gold_per_floor":[109,109,109,126,46,46,75,85,163,163,163,178,178,206,206,307,307,324,324,324,324,20,20,54,85,85,85,95,121,138,156,156,252,252,263,263,273,14,14,14,48,48,48,9,9,9],"floor_reached":45,"language":"FRA","playtime":1192,"items_purged":[],"score":714,"play_id":"1db639c1-b281-4126-b868-832cede34e4a","local_time":"20210130222527","is_ascension_mode":true,"campfire_choices":[{"data":"Dagger Spray","floor":6,"key":"SMITH"},{"data":"Terror","floor":10,"key":"SMITH"},{"data":"Backstab","floor":13,"key":"SMITH"},{"data":"Neutralize","floor":15,"key":"SMITH"},{"floor":23,"key":"REST"},{"floor":27,"key":"REST"},{"floor":32,"key":"REST"},{"floor":40,"key":"REST"}],"circlet_count":0,"master_deck":["Strike_G+1","Strike_G+1","Strike_G+1","Strike_G+1","Strike_G+1","Defend_G+1","Defend_G+1","Defend_G+1","Defend_G+1","Survivor","Neutralize+1","Dagger Spray+1","PiercingWail","Backstab+1","Terror+1","Regret","All Out Attack","Storm of Steel","Predator+1","Acrobatics","Phantasmal Killer","Flying Knee","After Image","Venomology","Master of Strategy","All Out Attack+1"],"relics":["Ring of the Snake","NeowsBlessing","PreservedInsect","Lantern","Ninja Scroll","Dream Catcher","Lizard Tail","Philosopher\u0027s Stone","StrikeDummy","Mummified Hand","Red Mask","TungstenRod","Orichalcum","SacredBark","Membership Card","Juzu Bracelet","Pantograph","MealTicket"],"acts_visited":["Exordium","TheCity","TheBeyond"],"potions_floor_usage":[16,29,33,33,33,37,41,45,45],"damage_taken":[{"damage":0,"enemies":"Small Slimes","floor":1,"turns":1},{"damage":0,"enemies":"2 Louse","floor":4,"turns":1},{"damage":0,"enemies":"3 Sentries","floor":7,"turns":1},{"damage":1,"enemies":"Jaw Worm","floor":8,"turns":2},{"damage":0,"enemies":"Looter","floor":12,"turns":2},{"damage":4,"enemies":"Gremlin Nob","floor":14,"turns":3},{"damage":39,"enemies":"The Guardian","floor":16,"turns":11},{"damage":24,"enemies":"Spheric Guardian","floor":18,"turns":4},{"damage":2,"enemies":"Slavers","floor":24,"turns":3},{"damage":18,"enemies":"Masked Bandits","floor":25,"turns":4},{"damage":0,"enemies":"3 Byrds","floor":28,"turns":4},{"damage":29,"enemies":"Gremlin Leader","floor":29,"turns":3},{"damage":8,"enemies":"Snake Plant","floor":30,"turns":3},{"damage":0,"enemies":"Shelled Parasite and Fungi","floor":31,"turns":3},{"damage":62,"enemies":"Automaton","floor":33,"turns":11},{"damage":0,"enemies":"Orb Walker","floor":35,"turns":2},{"damage":23,"enemies":"3 Darklings","floor":37,"turns":7},{"damage":23,"enemies":"Giant Head","floor":41,"turns":6},{"damage":44,"enemies":"2 Orb Walkers","floor":45,"turns":4}],"seed_played":"6086243153210572352","potions_obtained":[{"floor":7,"key":"Fire Potion"},{"floor":14,"key":"Strength Potion"},{"floor":28,"key":"Poison Potion"},{"floor":29,"key":"Explosive Potion"},{"floor":30,"key":"SpeedPotion"},{"floor":37,"key":"Dexterity Potion"}],"is_trial":false,"path_per_floor":["M","?","?","M","$","R","E","M","T","R","?","M","R","E","R","B",null,"M","?","$","?","$","R","E","?","T","R","M","E","M","M","R","B",null,"M","?","M","$","?","R","E","?","T","$","?"],"character_chosen":"THE_SILENT","items_purchased":["Backstab","StrikeDummy","Explosive Potion","Membership Card","Juzu Bracelet","CunningPotion","LiquidBronze"],"campfire_rested":4,"item_purchase_floors":[5,22,22,38,38,38,44],"current_hp_per_floor":[63,56,56,56,56,56,56,55,55,55,55,55,55,51,51,12,56,32,32,32,32,32,53,51,33,33,54,54,25,17,17,38,15,56,56,56,33,33,33,52,29,29,29,44,0,0],"gold":9,"neow_bonus":"THREE_ENEMY_KILL","is_daily":false,"chose_seed":false,"campfire_upgraded":4,"win_rate":0.0,"timestamp":1612041927,"path_taken":["M","?","?","M","$","R","E","M","T","R","?","M","R","E","R","BOSS","M","?","$","?","$","R","E","?","T","R","M","E","M","M","R","BOSS","M","?","M","$","?","R","E","?","T","?","?"],"items_purchased_type":["Card","Relic","Potion","Relic","Relic","Potion","Potion"],"build_version":"2020-12-22","purchased_purges":0,"victory":false,"max_hp_per_floor":[70,70,70,70,70,70,70,70,70,70,70,70,70,70,70,70,70,70,70,70,70,70,70,70,70,70,70,70,70,70,70,70,70,70,70,70,70,70,66,66,66,66,66,66,66,66],"card_choices":[{"not_picked":["Cloak And Dagger","Deflect"],"picked":"Dagger Spray","floor":1},{"not_picked":["Outmaneuver","Calculated Gamble"],"picked":"PiercingWail","floor":4},{"not_picked":["Escape Plan","Caltrops","Underhanded Strike"],"picked":"SKIP","floor":7},{"not_picked":["Flechettes","Slice"],"picked":"Terror","floor":8},{"not_picked":["Cloak And Dagger","Caltrops"],"picked":"All Out Attack","floor":12},{"not_picked":["Distraction","Prepared","Bouncing Flask"],"picked":"SKIP","floor":14},{"not_picked":["Bullet Time","Tools of the Trade"],"picked":"Storm of Steel","floor":16},{"not_picked":["Calculated Gamble+1","Outmaneuver+1"],"picked":"Predator+1","floor":18},{"not_picked":["Heel Hook","Crippling Poison","PiercingWail"],"picked":"SKIP","floor":24},{"not_picked":["Prepared","Choke"],"picked":"Acrobatics","floor":25},{"not_picked":["Slice","Backflip+1"],"picked":"Phantasmal Killer","floor":27},{"not_picked":["Backflip","Concentrate"],"picked":"Flying Knee","floor":28},{"not_picked":["Catalyst+1","Footwork","Blur"],"picked":"SKIP","floor":29},{"not_picked":["Dodge and Roll","Backstab","Dagger Spray"],"picked":"SKIP","floor":30},{"not_picked":["Heel Hook","Cloak And Dagger+1","Reflex"],"picked":"SKIP","floor":31},{"not_picked":["Dagger Spray","Poisoned Stab"],"picked":"After Image","floor":32},{"not_picked":["After Image","Malaise"],"picked":"Venomology","floor":33},{"not_picked":["Choke+1","Dash","Bane"],"picked":"SKIP","floor":35},{"not_picked":["The Bomb","Impatience"],"picked":"Master of Strategy","floor":36},{"not_picked":["Dagger Spray+1","Well Laid Plans+1"],"picked":"All Out Attack+1","floor":37},{"not_picked":["Prepared","Poisoned Stab","Flying Knee"],"picked":"SKIP","floor":41}],"player_experience":361409,"relics_obtained":[{"floor":7,"key":"Lantern"},{"floor":9,"key":"Ninja Scroll"},{"floor":14,"key":"Lizard Tail"},{"floor":24,"key":"Mummified Hand"},{"floor":25,"key":"Red Mask"},{"floor":26,"key":"TungstenRod"},{"floor":29,"key":"Orichalcum"},{"floor":41,"key":"Pantograph"},{"floor":43,"key":"MealTicket"}],"event_choices":[{"damage_healed":0,"gold_gain":0,"player_choice":"Success","damage_taken":7,"relics_obtained":["PreservedInsect"],"max_hp_gain":0,"max_hp_loss":0,"event_name":"Scrap Ooze","floor":2,"gold_loss":0},{"damage_healed":0,"gold_gain":0,"player_choice":"Leave","damage_taken":0,"max_hp_gain":0,"max_hp_loss":0,"event_name":"The Cleric","floor":3,"gold_loss":0},{"damage_healed":0,"gold_gain":0,"player_choice":"Box","damage_taken":0,"relics_obtained":["Dream Catcher"],"max_hp_gain":0,"max_hp_loss":0,"event_name":"Big Fish","floor":11,"gold_loss":0,"cards_obtained":["Regret"]},{"damage_healed":0,"gold_gain":0,"player_choice":"Ignored","damage_taken":0,"max_hp_gain":0,"max_hp_loss":0,"event_name":"Beggar","floor":19,"gold_loss":0},{"damage_healed":0,"gold_gain":0,"player_choice":"Simplicity","damage_taken":0,"max_hp_gain":0,"max_hp_loss":0,"event_name":"Back to Basics","floor":21,"gold_loss":0,"cards_upgraded":["Strike_G","Strike_G","Strike_G","Strike_G","Strike_G","Defend_G","Defend_G","Defend_G","Defend_G","Defend_G"]},{"damage_healed":0,"gold_gain":0,"player_choice":"Fought Bandits","damage_taken":0,"max_hp_gain":0,"max_hp_loss":0,"event_name":"Masked Bandits","floor":25,"gold_loss":0},{"damage_healed":0,"gold_gain":0,"player_choice":"Memory 1","damage_taken":0,"max_hp_gain":0,"max_hp_loss":0,"event_name":"SensoryStone","floor":36,"gold_loss":0},{"damage_healed":0,"gold_gain":0,"player_choice":"Max HP","damage_taken":0,"max_hp_gain":0,"max_hp_loss":4,"event_name":"Winding Halls","floor":39,"gold_loss":0},{"cards_removed":["Defend_G"],"damage_healed":0,"gold_gain":0,"player_choice":"Removed Skill","damage_taken":0,"max_hp_gain":0,"max_hp_loss":0,"event_name":"Falling","floor":42,"gold_loss":0},{"damage_healed":0,"gold_gain":0,"player_choice":"Fight","damage_taken":0,"max_hp_gain":0,"max_hp_loss":0,"event_name":"Mysterious Sphere","floor":45,"gold_loss":0}],"is_beta":false,"boss_relics":[{"not_picked":["Runic Pyramid","Sozu"],"picked":"Philosopher\u0027s Stone"},{"not_picked":["Snecko Eye","Coffee Dripper"],"picked":"SacredBark"}],"items_purged_floors":[],"is_endless":false,"potions_floor_spawned":[7,14,28,29,30,31,37],"killed_by":"2 Orb Walkers","ascension_level":8}}