{"host":"yvb207ks1sg3cxef","time":1612011493,"event":{"mods":["2.2 Compatiblity","BaseMod","Bestiary","Colored Powertips","Minty Spire (QoL Compilation)","Permanent Neow","Quick Restart","Relic Stats","StSLib"],"gold_per_floor":[113,129,129,144,144,144,165,165,165],"floor_reached":8,"language":"ENG","playtime":328,"items_purged":[],"score":92,"play_id":"e723a80a-9e35-4ad6-99fe-8beb99db8b02","local_time":"20210130182813","is_ascension_mode":true,"campfire_choices":[{"data":"Neutralize","floor":6,"key":"SMITH"}],"circlet_count":0,"master_deck":["AscendersBane","Strike_G","Strike_G","Strike_G","Strike_G","Strike_G","Defend_G","Defend_G","Defend_G","Defend_G","Defend_G","Survivor","Neutralize+1","Deadly Poison+1","Heel Hook","Finisher"],"relics":["Ring of the Snake","Odd Mushroom"],"acts_visited":["Exordium"],"potions_floor_usage":[8],"damage_taken":[{"damage":7,"enemies":"Small Slimes","floor":1,"turns":4},{"damage":0,"enemies":"Jaw Worm","floor":2,"turns":5},{"damage":2,"enemies":"2 Louse","floor":4,"turns":2},{"damage":18,"enemies":"The Mushroom Lair","floor":7,"turns":6},{"damage":40,"enemies":"3 Sentries","floor":8,"turns":5}],"seed_played":"-2624553064087628426","potions_obtained":[{"floor":0,"key":"CultistPotion"},{"floor":0,"key":"Explosive Potion"},{"floor":1,"key":"BlessingOfTheForge"}],"is_trial":false,"path_per_floor":["M","M","?","M","?","R","?","E"],"character_chosen":"THE_SILENT","items_purchased":[],"campfire_rested":0,"item_purchase_floors":[],"current_hp_per_floor":[52,52,52,50,50,50,32,0,0],"gold":165,"neow_bonus":"THREE_SMALL_POTIONS","is_daily":false,"chose_seed":false,"campfire_upgraded":1,"win_rate":0.0,"timestamp":1612011493,"path_taken":["M","M","?","M","?","R","?","E"],"items_purchased_type":[],"build_version":"2020-12-22","purchased_purges":0,"victory":false,"max_hp_per_floor":[66,66,66,66,66,66,66,66,66],"relic_stats":{"counters":[5,22],"obtain_stats":[{"Odd Mushroom":7,"Ring of the Snake":0},{"Odd Mushroom":4,"Ring of the Snake":0},{"Odd Mushroom":17,"Ring of the Snake":0}],"Ring of the Snake":[10]},"card_choices":[{"not_picked":["Dodge and Roll","Sucker Punch"],"picked":"Deadly Poison","floor":1},{"not_picked":["Setup","Deflect","Heel Hook"],"picked":"SKIP","floor":2},{"not_picked":["Setup","Deflect"],"picked":"Heel Hook","floor":2},{"not_picked":["Deflect","Finisher","Dodge and Roll"],"picked":"SKIP","floor":4},{"not_picked":["Cloak And Dagger","Flechettes"],"picked":"Finisher","floor":7}],"player_experience":504784,"relics_obtained":[{"floor":7,"key":"Odd Mushroom"}],"event_choices":[{"damage_healed":0,"gold_gain":0,"player_choice":"Grow","damage_taken":0,"max_hp_gain":0,"max_hp_loss":0,"event_name":"Living Wall","floor":3,"gold_loss":0,"cards_upgraded":["Deadly Poison"]},{"damage_healed":0,"gold_gain":0,"player_choice":"Ignored","damage_taken":0,"max_hp_gain":0,"max_hp_loss":0,"event_name":"Liars Game","floor":5,"gold_loss":0},{"damage_healed":0,"gold_gain":0,"player_choice":"Fought Mushrooms","damage_taken":0,"max_hp_gain":0,"max_hp_loss":0,"event_name":"Mushrooms","floor":7,"gold_loss":0}],"is_beta":false,"boss_relics":[],"items_purged_floors":[],"is_endless":false,"potions_floor_spawned":[1,7],"killed_by":"3 Sentries","ascension_level":20}}