{"host":"dn6kke80v5f7isus","time":1612039030,"event":{"mods":["AchievementEnabler","Act Like it!","BaseMod","Colored Powertips","Custom Start","Defuse TimeMaze Blight","Gremlin Skip","Highlight Path","Hubris","Infinite Spire","Marisa????????","Minty Spire (QoL Compilation)","Rare Cards Sparkle","Replay The Spire","StSLib","The Servant 0.9.4","Uncapped","Unceasing Turn Reminder"],"gold_per_floor":[110,110,185,238,257,257,286,286,286,304,336,348,348,57,57,57,57],"floor_reached":16,"language":"ENG","playtime":321,"items_purged":[],"score":140,"play_id":"61886067-4d9d-4dde-8fe1-c307e9b24190","local_time":"20210130153710","is_ascension_mode":true,"campfire_choices":[{"data":"MasterSpark","floor":6,"key":"SMITH"},{"data":"Defend_MRS","floor":8,"key":"SMITH"},{"data":"OortCloud","floor":15,"key":"SMITH"}],"circlet_count":0,"master_deck":["Strike_MRS+1","Strike_MRS+1","Strike_MRS+1","Strike_MRS+1","Defend_MRS","Defend_MRS+1","Defend_MRS","Defend_MRS","MasterSpark+1","UpSweep+1","WitchLeyline","TreasureHunter","OortCloud+1"],"relics":["MiniHakkero","NeowsBlessing","Oddly Smooth Stone","HandmadeGrimoire","Replay:Bottled Eggs","hubris:MobiusCoin","Golden Idol","Orichalcum","hubris:EmptyBottle"],"acts_visited":["Exordium"],"potions_floor_usage":[11,11],"damage_taken":[{"damage":0,"enemies":"Small Slimes","floor":1,"turns":1},{"damage":0,"enemies":"Jaw Worm","floor":5,"turns":1},{"damage":0,"enemies":"Gremlin Nob","floor":7,"turns":1},{"damage":0,"enemies":"2 Louse","floor":10,"turns":3},{"damage":3,"enemies":"3 Sentries","floor":11,"turns":5},{"damage":0,"enemies":"2 Fungi Beasts","floor":12,"turns":2},{"damage":46,"enemies":"Hexaghost","floor":16,"turns":11}],"seed_played":"7215066825698244858","potions_obtained":[{"floor":7,"key":"Energy Potion"},{"floor":10,"key":"EssenceOfSteel"}],"is_trial":false,"path_per_floor":["M","?","?","T","M","R","E","R","T","M","E","M","?","$","R","B"],"character_chosen":"MARISA","items_purchased":["Orichalcum","hubris:EmptyBottle"],"campfire_rested":0,"item_purchase_floors":[14,14],"current_hp_per_floor":[75,75,64,64,64,64,64,64,64,64,61,61,43,43,43,0,0],"gold":57,"neow_bonus":"THREE_ENEMY_KILL","is_daily":false,"chose_seed":false,"campfire_upgraded":3,"win_rate":0.0,"timestamp":1612039030,"path_taken":["M","?","?","?","M","R","E","R","T","M","E","M","?","?","R","BOSS"],"items_purchased_type":["Relic","Relic"],"build_version":"2020-12-22","purchased_purges":0,"victory":false,"max_hp_per_floor":[75,75,75,75,75,75,75,75,75,75,75,75,75,75,75,75,75],"card_choices":[{"not_picked":["StarlightTyphoon","SporeBomb","ShootTheMoon"],"picked":"SKIP","floor":1},{"not_picked":["DeepEcoloBomb","DarkSpark","Robbery"],"picked":"SKIP","floor":5},{"not_picked":["SporeBomb","MeteoricShower","LuminesStrike"],"picked":"SKIP","floor":7},{"not_picked":["PowerUp","DoubleSpark"],"picked":"WitchLeyline","floor":10},{"not_picked":["OneTimeOff","WitchOfGreed"],"picked":"TreasureHunter","floor":11},{"not_picked":["MilkyWay","GravityBeat"],"picked":"OortCloud","floor":12}],"player_experience":407910,"relics_obtained":[{"floor":4,"key":"Oddly Smooth Stone"},{"floor":7,"key":"HandmadeGrimoire"},{"floor":9,"key":"Replay:Bottled Eggs"},{"floor":11,"key":"hubris:MobiusCoin"}],"event_choices":[{"damage_healed":0,"gold_gain":75,"player_choice":"Gather Gold","damage_taken":11,"max_hp_gain":0,"max_hp_loss":0,"event_name":"World of Goop","floor":3,"gold_loss":0},{"damage_healed":0,"gold_gain":0,"player_choice":"Take Damage","damage_taken":18,"relics_obtained":["Golden Idol"],"max_hp_gain":0,"max_hp_loss":0,"event_name":"Golden Idol","floor":13,"gold_loss":0}],"is_beta":false,"boss_relics":[],"items_purged_floors":[],"is_endless":false,"potions_floor_spawned":[7,10],"killed_by":"Hexaghost","ascension_level":1}}