{"host":"vex7walpoxzv48nx","time":1612050129,"event":{"mods":["AchievementEnabler","BaseMod","Bestiary","Minty Spire (QoL Compilation)","Permanent Neow","Quick Restart","Relic Stats","UnlockEverythingMod"],"gold_per_floor":[209,224,240,260,18,50,70,70,122,122,153,153,197,197,197,286,286,311,24,49,62,62,62,62,62],"floor_reached":24,"language":"ENG","playtime":1895,"items_purged":["Strike_B"],"score":432,"play_id":"b329bb46-f854-45db-9be1-f2f2e7ee0667","local_time":"20210131004209","is_ascension_mode":true,"campfire_choices":[{"floor":10,"key":"REST"},{"data":"Buffer","floor":15,"key":"SMITH"},{"floor":23,"key":"REST"}],"circlet_count":0,"master_deck":["AscendersBane","Strike_B","Strike_B","Strike_B","Defend_B","Defend_B","Defend_B","Defend_B","Zap","Dualcast+1","Sweeping Beam","Sweeping Beam","Buffer+1","Cold Snap","Doom and Gloom+1","Ball Lightning","Coolheaded","Streamline","Turbo","Biased Cognition","Go for the Eyes","Conserve Battery","Self Repair","Ghostly","Ghostly","Ghostly"],"relics":["Cracked Core","Lantern","White Beast Statue","Bag of Preparation","Matryoshka","Golden Idol","DataDisk","Black Star","PreservedInsect"],"acts_visited":["Exordium","TheCity"],"potions_floor_usage":[7,11,13,16,18,20,21,21,21,21],"damage_taken":[{"damage":1,"enemies":"Cultist","floor":1,"turns":3},{"damage":9,"enemies":"2 Louse","floor":2,"turns":3},{"damage":3,"enemies":"Small Slimes","floor":3,"turns":3},{"damage":14,"enemies":"Gremlin Gang","floor":4,"turns":3},{"damage":11,"enemies":"Gremlin Nob","floor":6,"turns":3},{"damage":3,"enemies":"Large Slime","floor":7,"turns":3},{"damage":3,"enemies":"3 Sentries","floor":11,"turns":4},{"damage":13,"enemies":"Lagavulin","floor":13,"turns":5},{"damage":51,"enemies":"Hexaghost","floor":16,"turns":11},{"damage":19,"enemies":"Shell Parasite","floor":18,"turns":5},{"damage":0,"enemies":"3 Byrds","floor":20,"turns":3},{"damage":36,"enemies":"Shelled Parasite and Fungi","floor":21,"turns":4},{"damage":0,"enemies":"Sentry and Sphere","floor":24,"turns":2}],"seed_played":"-1196177788119014127","potions_obtained":[{"floor":2,"key":"Weak Potion"},{"floor":7,"key":"BlessingOfTheForge"},{"floor":11,"key":"BlessingOfTheForge"},{"floor":13,"key":"Block Potion"},{"floor":16,"key":"Fruit Juice"},{"floor":18,"key":"Block Potion"},{"floor":20,"key":"EntropicBrew"},{"floor":21,"key":"Swift Potion"}],"is_trial":false,"path_per_floor":["M","M","M","M","$","E","M","?","T","R","E","?","E","?","R","B",null,"M","$","M","M","?","R","M"],"character_chosen":"DEFECT","items_purchased":["Lantern","Doom and Gloom","PreservedInsect","SkillPotion"],"campfire_rested":2,"item_purchase_floors":[5,5,19,19],"current_hp_per_floor":[63,54,51,37,37,26,23,2,2,23,20,20,7,64,64,13,51,37,37,37,1,1,11,11,11],"gold":62,"neow_bonus":"HUNDRED_GOLD","is_daily":false,"chose_seed":false,"campfire_upgraded":1,"win_rate":0.0,"timestamp":1612050129,"path_taken":["M","?","M","M","$","E","M","?","T","R","E","?","E","?","R","BOSS","M","$","M","?","?","R","M"],"items_purchased_type":["Relic","Card","Relic","Potion"],"build_version":"2020-12-22","purchased_purges":1,"victory":false,"max_hp_per_floor":[71,71,71,71,71,71,71,71,71,71,71,64,64,64,64,64,64,69,69,69,69,34,34,34,34],"relic_stats":{"counters":[13,52],"Golden Idol":40,"PreservedInsect":0,"Bag of Preparation":[14],"Black Star":0,"obtain_stats":[{"Lantern":5,"DataDisk":13,"Matryoshka":11,"Golden Idol":12,"PreservedInsect":19,"Bag of Preparation":9,"Black Star":17,"Cracked Core":0,"White Beast Statue":6},{"Lantern":4,"DataDisk":8,"Matryoshka":7,"Golden Idol":7,"PreservedInsect":10,"Bag of Preparation":6,"Black Star":9,"Cracked Core":0,"White Beast Statue":5},{"Lantern":12,"DataDisk":27,"Matryoshka":22,"Golden Idol":22,"PreservedInsect":43,"Bag of Preparation":18,"Black Star":38,"Cracked Core":0,"White Beast Statue":15}]},"card_choices":[{"not_picked":["Compile Driver","Rebound"],"picked":"Sweeping Beam","floor":1},{"not_picked":["Tempest","Loop"],"picked":"Sweeping Beam","floor":2},{"not_picked":["Coolheaded","Glacier"],"picked":"Buffer","floor":3},{"not_picked":["Lockon","Stack"],"picked":"Cold Snap","floor":4},{"not_picked":["Rebound","Compile Driver"],"picked":"Ball Lightning","floor":6},{"not_picked":["Rebound","Rip and Tear"],"picked":"Coolheaded","floor":7},{"not_picked":["Machine Learning","Steam Power"],"picked":"Streamline","floor":11},{"not_picked":["Melter","Cold Snap"],"picked":"Turbo","floor":13},{"not_picked":["Amplify","Thunder Strike"],"picked":"Biased Cognition","floor":16},{"not_picked":["Heatsinks","Reprogram"],"picked":"Go for the Eyes","floor":18},{"not_picked":["Rebound+1","Turbo"],"picked":"Conserve Battery","floor":20},{"not_picked":["Redo","Beam Cell"],"picked":"Self Repair","floor":21}],"player_experience":228775,"relics_obtained":[{"floor":6,"key":"White Beast Statue"},{"floor":9,"key":"Bag of Preparation"},{"floor":11,"key":"Matryoshka"},{"floor":13,"key":"DataDisk"}],"event_choices":[{"damage_healed":0,"gold_gain":0,"player_choice":"Entered Light","damage_taken":21,"max_hp_gain":0,"max_hp_loss":0,"event_name":"Shining Light","floor":8,"gold_loss":0,"cards_upgraded":["Doom and Gloom","Dualcast"]},{"damage_healed":0,"gold_gain":0,"player_choice":"Lose Max HP","damage_taken":0,"relics_obtained":["Golden Idol"],"max_hp_gain":0,"max_hp_loss":7,"event_name":"Golden Idol","floor":12,"gold_loss":0},{"damage_healed":57,"gold_gain":0,"player_choice":"Full Heal","damage_taken":0,"max_hp_gain":0,"max_hp_loss":0,"event_name":"Wheel of Change","floor":14,"gold_loss":0},{"damage_healed":0,"gold_gain":0,"player_choice":"Became a Ghost","damage_taken":0,"max_hp_gain":0,"max_hp_loss":35,"event_name":"Ghosts","floor":22,"gold_loss":0,"cards_obtained":["Ghostly","Ghostly","Ghostly"]}],"is_beta":false,"boss_relics":[{"not_picked":["Coffee Dripper","Ectoplasm"],"picked":"Black Star"}],"items_purged_floors":[19],"is_endless":false,"potions_floor_spawned":[2,7,11,13,16,18,20,21],"killed_by":"Sentry and Sphere","ascension_level":20}}