{"host":"xw61u809yplklae2","time":1612015439,"event":{"mods":["BaseMod","Better Third Choice","Colored Map","Conspire","DeckTracker","Downfall","Hubris","Minty Spire (QoL Compilation)","Replay The Spire","StSLib"],"gold_per_floor":[99,99,99,99,99,99,124,142,162,62,91,104,104,133,148,148,148,148],"floor_reached":16,"language":"ENG","playtime":790,"items_purged":[],"score":153,"play_id":"36b6c667-1a5c-4561-8721-fc55dd18f2d5","local_time":"20210130090359","is_ascension_mode":true,"campfire_choices":[{"data":"sneckomod:SnekBite","floor":1,"key":"SMITH"},{"data":"sneckomod:UnknownUncommonSkill","floor":6,"key":"SMITH"},{"data":"sneckomod:UnknownClassSLIMEBOUND","floor":10,"key":"SMITH"}],"circlet_count":0,"master_deck":["sneckomod:Strike","sneckomod:Strike","sneckomod:Strike","sneckomod:Defend","sneckomod:Defend","sneckomod:Defend","sneckomod:TailWhip","sneckomod:SnekBite+1","sneckomod:Unknown","sneckomod:Unknown","sneckomod:UnknownUncommonSkill+1","sneckomod:QuickBite","sneckomod:SoulDraw","sneckomod:UnknownClassSLIMEBOUND+1","sneckomod:UnendingSupply+1","sneckomod:UnknownClassGREEN","sneckomod:Nope"],"relics":["sneckomod:SneckoSoul","downfall:HeartsMalice","Bag of Marbles","downfall:HeartBlessingBlue","Darkstone Periapt","Replay:Multitool"],"acts_visited":["Exordium"],"potions_floor_usage":[14,15],"damage_taken":[{"damage":0,"enemies":"2 Louse","floor":2,"turns":1},{"damage":0,"enemies":"Jaw Worm","floor":3,"turns":1},{"damage":0,"enemies":"downfall:FleeingMerchant","floor":5,"turns":1},{"damage":0,"enemies":"Cultist","floor":8,"turns":3},{"damage":14,"enemies":"3 Louse","floor":9,"turns":3},{"damage":0,"enemies":"Lagavulin","floor":11,"turns":2},{"damage":14,"enemies":"Blue Slaver","floor":12,"turns":3},{"damage":16,"enemies":"3 Sentries","floor":14,"turns":10},{"damage":7,"enemies":"2 Fungi Beasts","floor":15,"turns":3},{"damage":46,"enemies":"IC_STATUS_ARCHETYPE","floor":16,"turns":8}],"seed_played":"-2462294568860085161","potions_obtained":[{"floor":9,"key":"Adrenaline Potion"},{"floor":11,"key":"Block Potion"},{"floor":14,"key":"Venom Potion"}],"is_trial":false,"path_per_floor":["R","M","M","?","$","R","T","M","M","R","E","M","?","E","M","B"],"character_chosen":"THE_SNECKO","items_purchased":[],"campfire_rested":0,"item_purchase_floors":[],"current_hp_per_floor":[90,90,90,78,78,78,78,78,64,74,74,60,60,50,43,0,0,0],"gold":148,"neow_bonus":"THREE_ENEMY_KILL","is_daily":false,"chose_seed":false,"campfire_upgraded":3,"win_rate":0.0,"timestamp":1612015439,"path_taken":["R","M","M","?","$","R","T","M","M","R","E","M","?","E","M","BOSS"],"items_purchased_type":[],"build_version":"2020-12-22","purchased_purges":0,"victory":false,"max_hp_per_floor":[90,90,90,90,90,90,90,90,90,100,100,100,100,100,100,100,100,100],"card_choices":[{"not_picked":["sneckomod:MasterEye","sneckomod:UnknownClassBLUE"],"picked":"sneckomod:UnknownUncommonSkill","floor":2},{"not_picked":["sneckomod:UnknownClassTHE_BRONZE_AUTOMATON","sneckomod:UnknownClassPURPLE","sneckomod:UnknownVulnerable"],"picked":"SKIP","floor":3},{"not_picked":["sneckomod:Rotation","sneckomod:SnakeSap"],"picked":"sneckomod:QuickBite","floor":5},{"not_picked":["sneckomod:MasterEye","sneckomod:UnknownDraw"],"picked":"sneckomod:SoulDraw","floor":8},{"not_picked":["sneckomod:UnknownBlock","sneckomod:WideSting"],"picked":"sneckomod:UnknownClassSLIMEBOUND","floor":9},{"not_picked":["sneckomod:UnknownWeak","sneckomod:Unknown0Cost"],"picked":"sneckomod:UnendingSupply","floor":11},{"not_picked":["sneckomod:RainOfDice","sneckomod:UnknownClassRED"],"picked":"sneckomod:UnknownClassGREEN","floor":12},{"not_picked":["sneckomod:Memorize","sneckomod:Unknown0Cost"],"picked":"sneckomod:Nope","floor":14},{"not_picked":["sneckomod:RainOfDice","sneckomod:SoulRoll","sneckomod:UnknownClassPURPLE"],"picked":"SKIP","floor":15}],"player_experience":903219,"relics_obtained":[{"floor":11,"key":"Darkstone Periapt"},{"floor":14,"key":"Replay:Multitool"}],"event_choices":[{"damage_healed":0,"gold_gain":0,"player_choice":"Relic ","damage_taken":12,"max_hp_gain":0,"max_hp_loss":0,"event_name":"betterThird:BetterScrap","floor":4,"gold_loss":0,"cards_obtained":["Escape Plan"]}],"is_beta":false,"boss_relics":[],"items_purged_floors":[],"is_endless":false,"potions_floor_spawned":[9,11,14],"killed_by":"IC_STATUS_ARCHETYPE","ascension_level":3}}