{"host":"e5u7qs1emxzejr12","time":1612002808,"event":{"mods":["100% Spire Juice","2.2 Compatiblity","Act Like it!","Arknights The Spire","BaseMod","CapriCore","Card Forge","Colored Powertips","Custom Start","GifTheSpireLib","Highlight Path","Marisa£¨ìFÓê¡¡Ä§ÀíÉ³£©","Minty Spire (QoL Compilation)","MostiFishMod","Quick Restart","Replay The Spire","StSLib","SuperFastMode","óô»ðÖ¸ÄÏ"],"gold_per_floor":[153,189,69,126,126,84,12,93,93,186,282,42,138,243,243,465,465,522,522,627,657,759,837,939,1023,1069,900,984,1071,641,734,139,361,361,421,421,421,421,92,167,167,269,293,335,428,259,340,493,493,493,493,493,174,8,95,95],"floor_reached":57,"language":"ZHS","playtime":2173,"items_purged":[],"score":3907,"play_id":"fe358be9-fb6a-4af4-a9df-7a26b7d76b31","local_time":"20210130183328","daily_mods":["Heirloom","Flight","DeadlyEvents","Elite Swarm","Midas"],"is_ascension_mode":true,"campfire_choices":[{"floor":12.0,"key":"RECALL"},{"floor":15.0,"key":"DIG"},{"floor":49,"key":"DIG"}],"circlet_count":1,"master_deck":["AscendersBane","Moonworks:EvilSpyWorkPreparation+1","Moonworks:AnotherUltimateWeapon+1","Moonworks:BackdoorTrade+1","Moonworks:Accelerator+1","Moonworks:AnotherUltimateWeapon+1","Moonworks:AnotherUltimateWeapon+1","Moonworks:AnotherUltimateWeapon+1","Moonworks:ForcedRevival+1","Moonworks:BackdoorTrade+1","Moonworks:UnpaidWork+1","Moonworks:Accelerator+1","Pot Of Greed+1","Pot Of Greed+1"],"relics":["Moonworks:BrokenBomb","Moonworks:Homemark","Hammer of Thor","Seething Fire","Anvil of the Gods","DaveBox","DianDianMeat","Pocketwatch","SynthV:TestCard","Pantograph","Chameleon Ring","Gremlin Food","Calipers","Circlet","Mango","CombinedTypeHook","Regal Pillow","Fusion Hammer","Blue Candle","Sundial","Pondfish Scales","Anchor","PreservedInsect","Ancient Tea Set","TheAbacus","ReplayTheSpireMod:TigerMarble","Replay:Bottled Snecko","HornCleat","DollysMirror","Matryoshka","ImprovedEquipment","ChiLing","Chi","Ling","Potion Belt","GuanYuAspect","Bag of Preparation","BionicSphere","Ring of Panic","Ring of Searing","Centennial Puzzle","HandDrill","Orichalcum","Gremlin Horn","Frozen Egg 2","Pet Ghost","Moonworks:LittleGull","Grinning Jar","DianPoetry","Replay:Multitool","Durian","TungstenRod","Membership Card","Quantum Egg"],"acts_visited":["Exordium","TheCity","TheBeyond","TheEnding"],"potions_floor_usage":[],"damage_taken":[{"damage":4.0,"enemies":"Jaw Worm","floor":1.0,"turns":2.0},{"damage":0.0,"enemies":"Cultist","floor":2.0,"turns":2.0},{"damage":0.0,"enemies":"2 Louse","floor":4.0,"turns":2.0},{"damage":8.0,"enemies":"Gremlin Nob","floor":6.0,"turns":3.0},{"damage":0.0,"enemies":"Large Slime","floor":7.0,"turns":4.0},{"damage":1.0,"enemies":"Replay:BlueRogue","floor":8.0,"turns":4.0},{"damage":24.0,"enemies":"3 Sentries","floor":10.0,"turns":3.0},{"damage":0.0,"enemies":"Lagavulin","floor":11.0,"turns":3.0},{"damage":5.0,"enemies":"3 Sentries","floor":13.0,"turns":3.0},{"damage":0.0,"enemies":"Replay:BlueRogue","floor":14.0,"turns":2.0},{"damage":0.0,"enemies":"The Guardian","floor":16.0,"turns":2.0},{"damage":0.0,"enemies":"2 Thieves","floor":18.0,"turns":2.0},{"damage":0.0,"enemies":"Slavers","floor":20.0,"turns":2.0},{"damage":0.0,"enemies":"Chosen","floor":21.0,"turns":2.0},{"damage":3.0,"enemies":"Gremlin Leader","floor":22.0,"turns":2.0},{"damage":0.0,"enemies":"Slavers","floor":23.0,"turns":2.0},{"damage":0.0,"enemies":"Gremlin Leader","floor":24.0,"turns":2.0},{"damage":0,"enemies":"Book of Stabbing","floor":25,"turns":3},{"damage":0,"enemies":"Gremlin Leader","floor":28,"turns":3},{"damage":0,"enemies":"Book of Stabbing","floor":29,"turns":2},{"damage":0,"enemies":"Replay:Snechameleon","floor":31,"turns":2},{"damage":3,"enemies":"Champ","floor":33,"turns":3},{"damage":4,"enemies":"Orb Walker","floor":35,"turns":2},{"damage":12,"enemies":"Giant Head","floor":40,"turns":3},{"damage":24,"enemies":"R_Hoarder","floor":42,"turns":4},{"damage":3,"enemies":"3 Darklings","floor":44,"turns":1},{"damage":12,"enemies":"Nemesis","floor":45,"turns":3},{"damage":8,"enemies":"Reptomancer","floor":47,"turns":2},{"damage":7,"enemies":"2 Orb Walkers","floor":48,"turns":2},{"damage":5,"enemies":"Replay:Hell Engine","floor":50,"turns":3},{"damage":10,"enemies":"Donu and Deca","floor":51,"turns":3},{"damage":1,"enemies":"Shield and Spear","floor":55,"turns":2},{"damage":11,"enemies":"The Heart","floor":56,"turns":5}],"seed_played":"-8221447052020497088","potions_obtained":[{"floor":6.0,"key":"Reflective Coating"},{"floor":11.0,"key":"Elixir"},{"floor":13.0,"key":"Milkshake"},{"floor":40,"key":"CultistPotion"},{"floor":41,"key":"CultistPotion"}],"is_trial":true,"path_per_floor":["M","M","?","M","T","E","M","E","T","E","E","R","E","E","R","B",null,"M","?","E","M","E","E","E","E","T","$","E","E","R","E","R","B",null,"M","?","T","?","$","E","R","E","T","M","E","$","E","?","R","B","B",null,"R","$","E","B",null],"character_chosen":"THE_STARBREAKER","items_purchased":["TheAbacus","HornCleat","DollysMirror","ImprovedEquipment","ChiLing","Potion Belt","Centennial Puzzle","HandDrill","Grinning Jar","TungstenRod","Membership Card"],"campfire_rested":0,"item_purchase_floors":[27,30,30,32,32,32,39,39,46,53,54],"current_hp_per_floor":[47,49,49,49,49,44,48,52,52,34,41,41,67,76,76,116,122,122,122,122,133,144,157,171,174,174,174,174,174,189,189,189,187,95,103,103,103,112,112,117,117,109,109,117,129,149,156,160,163,189,190,190,190,190,190,190],"gold":95,"neow_bonus":"","is_daily":false,"chose_seed":false,"campfire_upgraded":0,"win_rate":0.0,"timestamp":1612002808,"path_taken":["M","M","?","?","?","E","M","E","T","E","?","R","E","E","R","BOSS","M","?","?","?","?","E","E","E","T","$","E","E","R","E","R","BOSS","M","?","?","?","$","E","R","E","T","?","E","$","?","?","R","BOSS","BOSS","R","$","E","BOSS"],"items_purchased_type":["Relic","Relic","Relic","Relic","Relic","Relic","Relic","Relic","Relic","Relic","Relic"],"build_version":"2020-12-22","purchased_purges":0,"victory":true,"max_hp_per_floor":[56,58,58,58,58,61,65,70,70,76,83,83,105,114,114,124,124,124,124,124,135,147,160,174,174,174,174,174,174,189,189,189,189,95,111,111,111,128,128,128,128,128,128,128,146,185,185,185,190,190,190,190,190,190,190,190],"card_choices":[{"not_picked":["Moonworks:LulusLuckyEgg","Moonworks:SakisCookie"],"picked":"Moonworks:EvilSpyWorkPreparation","floor":1.0},{"not_picked":["Moonworks:ImOnFire","Moonworks:StiffCrystal","Moonworks:NicePresent","Moonworks:DeployBits"],"picked":"Moonworks:x16BigRocket","floor":2.0},{"not_picked":["Moonworks:IntelligenceOfficer","Moonworks:SakisCookie","Moonworks:BigMagnum","Moonworks:Poppoformation","Moonworks:BindingChains"],"picked":"SKIP","floor":4.0},{"not_picked":["Moonworks:AccelHyper","Moonworks:LeapThroughSpace","Moonworks:ShieldCounter","Moonworks:MeltingMemories"],"picked":"Moonworks:AnotherUltimateWeapon","floor":6.0},{"not_picked":["Moonworks:NicePresent","Moonworks:CloudOfSeagulls","Moonworks:Dinner","Moonworks:SweetBattle"],"picked":"Moonworks:BackdoorTrade","floor":7.0},{"not_picked":["Moonworks:Wanted","Moonworks:ReflectiveShell","Moonworks:WeAreWaruda","Moonworks:StarBlastingFuse"],"picked":"Moonworks:Accelerator","floor":8.0},{"not_picked":["Moonworks:MetallicMonocoque","Moonworks:ShieldCounter","Moonworks:Encore","Moonworks:Blazing"],"picked":"Moonworks:GoAway","floor":10.0},{"not_picked":["Moonworks:OutOfAmmo","Moonworks:Blazing","Moonworks:StarBlastingFuse","Moonworks:RocketCannon"],"picked":"Moonworks:EvilMastermind","floor":11.0},{"not_picked":["Moonworks:RocketCannon","Moonworks:StarBlastingFuse","Moonworks:FinalBattle","Moonworks:ReflectiveShell"],"picked":"Moonworks:AnotherUltimateWeapon","floor":13.0},{"not_picked":["Moonworks:Encore","Moonworks:StarBlastingFuse","Moonworks:ReflectiveShell","Moonworks:Gamble"],"picked":"Moonworks:AnotherUltimateWeapon","floor":14.0},{"not_picked":["Moonworks:ShieldCounter","Moonworks:WeAreWaruda","Moonworks:PlushieMaster","Moonworks:RocketCannon"],"picked":"Moonworks:AnotherUltimateWeapon","floor":16.0},{"not_picked":["Moonworks:LulusLuckyEgg","Moonworks:CloudOfSeagulls","Moonworks:DeployBits+1","Moonworks:JonathanRush+1","Moonworks:BigMagnum"],"picked":"SKIP","floor":18.0},{"not_picked":["Moonworks:PlushieMaster","Moonworks:OutOfAmmo","Moonworks:RocketCannon","Moonworks:ReflectiveShell","Moonworks:Blazing"],"picked":"SKIP","floor":20.0},{"not_picked":["Moonworks:CompletionReward","Moonworks:ImOnFire","Moonworks:SakisCookie","Moonworks:StiffCrystal+1"],"picked":"Moonworks:ForcedRevival+1","floor":21.0},{"not_picked":["Moonworks:StarBlastingFuse","Moonworks:LeapThroughSpace","Moonworks:Blazing","Moonworks:EvilMastermind"],"picked":"Moonworks:AccelHyper","floor":22.0},{"not_picked":["Moonworks:MetallicMonocoque","Moonworks:ReflectiveShell","Moonworks:RocketCannon","Moonworks:OutOfAmmo"],"picked":"Moonworks:AccelHyper","floor":23.0},{"not_picked":["Moonworks:Wanted","Moonworks:FinalBattle","Moonworks:HolyNight","Moonworks:WeAreWaruda"],"picked":"Moonworks:MetallicMonocoque","floor":24.0},{"not_picked":["Moonworks:FinalBattle","Moonworks:SinkOrSwim","Moonworks:Wanted","Moonworks:Gamble","Moonworks:AccelHyper"],"picked":"SKIP","floor":25},{"not_picked":["Moonworks:RocketCannon","Moonworks:MetallicMonocoque","Moonworks:AccelHyper","Moonworks:PlushieMaster","Moonworks:HolyNight"],"picked":"SKIP","floor":28},{"not_picked":["Moonworks:EvilMastermind","Moonworks:OutOfAmmo","Moonworks:Gamble","Moonworks:Blazing","Moonworks:LeapThroughSpace"],"picked":"SKIP","floor":29},{"not_picked":["Moonworks:FinalBattle","Moonworks:WeAreWaruda","Moonworks:SubspaceTunnel","Moonworks:PlushieMaster","Moonworks:AnotherUltimateWeapon"],"picked":"SKIP","floor":31},{"not_picked":["Moonworks:SakisCookie","Moonworks:IndiscriminateFireSupport","Moonworks:Dinner","Moonworks:BigMagnum"],"picked":"Moonworks:UnpaidWork","floor":35},{"not_picked":["Moonworks:ReflectiveShell","Moonworks:SinkOrSwim","Moonworks:MetallicMonocoque","Moonworks:EvilMastermind","Moonworks:WeAreWaruda"],"picked":"SKIP","floor":40},{"not_picked":["Moonworks:RocketCannon","Moonworks:GoAway","Moonworks:PlushieMaster","Moonworks:SubspaceTunnel","Moonworks:ReflectiveShell"],"picked":"SKIP","floor":42},{"not_picked":["Moonworks:CompletionReward+1","Moonworks:Assault","Moonworks:BigMagnum","Moonworks:ReproductionOfRecords","Moonworks:DevilHand+1"],"picked":"SKIP","floor":44},{"not_picked":["Moonworks:Encore+1","Moonworks:SubspaceTunnel","Moonworks:Wanted","Moonworks:MeltingMemories+1"],"picked":"Moonworks:Accelerator+1","floor":45},{"not_picked":["Moonworks:EvilMastermind","Moonworks:AccelHyper","Moonworks:HolyNight+1","Moonworks:PlushieMaster","Moonworks:Wanted"],"picked":"SKIP","floor":47},{"not_picked":["Moonworks:CrystalBarrier+1","Moonworks:RocketCannon","Moonworks:SubspaceTunnel","Moonworks:MeltingMemories+1","Moonworks:GoAway"],"picked":"SKIP","floor":55}],"player_experience":64342,"relics_obtained":[{"floor":1.0,"key":"SynthV:TestCard"},{"floor":5.0,"key":"Pantograph"},{"floor":6.0,"key":"Chameleon Ring"},{"floor":8.0,"key":"Gremlin Food"},{"floor":10.0,"key":"Calipers"},{"floor":11.0,"key":"Dead Branch"},{"floor":13.0,"key":"Mango"},{"floor":14.0,"key":"CombinedTypeHook"},{"floor":15.0,"key":"Regal Pillow"},{"floor":20.0,"key":"Blue Candle"},{"floor":22.0,"key":"Sundial"},{"floor":23.0,"key":"Pondfish Scales"},{"floor":24.0,"key":"Anchor"},{"floor":25,"key":"PreservedInsect"},{"floor":26,"key":"Ancient Tea Set"},{"floor":28,"key":"ReplayTheSpireMod:TigerMarble"},{"floor":29,"key":"Replay:Bottled Snecko"},{"floor":31,"key":"Matryoshka"},{"floor":37,"key":"Bag of Preparation"},{"floor":37,"key":"BionicSphere"},{"floor":38,"key":"Ring of Panic"},{"floor":38,"key":"Ring of Searing"},{"floor":40,"key":"Orichalcum"},{"floor":42,"key":"Gremlin Horn"},{"floor":43,"key":"Frozen Egg 2"},{"floor":43,"key":"Pet Ghost"},{"floor":45,"key":"Moonworks:LittleGull"},{"floor":47,"key":"DianPoetry"},{"floor":48,"key":"Replay:Multitool"},{"floor":49,"key":"Durian"},{"floor":55,"key":"Quantum Egg"}],"event_choices":[{"cards_removed":["Moonworks:Defend"],"damage_healed":0.0,"max_hp_gain":0.0,"max_hp_loss":0.0,"gold_gain":0.0,"event_name":"Purifier","player_choice":"Purged","floor":3.0,"gold_loss":0.0,"damage_taken":0.0},{"cards_removed":["Moonworks:LongDistanceShot"],"damage_healed":0.0,"max_hp_gain":0.0,"max_hp_loss":0.0,"gold_gain":0.0,"event_name":"Bonfire Elementals","player_choice":"Offered Basic","floor":19.0,"gold_loss":0.0,"damage_taken":0.0},{"damage_healed":0,"gold_gain":0,"player_choice":"Ignored","damage_taken":0,"max_hp_gain":0,"max_hp_loss":0,"event_name":"Tomb of Lord Red Mask","floor":36,"gold_loss":0},{"damage_healed":0,"gold_gain":0,"player_choice":"Fight","damage_taken":0,"max_hp_gain":0,"max_hp_loss":0,"event_name":"Mysterious Sphere","floor":48,"gold_loss":0}],"is_beta":false,"boss_relics":[{"not_picked":["Abe\u0027s Treasure","Moonworks:SBBomb"],"picked":"Fusion Hammer"},{"not_picked":["Astrolabe","Tiny House"],"picked":"GuanYuAspect"}],"items_purged_floors":[],"is_endless":false,"potions_floor_spawned":[6,10,11,13,14,20,23,25,29,31,35,40,47],"ascension_level":20}}