{"host":"gf8hyl7jhl0is674","time":1612041076,"event":{"mods":["2.2 Compatiblity","Act Like it!","BaseMod","Chen","Colored Map","Gensokyo","KinomotoSakuraMod(????)","Koishi","Marisa????????","Minty Spire (QoL Compilation)","Onozuka Komachi Mod","Permanent Neow","StSLib","The Servant 0.9.4","Waifu the Spire"],"gold_per_floor":[117,292,292,308,308,308,334,345,345,371,390,390,403,415,415,515,515,490,490,490,114,133,133,163,163,189,289,39,50,50,69,69,166,166,179,189,189,209,221,221,221,233,308,30,30,45,58,76,76,76],"floor_reached":51,"language":"ENG","playtime":4147,"items_purged":["Doubt","Biased Cognition","Wraith"],"score":706,"play_id":"c5bfd8ff-dfac-43df-bbe4-1c5ef418b343","local_time":"20210130141116","is_ascension_mode":false,"campfire_choices":[{"data":"Zap","floor":6,"key":"SMITH"},{"data":"Dualcast","floor":12,"key":"SMITH"},{"data":"Buffer","floor":15,"key":"SMITH"},{"data":"Machine Learning","floor":23,"key":"SMITH"},{"data":"FTL","floor":25,"key":"SMITH"},{"data":"Genetic Algorithm","floor":30,"key":"SMITH"},{"data":"Hologram","floor":32,"key":"SMITH"},{"data":"Amplify","floor":40,"key":"SMITH"},{"data":"Force Field","floor":45,"key":"SMITH"},{"data":"Reboot","floor":49,"key":"SMITH"}],"circlet_count":0,"master_deck":["Zap+1","Dualcast+1","Buffer+1","Gash+1","FTL+1","Conserve Battery","Gash","Glacier","Go for the Eyes+1","Melter","Leap","Machine Learning+1","Force Field+1","Compile Driver","Static Discharge","Hologram+1","Hologram","White Noise","White Noise","Capacitor+1","Reinforced Body+1","Genetic Algorithm+1","Reboot+1","Amplify+1","BootSequence","Chill+1","BootSequence+1"],"relics":["Cracked Core","Bag of Marbles","Sundial","White Beast Statue","Oddly Smooth Stone","Pandora\u0027s Box","Bag of Preparation","OrangePellets","Toy Ornithopter","Eternal Feather","Strawberry","Lizard Tail","Letter Opener","Whetstone","Coffee Dripper","Bottled Lightning","ClockworkSouvenir"],"acts_visited":["Exordium","TheCity","TheBeyond"],"potions_floor_usage":[10,16,16,22,24,24,27,42,50,50,50],"damage_taken":[{"damage":10,"enemies":"Small Slimes","floor":1,"turns":4},{"damage":0,"enemies":"Jaw Worm","floor":4,"turns":2},{"damage":10,"enemies":"Gremlin Nob","floor":7,"turns":4},{"damage":0,"enemies":"2 Louse","floor":8,"turns":3},{"damage":13,"enemies":"Lagavulin","floor":10,"turns":6},{"damage":0,"enemies":"Blue Slaver","floor":11,"turns":3},{"damage":1,"enemies":"2 Fungi Beasts","floor":13,"turns":3},{"damage":0,"enemies":"Large Slime","floor":14,"turns":4},{"damage":7,"enemies":"The Guardian","floor":16,"turns":14},{"damage":16,"enemies":"2 Thieves","floor":18,"turns":5},{"damage":2,"enemies":"3 Byrds","floor":22,"turns":5},{"damage":10,"enemies":"Slavers","floor":24,"turns":3},{"damage":13,"enemies":"Colosseum Slavers","floor":27,"turns":7},{"damage":22,"enemies":"Colosseum Nobs","floor":27,"turns":3},{"damage":0,"enemies":"Centurion and Healer","floor":29,"turns":5},{"damage":0,"enemies":"Snecko","floor":31,"turns":6},{"damage":5,"enemies":"Automaton","floor":33,"turns":9},{"damage":0,"enemies":"3 Shapes","floor":35,"turns":6},{"damage":0,"enemies":"Orb Walker","floor":36,"turns":4},{"damage":6,"enemies":"4 Shapes","floor":38,"turns":6},{"damage":0,"enemies":"Writhing Mass","floor":39,"turns":7},{"damage":8,"enemies":"Spire Growth","floor":42,"turns":6},{"damage":0,"enemies":"Sphere and 2 Shapes","floor":46,"turns":5},{"damage":0,"enemies":"4 Shapes","floor":47,"turns":5},{"damage":0,"enemies":"Writhing Mass","floor":48,"turns":6},{"damage":0,"enemies":"Donu and Deca","floor":50,"turns":8}],"seed_played":"-7886983192949889693","potions_obtained":[{"floor":1,"key":"Dexterity Potion"},{"floor":8,"key":"SkillPotion"},{"floor":10,"key":"Block Potion"},{"floor":11,"key":"FearPotion"},{"floor":13,"key":"SkillPotion"},{"floor":16,"key":"SpeedPotion"},{"floor":18,"key":"Block Potion"},{"floor":22,"key":"AttackPotion"},{"floor":24,"key":"Block Potion"},{"floor":27,"key":"Swift Potion"},{"floor":29,"key":"Explosive Potion"},{"floor":31,"key":"Energy Potion"},{"floor":42,"key":"CultistPotion"},{"floor":47,"key":"Swift Potion"}],"is_trial":false,"path_per_floor":["M","?","?","M","?","R","E","M","T","E","M","R","M","M","R","B",null,"M","?","?","$","M","R","E","R","T","?","$","M","R","M","R","B",null,"M","M","?","M","M","R","?","M","T","$","R","M","M","M","R","B",null],"character_chosen":"DEFECT","items_purchased":["OrangePellets","Toy Ornithopter","Whetstone","ClockworkSouvenir"],"campfire_rested":0,"item_purchase_floors":[21,21,28,44],"current_hp_per_floor":[65,65,65,65,58,58,48,48,48,35,35,35,34,34,34,27,75,59,59,59,59,62,62,62,74,81,51,51,51,63,63,75,70,82,82,82,92,86,86,92,92,84,84,84,92,92,92,92,92,92],"gold":76,"neow_bonus":"ONE_RANDOM_RARE_CARD","is_daily":false,"chose_seed":false,"campfire_upgraded":10,"win_rate":0.0,"timestamp":1612041076,"path_taken":["M","?","?","?","?","R","E","M","T","E","M","R","M","M","R","BOSS","M","?","?","$","M","R","E","R","T","?","$","M","R","M","R","BOSS","M","M","?","?","M","R","?","M","T","$","R","M","M","M","R","BOSS"],"items_purchased_type":["Relic","Relic","Relic","Relic"],"build_version":"2020-12-22","purchased_purges":3,"victory":true,"max_hp_per_floor":[75,75,75,75,75,75,75,75,75,75,75,75,75,75,75,75,75,75,75,75,75,75,75,75,75,82,82,82,82,82,82,82,82,82,82,82,92,92,92,92,92,92,92,92,92,92,92,92,92,92],"card_choices":[{"not_picked":["Rip and Tear","Sweeping Beam"],"picked":"Gash","floor":1},{"not_picked":["Hologram","Static Discharge"],"picked":"FTL","floor":4},{"not_picked":["Barrage","Stack"],"picked":"Conserve Battery","floor":7},{"not_picked":["Reprogram","Stack"],"picked":"Gash","floor":8},{"not_picked":["Compile Driver","Redo"],"picked":"Glacier","floor":10},{"not_picked":["Tempest","Capacitor"],"picked":"Go for the Eyes","floor":11},{"not_picked":["Hologram","Conserve Battery"],"picked":"Melter","floor":13},{"not_picked":["Beam Cell","Cold Snap"],"picked":"Leap","floor":14},{"not_picked":["Creative AI","Reboot"],"picked":"Machine Learning","floor":16},{"not_picked":["Cold Snap","Barrage"],"picked":"White Noise","floor":18},{"not_picked":["Redo+1","Ball Lightning"],"picked":"Capacitor+1","floor":22},{"not_picked":["Compile Driver+1","Aggregate"],"picked":"Reinforced Body+1","floor":24},{"not_picked":["Beam Cell","Stack"],"picked":"Genetic Algorithm","floor":27},{"not_picked":["Beam Cell","Gash"],"picked":"Reboot","floor":29},{"not_picked":["Coolheaded","Heatsinks","Go for the Eyes+1"],"picked":"SKIP","floor":31},{"not_picked":["Buffer","Fission"],"picked":"Amplify","floor":33},{"not_picked":["Compile Driver+1","Chaos+1","Gash"],"picked":"SKIP","floor":35},{"not_picked":["Streamline+1","Hologram+1"],"picked":"BootSequence","floor":36},{"not_picked":["Rip and Tear+1","Double Energy+1"],"picked":"Chill+1","floor":38},{"not_picked":["Steam","Streamline","Barrage+1"],"picked":"SKIP","floor":39},{"not_picked":["Cold Snap+1","Ball Lightning+1","Leap"],"picked":"SKIP","floor":42},{"not_picked":["Rainbow","Auto Shields+1"],"picked":"BootSequence+1","floor":46},{"not_picked":["Aggregate+1","Ball Lightning+1","Steam"],"picked":"SKIP","floor":47},{"not_picked":["Reinforced Body","Conserve Battery+1","Steam Power"],"picked":"SKIP","floor":48}],"player_experience":344937,"relics_obtained":[{"floor":7,"key":"Sundial"},{"floor":9,"key":"White Beast Statue"},{"floor":10,"key":"Oddly Smooth Stone"},{"floor":24,"key":"Eternal Feather"},{"floor":26,"key":"Strawberry"},{"floor":27,"key":"Lizard Tail"},{"floor":27,"key":"Letter Opener"},{"floor":43,"key":"Bottled Lightning"}],"event_choices":[{"damage_healed":0,"gold_gain":175,"player_choice":"AGREE","damage_taken":0,"max_hp_gain":0,"max_hp_loss":0,"event_name":"Liars Game","floor":2,"gold_loss":0,"cards_obtained":["Doubt"]},{"damage_healed":0,"gold_gain":0,"player_choice":"Box","damage_taken":0,"relics_obtained":["Bag of Marbles"],"max_hp_gain":0,"max_hp_loss":0,"event_name":"Big Fish","floor":3,"gold_loss":0,"cards_obtained":["Regret"]},{"cards_removed":["Regret"],"damage_healed":0,"gold_gain":0,"player_choice":"Card Removal","damage_taken":7,"max_hp_gain":0,"max_hp_loss":0,"event_name":"Golden Wing","floor":5,"gold_loss":0},{"damage_healed":0,"gold_gain":0,"player_choice":"Ignored","damage_taken":0,"max_hp_gain":0,"max_hp_loss":0,"event_name":"Ghosts","floor":19,"gold_loss":0},{"damage_healed":0,"gold_gain":0,"player_choice":"Opened","damage_taken":0,"relics_obtained":["Bag of Preparation"],"max_hp_gain":0,"max_hp_loss":0,"event_name":"The Mausoleum","floor":20,"gold_loss":0},{"damage_healed":0,"gold_gain":0,"player_choice":"Fight","damage_taken":0,"max_hp_gain":0,"max_hp_loss":0,"event_name":"Colosseum","floor":27,"gold_loss":0},{"damage_healed":0,"gold_gain":0,"player_choice":"Fought Nobs","damage_taken":0,"max_hp_gain":0,"max_hp_loss":0,"event_name":"Colosseum","floor":27,"gold_loss":0},{"cards_removed":["Multi-Cast"],"damage_healed":0,"gold_gain":0,"player_choice":"Offered Rare","damage_taken":0,"max_hp_gain":10,"max_hp_loss":0,"event_name":"Bonfire Elementals","floor":37,"gold_loss":0},{"damage_healed":0,"gold_gain":0,"player_choice":"Ignored","damage_taken":0,"max_hp_gain":0,"max_hp_loss":0,"event_name":"OrinTheCat","floor":41,"gold_loss":0}],"is_beta":false,"boss_relics":[{"not_picked":["Philosopher\u0027s Stone","Nuclear Battery"],"picked":"Pandora\u0027s Box"},{"not_picked":["Velvet Choker","SacredBark"],"picked":"Coffee Dripper"}],"items_purged_floors":[21,28,44],"is_endless":false,"potions_floor_spawned":[1,8,10,11,13,14,16,18,22,24,27,27,29,31,33,35,36,38,39,42,46,47,48],"ascension_level":0}}