{"host":"7xbu8gt067z192g2","time":1612049992,"event":{"mods":["BaseMod","Better Note","BetterRewards","Colored Map","Colored Powertips","Decade(???)","Googly Eyes","Highlight Path","Infinite Spire","Jorbs\u0027s Wanderer Trilogy","Minty Spire (QoL Compilation)","Rare Cards Sparkle","Replay The Spire","StSLib","The Bladedancer","The Bug Knight","The Construct","The Cursed","The Hierophant","The Valiant","The Wild Card"],"gold_per_floor":[118,132,145,161,161,190,190,190,190,200,200,200],"floor_reached":11,"language":"ENG","playtime":646,"items_purged":[],"score":75,"play_id":"4e1de19b-8c99-47e8-b449-62769f99a87a","local_time":"20210130183952","is_ascension_mode":false,"campfire_choices":[{"floor":8,"key":"REST"}],"circlet_count":0,"master_deck":["HollowMod:NailStrikeStart","HollowMod:NailStrikeStart","HollowMod:NailStrikeStart","HollowMod:QuickDashStart","HollowMod:QuickDashStart","HollowMod:QuickDashStart","HollowMod:FocusHealStart","HollowMod:PogoStrike","HollowMod:DreamGate","HollowMod:MantisMark","HollowMod:SharpenedShadows","HollowMod:VengefulVoid","HollowMod:DashSlash"],"relics":["HollowMod:VesselMask","Sundial","Du-Vu Doll"],"acts_visited":["Exordium"],"potions_floor_usage":[],"damage_taken":[{"damage":1,"enemies":"Cultist","floor":1,"turns":3},{"damage":13,"enemies":"2 Louse","floor":2,"turns":3},{"damage":0,"enemies":"Small Slimes","floor":3,"turns":2},{"damage":10,"enemies":"3 Louse","floor":4,"turns":2},{"damage":50,"enemies":"Lagavulin","floor":6,"turns":9},{"damage":20,"enemies":"Lots of Slimes","floor":10,"turns":5},{"damage":24,"enemies":"3 Sentries","floor":11,"turns":2}],"seed_played":"637538168787199814","potions_obtained":[{"floor":4,"key":"Ancient Potion"},{"floor":10,"key":"Venom Potion"}],"is_trial":false,"path_per_floor":["M","M","M","M","?","E","?","R","T","M","E"],"character_chosen":"THE_BUGKNIGHT","items_purchased":[],"campfire_rested":1,"item_purchase_floors":[],"current_hp_per_floor":[74,61,61,57,57,19,19,41,41,21,0,0],"gold":200,"neow_bonus":"RANDOM_EVENT","is_daily":false,"chose_seed":false,"campfire_upgraded":0,"win_rate":0.0,"timestamp":1612049992,"path_taken":["M","M","?","M","?","E","?","R","T","M","E"],"items_purchased_type":[],"build_version":"2020-12-22","purchased_purges":0,"victory":false,"max_hp_per_floor":[75,75,75,75,75,75,75,75,75,75,75,75],"card_choices":[{"not_picked":["HollowMod:FastStrike","HollowMod:FallenFury"],"picked":"HollowMod:MantisMark","floor":1},{"not_picked":["HollowMod:InfectionAssault","HollowMod:QuirrelsAssistance"],"picked":"HollowMod:SharpenedShadows","floor":2},{"not_picked":["HollowMod:CrystalDash","HollowMod:DreamGate","HollowMod:FastStrike"],"picked":"SKIP","floor":3},{"not_picked":["HollowMod:SoulSplash","HollowMod:SoulStrike"],"picked":"HollowMod:VengefulVoid","floor":4},{"not_picked":["HollowMod:SharpenedNail","HollowMod:SlysStrikes"],"picked":"HollowMod:DashSlash","floor":6},{"not_picked":["HollowMod:NewLittleFool","HollowMod:ChannelNail","HollowMod:LifebloodCocoon"],"picked":"SKIP","floor":10}],"player_experience":213605,"relics_obtained":[{"floor":6,"key":"Sundial"},{"floor":9,"key":"Du-Vu Doll"}],"event_choices":[{"damage_healed":0,"gold_gain":0,"cards_transformed":["HollowMod:QuickDashStart"],"player_choice":"Change","damage_taken":0,"max_hp_gain":0,"max_hp_loss":0,"event_name":"Living Wall","floor":0,"gold_loss":0,"cards_obtained":["HollowMod:DreamGate"]},{"damage_healed":0,"gold_gain":0,"player_choice":"Ignored","damage_taken":0,"max_hp_gain":0,"max_hp_loss":0,"event_name":"Liars Game","floor":7,"gold_loss":0}],"is_beta":false,"boss_relics":[],"items_purged_floors":[],"is_endless":false,"potions_floor_spawned":[4,10],"killed_by":"3 Sentries","ascension_level":0}}