{"host":"o7j6aatxjwpw1421","time":1612006613,"event":{"mods":["2.2 Compatiblity","AchievementEnabler","BaseMod","Colored Map","DeckTracker","Highlight Path","Keyboard Shortcuts","Minty Spire (QoL Compilation)","Permanent Neow","Quick Restart","StSLib","SuperFastMode","everything is the same but u backflip on backflip"],"gold_per_floor":[367,34,34,52,62,62,73,73,73,73,87,107,107,119,119,218,218,229,229,129,114,131,131,131],"floor_reached":23,"language":"KOR","playtime":731,"items_purged":["Strike_B","Strike_B+1"],"score":231,"play_id":"6b9ac923-c1f6-43fc-a4b7-e018b75834a2","local_time":"20210130203653","is_ascension_mode":true,"campfire_choices":[{"data":"Streamline","floor":6.0,"key":"SMITH"},{"data":"Zap","floor":8.0,"key":"SMITH"},{"data":"Dualcast","floor":13.0,"key":"SMITH"},{"data":"Panacea","floor":15.0,"key":"SMITH"}],"circlet_count":0,"master_deck":["Strike_B+1","Strike_B+1","Defend_B+1","Defend_B+1","Defend_B+1","Defend_B+1","Zap+1","Dualcast+1","Streamline+1","Panacea+1","Cold Snap","Heatsinks","Ball Lightning","Biased Cognition","CurseOfTheBell"],"relics":["Cracked Core","Singing Bowl","Ancient Tea Set","Calling Bell","MealTicket","White Beast Statue","Peace Pipe"],"acts_visited":["Exordium","TheCity"],"potions_floor_usage":[],"damage_taken":[{"damage":0.0,"enemies":"Small Slimes","floor":1.0,"turns":3.0},{"damage":1.0,"enemies":"Cultist","floor":4.0,"turns":3.0},{"damage":1.0,"enemies":"2 Louse","floor":5.0,"turns":2.0},{"damage":5.0,"enemies":"2 Fungi Beasts","floor":7.0,"turns":3.0},{"damage":1.0,"enemies":"Looter","floor":11.0,"turns":2.0},{"damage":0.0,"enemies":"Exordium Thugs","floor":12.0,"turns":3.0},{"damage":0.0,"enemies":"2 Fungi Beasts","floor":14.0,"turns":2.0},{"damage":34.0,"enemies":"The Guardian","floor":16.0,"turns":13.0},{"damage":11.0,"enemies":"3 Byrds","floor":18.0,"turns":5.0},{"damage":22,"enemies":"2 Thieves","floor":21,"turns":5},{"damage":27,"enemies":"Shelled Parasite and Fungi","floor":22,"turns":5},{"damage":39,"enemies":"Gremlin Leader","floor":23,"turns":4}],"seed_played":"1151342751363399868","potions_obtained":[{"floor":5.0,"key":"EssenceOfDarkness"},{"floor":7.0,"key":"BlessingOfTheForge"},{"floor":12.0,"key":"Block Potion"},{"floor":18.0,"key":"SteroidPotion"},{"floor":21,"key":"Swift Potion"}],"is_trial":false,"path_per_floor":["M","$","?","M","M","R","M","R","T","$","M","M","R","M","R","B",null,"M","?","$","M","M","E"],"character_chosen":"DEFECT","items_purchased":["Singing Bowl"],"campfire_rested":0,"item_purchase_floors":[2],"current_hp_per_floor":[68,68,68,69,68,68,63,63,63,63,64,66,66,68,68,34,66,57,57,72,52,27,0,0],"gold":131,"neow_bonus":"TWO_FIFTY_GOLD","is_daily":false,"chose_seed":false,"campfire_upgraded":4,"win_rate":0.0,"timestamp":1612006613,"path_taken":["M","$","?","M","M","R","M","R","T","?","M","M","R","M","R","BOSS","M","?","$","M","M","E"],"items_purchased_type":["Relic"],"build_version":"2020-12-22","purchased_purges":2,"victory":false,"max_hp_per_floor":[68,68,68,70,70,70,70,70,70,70,72,74,74,76,76,76,76,78,78,78,80,82,82,82],"card_choices":[{"not_picked":["Turbo","Consume"],"picked":"Streamline","floor":1.0},{"not_picked":["Beam Cell","Fusion","Redo"],"picked":"Singing Bowl","floor":4.0},{"not_picked":["Gash","Sweeping Beam"],"picked":"Heatsinks","floor":5.0},{"not_picked":["Coolheaded","Cold Snap"],"picked":"Ball Lightning","floor":7.0},{"not_picked":["BootSequence","Force Field","Reprogram"],"picked":"Singing Bowl","floor":11.0},{"not_picked":["Leap","Go for the Eyes","Streamline"],"picked":"Singing Bowl","floor":12.0},{"not_picked":["Leap","Coolheaded","Consume"],"picked":"Singing Bowl","floor":14.0},{"not_picked":["All For One","Machine Learning"],"picked":"Biased Cognition","floor":16.0},{"not_picked":["Beam Cell","Leap+1","Heatsinks"],"picked":"Singing Bowl","floor":18.0},{"not_picked":["Ball Lightning+1","Streamline","Chaos"],"picked":"Singing Bowl","floor":21},{"not_picked":["Sweeping Beam+1","Sunder","Barrage+1"],"picked":"Singing Bowl","floor":22}],"player_experience":647343,"relics_obtained":[{"floor":9.0,"key":"Ancient Tea Set"},{"floor":17.0,"key":"MealTicket"},{"floor":17.0,"key":"White Beast Statue"},{"floor":17.0,"key":"Peace Pipe"}],"event_choices":[{"damage_healed":0.0,"max_hp_gain":0.0,"max_hp_loss":0.0,"gold_gain":0.0,"event_name":"Match and Keep!","player_choice":"2 cards matched","floor":3.0,"gold_loss":0.0,"damage_taken":0.0,"cards_obtained":["Panacea","Cold Snap"]},{"damage_healed":0.0,"max_hp_gain":0.0,"max_hp_loss":0.0,"gold_gain":0.0,"event_name":"Back to Basics","player_choice":"Simplicity","floor":19.0,"gold_loss":0.0,"damage_taken":0.0,"cards_upgraded":["Strike_B","Strike_B","Strike_B","Defend_B","Defend_B","Defend_B","Defend_B"]}],"is_beta":false,"boss_relics":[{"not_picked":["Coffee Dripper","Sozu"],"picked":"Calling Bell"}],"items_purged_floors":[2,20],"is_endless":false,"potions_floor_spawned":[5,7,12,18,21,22],"killed_by":"Gremlin Leader","ascension_level":5}}