{"host":"39erygfi9n0tobyn","time":1612043171,"event":{"mods":["2.2 Compatiblity","BaseMod","Bestiary","Colored Map","Colored Powertips","Curses Come First","Highlight Path","Keyboard Shortcuts","Minty Spire (QoL Compilation)","Relic Stats","StSLib","SuperFastMode"],"gold_per_floor":[114,114,21,36,48,48,81,13,13,113,129,93,113,141,141,141,141],"floor_reached":16,"language":"ENG","playtime":1014,"items_purged":[],"score":116,"play_id":"a0b13789-1ccd-4968-9a4a-a6031c65c3c7","local_time":"20210130184611","is_ascension_mode":true,"campfire_choices":[{"data":"Metallicize","floor":6,"key":"SMITH"},{"floor":15,"key":"REST"}],"circlet_count":0,"master_deck":["Strike_R","Strike_R","Strike_R","Strike_R","Defend_R","Defend_R","Defend_R","Defend_R","Bash","Bloodletting","Dramatic Entrance","Twin Strike","Metallicize+1","Iron Wave","Inflame","Flame Barrier","Rupture","Clash","Iron Wave"],"relics":["Burning Blood","NeowsBlessing","Singing Bowl","Lantern","Smiling Mask"],"acts_visited":["Exordium"],"potions_floor_usage":[14,16],"damage_taken":[{"damage":0,"enemies":"Jaw Worm","floor":1,"turns":1},{"damage":0,"enemies":"Cultist","floor":4,"turns":1},{"damage":0,"enemies":"2 Louse","floor":5,"turns":1},{"damage":31,"enemies":"Gremlin Nob","floor":7,"turns":6},{"damage":8,"enemies":"Exordium Thugs","floor":11,"turns":5},{"damage":1,"enemies":"Large Slime","floor":13,"turns":6},{"damage":26,"enemies":"Lagavulin","floor":14,"turns":7},{"damage":96,"enemies":"Hexaghost","floor":16,"turns":16}],"seed_played":"-942963993560382255","potions_obtained":[{"floor":1,"key":"SkillPotion"},{"floor":7,"key":"FairyPotion"},{"floor":11,"key":"AttackPotion"}],"is_trial":false,"path_per_floor":["M","?","$","M","M","R","E","$","T","?","M","$","M","E","R","B"],"character_chosen":"IRONCLAD","items_purchased":["Dramatic Entrance","Inflame","Rupture"],"campfire_rested":1,"item_purchase_floors":[3,8,12],"current_hp_per_floor":[80,80,80,80,80,80,55,55,55,55,53,53,58,38,62,0,0],"gold":141,"neow_bonus":"THREE_ENEMY_KILL","is_daily":false,"chose_seed":false,"campfire_upgraded":1,"win_rate":0.0,"timestamp":1612043171,"path_taken":["M","?","?","M","?","R","E","$","T","?","M","$","M","E","R","BOSS"],"items_purchased_type":["Card","Card","Card"],"build_version":"2020-12-22","purchased_purges":0,"victory":false,"max_hp_per_floor":[80,80,80,80,80,80,80,80,80,80,80,80,80,80,80,80,80],"relic_stats":{"Singing Bowl":0,"counters":[8,43],"Smiling Mask":0,"obtain_stats":[{"Lantern":9,"NeowsBlessing":0,"Singing Bowl":7,"Smiling Mask":14,"Burning Blood":0},{"Lantern":4,"NeowsBlessing":0,"Singing Bowl":4,"Smiling Mask":7,"Burning Blood":0},{"Lantern":9,"NeowsBlessing":0,"Singing Bowl":9,"Smiling Mask":27,"Burning Blood":0}],"Burning Blood":24},"card_choices":[{"not_picked":["Heavy Blade","Uppercut"],"picked":"Bloodletting","floor":1},{"not_picked":["Perfected Strike","Headbutt"],"picked":"Twin Strike","floor":4},{"not_picked":["Barricade","Seeing Red"],"picked":"Metallicize","floor":5},{"not_picked":["Fire Breathing","Burning Pact"],"picked":"Iron Wave","floor":7},{"not_picked":["Twin Strike","Burning Pact"],"picked":"Flame Barrier","floor":11},{"not_picked":["Armaments","Headbutt"],"picked":"Clash","floor":13},{"not_picked":["True Grit","Body Slam"],"picked":"Iron Wave","floor":14}],"player_experience":78203,"relics_obtained":[{"floor":7,"key":"Singing Bowl"},{"floor":9,"key":"Lantern"},{"floor":14,"key":"Smiling Mask"}],"event_choices":[{"cards_removed":["Strike_R"],"damage_healed":0,"gold_gain":0,"player_choice":"Offered Basic","damage_taken":0,"max_hp_gain":0,"max_hp_loss":0,"event_name":"Bonfire Elementals","floor":2,"gold_loss":0},{"damage_healed":0,"gold_gain":100,"player_choice":"Gold","damage_taken":0,"max_hp_gain":0,"max_hp_loss":0,"event_name":"Wheel of Change","floor":10,"gold_loss":0}],"is_beta":false,"boss_relics":[],"items_purged_floors":[],"is_endless":false,"potions_floor_spawned":[1,7,11],"killed_by":"Hexaghost","ascension_level":1}}