{"host":"6qo42zgaknezulyg","time":1612018969,"event":{"mods":["2.2 Compatiblity","BaseMod","Faster Ascension Climbing","Keyboard Shortcuts","Minty Spire (QoL Compilation)","Permanent Neow","Quick Restart","StSLib","SuperFastMode","The Necromancer"],"gold_per_floor":[11,25,25,45,45,45,78,78,102,122,122,166,191,200,200,304,304,327,327,5,28,37,81,81,121,144,167,167,188,211,224,224,328,328,348,416,180,513,513,513,547,547,547,557,26,79,97,122,122,122,122],"floor_reached":52,"language":"ENG","playtime":2178,"items_purged":["Vampiric_Strike"],"score":1935,"play_id":"c3dd8d44-dae7-44a6-a4cd-ecbc435f3365","local_time":"20210131000249","is_ascension_mode":true,"campfire_choices":[{"data":"Plague_Bolt","floor":6.0,"key":"SMITH"},{"data":"Scare","floor":8.0,"key":"SMITH"},{"data":"Blood_Shield","floor":11.0,"key":"SMITH"},{"floor":15.0,"key":"REST"},{"floor":24.0,"key":"REST"},{"floor":28.0,"key":"REST"},{"data":"Blood_Wake","floor":32.0,"key":"SMITH"},{"data":"Stop_Heart","floor":40.0,"key":"SMITH"},{"data":"Grasp_Heart","floor":42.0,"key":"SMITH"},{"data":"Hellfire","floor":49,"key":"SMITH"}],"circlet_count":0,"master_deck":["AscendersBane","Defend_W","Defend_W","Defend_W","Defend_W","Negative_Energy_Arrows+1","Bone_Wall","Siphon_Strength","Plague_Bolt+1","Blood_Shield+1","Scare+1","Violent_Necrosis","Summon_Undead","Hellfire+1","Cloudkill","Blood_Shield+1","Stop_Heart+1","Spectral_Walk+1","Blood_Wake+1","Requiem","Grasp_Heart+1","Stop_Heart+1","Hellfire+1","Scare+1"],"relics":["Vampire_Amulet","Ancient Tea Set","CeramicFish","Matryoshka","Snecko Eye","The Courier","Bottled Lightning","Membership Card","Pantograph","Happy Flower","Blood Vial","Strawberry","Regal Pillow","Anchor","Philosopher\u0027s Stone","InkBottle","Bag of Preparation","Shuriken","Du-Vu Doll","Incense Burner","Centennial Puzzle","Art of War","Vajra","DollysMirror","Whetstone","Potion Belt","Sundial","Ice Cream"],"acts_visited":["Exordium","TheCity","TheBeyond"],"potions_floor_usage":[51,51,51],"damage_taken":[{"damage":0.0,"enemies":"Small Slimes","floor":1.0,"turns":3.0},{"damage":0.0,"enemies":"Jaw Worm","floor":2.0,"turns":3.0},{"damage":0.0,"enemies":"Cultist","floor":4.0,"turns":2.0},{"damage":26.0,"enemies":"Gremlin Nob","floor":7.0,"turns":4.0},{"damage":5.0,"enemies":"Blue Slaver","floor":10.0,"turns":4.0},{"damage":8.0,"enemies":"Lagavulin","floor":12.0,"turns":5.0},{"damage":11.0,"enemies":"Red Slaver","floor":13.0,"turns":5.0},{"damage":15.0,"enemies":"Hexaghost","floor":16.0,"turns":9.0},{"damage":14.0,"enemies":"2 Thieves","floor":18.0,"turns":5.0},{"damage":0.0,"enemies":"Chosen","floor":21.0,"turns":3.0},{"damage":62.0,"enemies":"Slavers","floor":23.0,"turns":6.0},{"damage":16.0,"enemies":"Book of Stabbing","floor":25.0,"turns":4.0},{"damage":7.0,"enemies":"Snake Plant","floor":27.0,"turns":3.0},{"damage":0.0,"enemies":"3 Cultists","floor":29.0,"turns":4.0},{"damage":1.0,"enemies":"Centurion and Healer","floor":30.0,"turns":5.0},{"damage":16.0,"enemies":"Chosen and Byrds","floor":31.0,"turns":5.0},{"damage":40.0,"enemies":"Automaton","floor":33.0,"turns":7.0},{"damage":7.0,"enemies":"3 Shapes","floor":35.0,"turns":4.0},{"damage":6.0,"enemies":"Reptomancer","floor":41.0,"turns":3.0},{"damage":1.0,"enemies":"3 Darklings","floor":44.0,"turns":2.0},{"damage":10.0,"enemies":"2 Orb Walkers","floor":46.0,"turns":4.0},{"damage":3.0,"enemies":"Jaw Worm Horde","floor":47.0,"turns":2.0},{"damage":7,"enemies":"Writhing Mass","floor":48,"turns":5},{"damage":30,"enemies":"Time Eater","floor":50,"turns":6},{"damage":38,"enemies":"Donu and Deca","floor":51,"turns":5}],"seed_played":"-7655801445899789273","potions_obtained":[{"floor":2.0,"key":"FearPotion"},{"floor":10.0,"key":"Swift Potion"},{"floor":25.0,"key":"Strength Potion"},{"floor":27.0,"key":"SkillPotion"},{"floor":33.0,"key":"SmokeBomb"},{"floor":41.0,"key":"DuplicationPotion"}],"is_trial":false,"path_per_floor":["M","M","?","M","?","R","E","R","T","M","R","E","M","?","R","B",null,"M","T","$","M","?","E","R","E","T","M","R","M","M","M","R","B",null,"M","T","$","?","?","R","E","R","T","M","$","?","M","M","R","B","B",null],"character_chosen":"NECROMANCER","items_purchased":["Membership Card","Pantograph","Happy Flower","Strength Potion","Grasp_Heart","Bag of Preparation","Shuriken","Centennial Puzzle","Art of War","Vajra","DollysMirror","Whetstone","Potion Belt","Sundial","Energy Potion","FairyPotion"],"campfire_rested":3,"item_purchase_floors":[20,20,20,20,37,37,37,45,45,45,45,45,45,45,45,45],"current_hp_per_floor":[70,71,47,51,44,44,22,22,22,19,19,16,10,10,31,32,61,53,53,53,58,58,15,36,43,43,42,78,78,78,66,66,52,72,75,75,75,75,75,75,78,78,78,78,78,71,76,73,73,50,43],"gold":122,"neow_bonus":"TRANSFORM_TWO_CARDS","is_daily":false,"chose_seed":true,"campfire_upgraded":7,"win_rate":0.0,"timestamp":1612018969,"path_taken":["M","M","?","M","?","R","E","R","T","M","R","E","M","?","R","BOSS","M","?","$","M","?","E","R","E","T","M","R","M","M","M","R","BOSS","M","?","$","?","?","R","E","R","T","M","$","?","M","M","R","BOSS","BOSS"],"items_purchased_type":["Relic","Relic","Relic","Potion","Card","Relic","Relic","Relic","Relic","Relic","Relic","Relic","Relic","Relic","Potion","Potion"],"build_version":"2020-12-22","purchased_purges":1,"victory":true,"max_hp_per_floor":[71,71,71,71,71,71,71,71,71,71,71,71,71,71,71,71,71,71,71,71,71,71,71,71,78,78,78,78,78,78,78,78,78,78,78,78,78,78,78,78,78,78,78,78,78,78,78,78,78,78,78],"card_choices":[{"not_picked":["Death_Coil","Acid_Javelin"],"picked":"Necrotic_Claws","floor":1.0},{"not_picked":["Negative_Energy_Shield","Death_March_Dance"],"picked":"Plague_Bolt","floor":2.0},{"not_picked":["Strike_from_Beyond","Necrotic_Claws"],"picked":"Blood_Shield","floor":4.0},{"not_picked":["Finger_Of_Death","Blood_Shield"],"picked":"Scare","floor":7.0},{"not_picked":["Thousand_Bone_Knives","Toxic_Smoke_Screen","Bone_Armor"],"picked":"SKIP","floor":10.0},{"not_picked":["Necrotic_Claws","Death_Coil"],"picked":"Violent_Necrosis","floor":12.0},{"not_picked":["Toxic_Smoke_Screen","Negative_Energy_Sphere","Shackles_Of_Pain"],"picked":"SKIP","floor":13.0},{"not_picked":["Detonate_Bones","Blood_Magic"],"picked":"Hellfire","floor":16.0},{"not_picked":["Negative_Energy_Javelin+1","Negative_Energy_Mist","Blood_Curse"],"picked":"SKIP","floor":18.0},{"not_picked":["Life_Tap","Negative_Energy_Burst"],"picked":"Cloudkill","floor":21.0},{"not_picked":["Bone_Armor","Uncharnel"],"picked":"Stop_Heart","floor":23.0},{"not_picked":["Death_March_Dance","Scare","Life_Drain"],"picked":"SKIP","floor":25.0},{"not_picked":["Consume_Illness","Summon_Undead"],"picked":"Spectral_Walk+1","floor":27.0},{"not_picked":["Bone_Spikes","Negative_Energy_Mist","Negative_Energy_Javelin+1"],"picked":"SKIP","floor":29.0},{"not_picked":["Chill_Blood","Bone_Armory+1"],"picked":"Blood_Wake","floor":30.0},{"not_picked":["Bones_to_Steel","Death_Coil","Necrotic_Claws"],"picked":"SKIP","floor":31.0},{"not_picked":["Cloudkill","Detonate_Bones"],"picked":"Requiem","floor":33.0},{"not_picked":["Blood_Is_Power","Vampiric_Strike+1","Scare"],"picked":"SKIP","floor":35.0},{"not_picked":["Vampiric_Strike","Bone_Bullets"],"picked":"Stop_Heart+1","floor":41.0},{"not_picked":["Thousand_Bone_Knives","Vampiric_Strike","Bone_Spikes"],"picked":"SKIP","floor":44.0},{"not_picked":["Summon_Lich+1","Thousand_Bone_Knives","Scare"],"picked":"SKIP","floor":47.0},{"not_picked":["Bone_Armory+1","Negative_Energy_Bomb"],"picked":"Scare+1","floor":48}],"player_experience":732469,"relics_obtained":[{"floor":7.0,"key":"Ancient Tea Set"},{"floor":9.0,"key":"CeramicFish"},{"floor":12.0,"key":"Matryoshka"},{"floor":19.0,"key":"The Courier"},{"floor":19.0,"key":"Bottled Lightning"},{"floor":23.0,"key":"Blood Vial"},{"floor":25.0,"key":"Strawberry"},{"floor":26.0,"key":"Regal Pillow"},{"floor":26.0,"key":"Anchor"},{"floor":36.0,"key":"InkBottle"},{"floor":41.0,"key":"Du-Vu Doll"},{"floor":43.0,"key":"Incense Burner"},{"floor":46.0,"key":"Ice Cream"}],"event_choices":[{"damage_healed":0.0,"max_hp_gain":0.0,"max_hp_loss":0.0,"gold_gain":0.0,"event_name":"Golden Idol","player_choice":"Take Damage","floor":3.0,"gold_loss":0.0,"damage_taken":24.0,"relics_obtained":["Golden Idol"]},{"cards_removed":["Strike_W"],"damage_healed":0.0,"max_hp_gain":0.0,"max_hp_loss":0.0,"gold_gain":0.0,"event_name":"Golden Wing","player_choice":"Card Removal","floor":5.0,"gold_loss":0.0,"damage_taken":7.0},{"damage_healed":0.0,"max_hp_gain":0.0,"max_hp_loss":0.0,"gold_gain":0.0,"cards_transformed":["Strike_W"],"event_name":"Transmorgrifier","player_choice":"Transformed","floor":14.0,"gold_loss":0.0,"damage_taken":0.0,"cards_obtained":["Summon_Undead"]},{"damage_healed":0.0,"max_hp_gain":0.0,"max_hp_loss":0.0,"gold_gain":0.0,"event_name":"Duplicator","player_choice":"Copied","floor":22.0,"gold_loss":0.0,"damage_taken":0.0,"cards_obtained":["Blood_Shield"]},{"damage_healed":0.0,"max_hp_gain":0.0,"max_hp_loss":0.0,"gold_gain":333.0,"event_name":"The Moai Head","player_choice":"Gave Idol","floor":38.0,"relics_lost":["Golden Idol"],"gold_loss":0.0,"damage_taken":0.0},{"cards_removed":["Necrotic_Claws"],"damage_healed":0.0,"max_hp_gain":0.0,"max_hp_loss":0.0,"gold_gain":0.0,"event_name":"Falling","player_choice":"Removed Attack","floor":39.0,"gold_loss":0.0,"damage_taken":0.0},{"damage_healed":0.0,"max_hp_gain":0.0,"max_hp_loss":0.0,"gold_gain":0.0,"event_name":"Mysterious Sphere","player_choice":"Fight","floor":46.0,"gold_loss":0.0,"damage_taken":0.0}],"is_beta":false,"boss_relics":[{"not_picked":["Empty Cage","Astrolabe"],"picked":"Snecko Eye"},{"not_picked":["Black Star","Coffee Dripper"],"picked":"Philosopher\u0027s Stone"}],"items_purged_floors":[37],"is_endless":false,"potions_floor_spawned":[2,10,25,27,29,33,41,44],"ascension_level":20}}