{"host":"2hea6pl5vmah38iy","time":1612034537,"event":{"mods":["AchievementEnabler","BaseMod","Colored Map","DeckTracker","Keyboard Shortcuts","Minty Spire (QoL Compilation)","Rare Cards Sparkle","StSLib","SuperFastMode","everything is the same but u backflip on backflip"],"gold_per_floor":[360,435,6,18,34,34,48,59,59,71,82,107,107,140,140,215,215,232,2,13,33,48,77,77,108,108,108,53,87,100,118,118,192,192,211,211,229,248,273,273,17,17,97,97,112,142,157,171,171,171,171],"floor_reached":50,"language":"KOR","playtime":2731,"items_purged":["Defend_G","Strike_G"],"score":1256,"play_id":"e7d93eed-9a14-42e3-873e-011aec4c3f5d","local_time":"20210131042217","is_ascension_mode":true,"campfire_choices":[{"data":"Skewer","floor":6.0,"key":"SMITH"},{"data":"Strike_G","floor":13.0,"key":"PURGE"},{"data":"Strike_G","floor":15.0,"key":"PURGE"},{"data":"Strike_G","floor":24.0,"key":"PURGE"},{"data":"Well Laid Plans","floor":32.0,"key":"SMITH"},{"data":"Strike_G","floor":40.0,"key":"PURGE"},{"data":"Phantasmal Killer","floor":42.0,"key":"SMITH"},{"floor":49.0,"key":"RECALL"}],"circlet_count":0,"master_deck":["AscendersBane","Defend_G","Survivor","Neutralize","Backstab","Blur","Skewer+1","Terror","Blade Dance+1","Accuracy","Skewer","Reflex+1","Well Laid Plans+1","Phantasmal Killer+1","Escape Plan","PiercingWail","Footwork+1","Grand Finale","Acrobatics+1","Cloak And Dagger","Malaise","Footwork+1","Heel Hook+1","Dagger Throw+1","Dodge and Roll","Night Terror","Wraith Form v2"],"relics":["Ring of the Snake","Chemical X","Peace Pipe","Turnip","Gambling Chip","Coffee Dripper","ClockworkSouvenir","Omamori","War Paint","Matryoshka","Bag of Marbles","Bottled Lightning","Astrolabe","Meat on the Bone","Kunai","FossilizedHelix","Regal Pillow","PreservedInsect"],"acts_visited":["Exordium","TheCity","TheBeyond"],"potions_floor_usage":[50,50],"damage_taken":[{"damage":4.0,"enemies":"Small Slimes","floor":1.0,"turns":4.0},{"damage":0.0,"enemies":"Jaw Worm","floor":4.0,"turns":3.0},{"damage":0.0,"enemies":"Cultist","floor":5.0,"turns":2.0},{"damage":0.0,"enemies":"2 Fungi Beasts","floor":7.0,"turns":2.0},{"damage":0.0,"enemies":"Blue Slaver","floor":8.0,"turns":1.0},{"damage":0.0,"enemies":"Red Slaver","floor":10.0,"turns":1.0},{"damage":0.0,"enemies":"3 Louse","floor":11.0,"turns":2.0},{"damage":2.0,"enemies":"3 Sentries","floor":12.0,"turns":6.0},{"damage":0.0,"enemies":"Gremlin Nob","floor":14.0,"turns":2.0},{"damage":2.0,"enemies":"Slime Boss","floor":16.0,"turns":6.0},{"damage":11.0,"enemies":"2 Thieves","floor":18.0,"turns":2.0},{"damage":0.0,"enemies":"Spheric Guardian","floor":20.0,"turns":2.0},{"damage":0.0,"enemies":"Snecko","floor":21.0,"turns":2.0},{"damage":0.0,"enemies":"Centurion and Healer","floor":22.0,"turns":4.0},{"damage":45.0,"enemies":"Book of Stabbing","floor":23.0,"turns":6.0},{"damage":12.0,"enemies":"Slavers","floor":25.0,"turns":4.0},{"damage":12.0,"enemies":"Book of Stabbing","floor":29.0,"turns":4.0},{"damage":0.0,"enemies":"Snake Plant","floor":30.0,"turns":3.0},{"damage":1.0,"enemies":"Cultist and Chosen","floor":31.0,"turns":4.0},{"damage":0.0,"enemies":"Automaton","floor":33.0,"turns":6.0},{"damage":5.0,"enemies":"3 Darklings","floor":35.0,"turns":5.0},{"damage":0.0,"enemies":"3 Shapes","floor":37.0,"turns":5.0},{"damage":5.0,"enemies":"Writhing Mass","floor":38.0,"turns":5.0},{"damage":0.0,"enemies":"Mind Bloom Boss Battle","floor":39.0,"turns":2.0},{"damage":0.0,"enemies":"Transient","floor":45.0,"turns":6.0},{"damage":2.0,"enemies":"Giant Head","floor":46.0,"turns":5.0},{"damage":0.0,"enemies":"Maw","floor":47.0,"turns":4.0},{"damage":0.0,"enemies":"Jaw Worm Horde","floor":48.0,"turns":2.0},{"damage":38,"enemies":"Time Eater","floor":50,"turns":7}],"seed_played":"7676300340771619919","potions_obtained":[{"floor":5.0,"key":"LiquidMemories"},{"floor":7.0,"key":"PowerPotion"},{"floor":14.0,"key":"Regen Potion"},{"floor":21.0,"key":"FairyPotion"},{"floor":29.0,"key":"BlessingOfTheForge"},{"floor":31.0,"key":"LiquidBronze"},{"floor":35.0,"key":"Dexterity Potion"},{"floor":46.0,"key":"DistilledChaos"},{"floor":48.0,"key":"GamblersBrew"}],"is_trial":false,"path_per_floor":["M","?","$","M","M","R","M","M","T","M","M","E","R","E","R","B",null,"M","$","M","M","M","E","R","E","T","?","?","E","M","M","R","B",null,"M","T","M","M","?","R","$","R","T","?","M","E","M","M","R","B"],"character_chosen":"THE_SILENT","items_purchased":["Blur","Skewer","Chemical X","Terror","ClockworkSouvenir","PiercingWail","Night Terror"],"campfire_rested":0,"item_purchase_floors":[3,3,3,3,19,19,41],"current_hp_per_floor":[55,44,44,44,44,44,44,44,44,44,44,42,42,42,42,40,55,44,44,44,44,44,4,4,18,18,18,18,6,6,5,5,5,46,41,41,41,36,36,36,36,36,36,36,36,34,34,34,34,0,0],"gold":171,"neow_bonus":"TWO_FIFTY_GOLD","is_daily":false,"chose_seed":false,"campfire_upgraded":3,"win_rate":0.0,"timestamp":1612034537,"path_taken":["M","?","?","M","?","R","M","M","T","M","M","E","R","E","R","BOSS","M","$","?","M","M","E","R","E","T","?","?","E","M","M","R","BOSS","M","?","M","?","?","R","$","R","T","?","M","E","M","M","R","BOSS"],"items_purchased_type":["Card","Card","Relic","Card","Relic","Card","Card"],"build_version":"2020-12-22","purchased_purges":2,"victory":false,"max_hp_per_floor":[60,60,60,60,60,60,60,60,60,60,60,60,60,60,60,60,60,60,60,60,60,60,60,60,60,60,60,60,60,60,60,60,60,60,60,60,60,60,60,60,60,60,60,60,60,60,60,60,60,60,60],"card_choices":[{"not_picked":["Sucker Punch","Slice"],"picked":"Backstab","floor":1.0},{"not_picked":["Endless Agony","Deflect","Prepared"],"picked":"SKIP","floor":4.0},{"not_picked":["Poisoned Stab","Corpse Explosion"],"picked":"Blade Dance","floor":5.0},{"not_picked":["Underhanded Strike","Quick Slash"],"picked":"Accuracy","floor":7.0},{"not_picked":["Dodge and Roll","Quick Slash"],"picked":"Skewer","floor":8.0},{"not_picked":["Skewer","Slice"],"picked":"Reflex","floor":10.0},{"not_picked":["Dagger Spray","Distraction"],"picked":"Well Laid Plans","floor":11.0},{"not_picked":["Distraction","Poisoned Stab","Reflex"],"picked":"SKIP","floor":12.0},{"not_picked":["Catalyst","Corpse Explosion","Dagger Spray"],"picked":"SKIP","floor":14.0},{"not_picked":["Envenom","Glass Knife"],"picked":"Phantasmal Killer","floor":16.0},{"not_picked":["Riddle With Holes","Underhanded Strike"],"picked":"Escape Plan","floor":18.0},{"not_picked":["Prepared","Well Laid Plans","Outmaneuver"],"picked":"SKIP","floor":20.0},{"not_picked":["Dagger Spray","Outmaneuver"],"picked":"Footwork+1","floor":21.0},{"not_picked":["Slice","Prepared","Crippling Poison+1"],"picked":"SKIP","floor":22.0},{"not_picked":["Catalyst","Accuracy","Die Die Die"],"picked":"SKIP","floor":23.0},{"not_picked":["Infinite Blades","Outmaneuver"],"picked":"Grand Finale","floor":25.0},{"not_picked":["Dagger Throw","Flechettes"],"picked":"Acrobatics+1","floor":29.0},{"not_picked":["Concentrate","Blade Dance","Bane"],"picked":"SKIP","floor":30.0},{"not_picked":["Blur","Crippling Poison"],"picked":"Cloak And Dagger","floor":31.0},{"not_picked":["Tools of the Trade","Burst"],"picked":"Malaise","floor":33.0},{"not_picked":["Bane","Flechettes","Riddle With Holes+1"],"picked":"SKIP","floor":35.0},{"not_picked":["Finisher","Dodge and Roll","Dagger Spray"],"picked":"SKIP","floor":37.0},{"not_picked":["Finisher","Dagger Spray"],"picked":"Dodge and Roll","floor":37.0},{"not_picked":["Well Laid Plans","Setup+1"],"picked":"Escape Plan","floor":38.0},{"not_picked":["Dagger Spray","Dagger Throw","PiercingWail+1"],"picked":"SKIP","floor":45.0},{"not_picked":["Storm of Steel","Dagger Throw"],"picked":"Wraith Form v2","floor":46.0},{"not_picked":["Heel Hook","Underhanded Strike","Bouncing Flask"],"picked":"SKIP","floor":47.0},{"not_picked":["Predator","Prepared","Accuracy"],"picked":"SKIP","floor":48.0}],"player_experience":541836,"relics_obtained":[{"floor":9.0,"key":"Peace Pipe"},{"floor":12.0,"key":"Turnip"},{"floor":14.0,"key":"Gambling Chip"},{"floor":23.0,"key":"Omamori"},{"floor":25.0,"key":"War Paint"},{"floor":26.0,"key":"Matryoshka"},{"floor":29.0,"key":"Bottled Lightning"},{"floor":36.0,"key":"Meat on the Bone"},{"floor":36.0,"key":"Kunai"},{"floor":39.0,"key":"FossilizedHelix"},{"floor":43.0,"key":"Regal Pillow"},{"floor":46.0,"key":"PreservedInsect"}],"event_choices":[{"damage_healed":0.0,"max_hp_gain":0.0,"max_hp_loss":0.0,"gold_gain":75.0,"event_name":"World of Goop","player_choice":"Gather Gold","floor":2.0,"gold_loss":0.0,"damage_taken":11.0},{"damage_healed":0.0,"max_hp_gain":0.0,"max_hp_loss":0.0,"gold_gain":0.0,"event_name":"Cursed Tome","player_choice":"Ignored","floor":27.0,"gold_loss":0.0,"damage_taken":0.0},{"damage_healed":0.0,"max_hp_gain":0.0,"max_hp_loss":0.0,"gold_gain":0.0,"event_name":"WeMeetAgain","player_choice":"Paid Gold","floor":28.0,"gold_loss":55.0,"damage_taken":0.0,"relics_obtained":["Bag of Marbles"]},{"damage_healed":0.0,"max_hp_gain":0.0,"max_hp_loss":0.0,"gold_gain":0.0,"event_name":"MindBloom","player_choice":"Fight","floor":39.0,"gold_loss":0.0,"damage_taken":0.0},{"cards_removed":["Escape Plan"],"damage_healed":0.0,"max_hp_gain":0.0,"max_hp_loss":0.0,"gold_gain":0.0,"event_name":"Falling","player_choice":"Removed Skill","floor":44.0,"gold_loss":0.0,"damage_taken":0.0}],"is_beta":false,"boss_relics":[{"not_picked":["SlaversCollar","Empty Cage"],"picked":"Coffee Dripper"},{"not_picked":["Black Star","Tiny House"],"picked":"Astrolabe"}],"items_purged_floors":[3,41],"is_endless":false,"potions_floor_spawned":[5,7,11,14,21,22,29,31,35,37,39,46,48],"killed_by":"Time Eater","ascension_level":18}}