{"host":"l60rmjjsfi0fipmi","time":1612040245,"event":{"mods":["BaseMod","Colored Map","DeckTracker","Downfall","Highlight Path","Minty Spire (QoL Compilation)","StSLib"],"gold_per_floor":[99,109,129,129,129,229,229,257,257,257,274,274,7,26,36,36,36,36],"floor_reached":16,"language":"ENG","playtime":1247,"items_purged":[],"score":125,"play_id":"2065fb31-4a18-435c-95dc-41a022e4f9c6","local_time":"20210130155725","is_ascension_mode":false,"campfire_choices":[{"data":"Slimebound:CorrosiveSpit","floor":1,"key":"SMITH"},{"data":"Slimebound:Split","floor":9,"key":"SMITH"},{"data":"Slimebound:FlameTackle","floor":12,"key":"SMITH"}],"circlet_count":0,"master_deck":["Slimebound:Strike_Slimebound","Slimebound:Strike_Slimebound","Slimebound:Strike_Slimebound","Slimebound:Tackle","Slimebound:Defend_Slimebound","Slimebound:Defend_Slimebound","Slimebound:Defend_Slimebound","Slimebound:Defend_Slimebound","Slimebound:Split+1","Slimebound:CorrosiveSpit+1","Slimebound:Nibble","Slimebound:Schlurp","Slimebound:SplitLeeching","Slimebound:FlameTackle+1","Slimebound:LevelUp","Slimebound:ViciousTackle","Slimebound:ProtectTheBoss"],"relics":["Slimebound:AbsorbEndCombat","Smiling Mask","downfall:BrokenWingStatue","Dream Catcher","Pear","Bottled Lightning"],"acts_visited":["Exordium"],"potions_floor_usage":[],"damage_taken":[{"damage":3,"enemies":"2 Louse","floor":2,"turns":2},{"damage":10,"enemies":"Small Slimes","floor":3,"turns":4},{"damage":28,"enemies":"Lagavulin","floor":8,"turns":8},{"damage":0,"enemies":"Jaw Worm","floor":11,"turns":4},{"damage":3,"enemies":"downfall:FleeingMerchant","floor":13,"turns":4},{"damage":3,"enemies":"Blue Slaver","floor":14,"turns":3},{"damage":6,"enemies":"Exordium Wildlife","floor":15,"turns":3},{"damage":63,"enemies":"SI_SHIV_ARCHETYPE","floor":16,"turns":8}],"seed_played":"-493914563398858760","potions_obtained":[{"floor":3,"key":"Weak Potion"},{"floor":8,"key":"LiquidMemories"},{"floor":11,"key":"DuplicationPotion"}],"is_trial":false,"path_per_floor":["R","M","M","?","?","?","T","E","R","?","M","R","$","M","M","B"],"character_chosen":"SLIMEBOUND","items_purchased":["Bottled Lightning"],"campfire_rested":0,"item_purchase_floors":[13],"current_hp_per_floor":[71,70,64,52,52,52,52,42,42,42,46,46,49,50,50,0,0,0],"gold":36,"neow_bonus":"TEN_PERCENT_HP_BONUS","is_daily":false,"chose_seed":false,"campfire_upgraded":3,"win_rate":0.0,"timestamp":1612040245,"path_taken":["R","M","M","?","?","?","T","E","R","?","M","R","$","?","M","BOSS"],"items_purchased_type":["Relic"],"build_version":"2020-12-22","purchased_purges":0,"victory":false,"max_hp_per_floor":[71,71,71,71,71,71,71,81,81,81,81,81,81,81,81,81,81,81],"card_choices":[{"not_picked":["Slimebound:SlimeSpikes","Slimebound:BestDefense"],"picked":"Slimebound:Nibble","floor":2},{"not_picked":["Slimebound:DisruptingSlam","Slimebound:Prepare"],"picked":"Slimebound:Schlurp","floor":3},{"not_picked":["Slimebound:BestDefense","Slimebound:SlimeSpikes"],"picked":"Slimebound:SplitLeeching","floor":8},{"not_picked":["Slimebound:SlimeSpikes","Slimebound:Schlurp"],"picked":"Slimebound:FlameTackle","floor":11},{"not_picked":["Slimebound:LeechingTouch","Slimebound:ItLooksTasty"],"picked":"Slimebound:LevelUp","floor":13},{"not_picked":["Slimebound:Dissolve","Slimebound:ItLooksTasty"],"picked":"Slimebound:ViciousTackle","floor":14},{"not_picked":["Slimebound:SplitAcid","Slimebound:SplitBruiser"],"picked":"Slimebound:ProtectTheBoss","floor":15}],"player_experience":664928,"relics_obtained":[{"floor":7,"key":"Dream Catcher"},{"floor":8,"key":"Pear"}],"event_choices":[{"damage_healed":0,"gold_gain":0,"player_choice":"Success","damage_taken":12,"relics_obtained":["Smiling Mask"],"max_hp_gain":0,"max_hp_loss":0,"event_name":"Scrap Ooze","floor":4,"gold_loss":0}],"is_beta":false,"boss_relics":[],"items_purged_floors":[],"is_endless":false,"potions_floor_spawned":[3,8,11,15],"killed_by":"SI_SHIV_ARCHETYPE","ascension_level":0}}