{"host":"cijwx898anu8dehj","time":1612039607,"event":{"mods":["AchievementEnabler","AlwaysNeverKeys","BaseMod","Colored Map","Colored Powertips","Highlight Path","Minty Spire (QoL Compilation)","Rare Cards Sparkle","Relic Stats","Slay-I"],"gold_per_floor":[114,129,129,129,144,144,174,189,239,239,269,284,384,414,414,514,514,529,529,544,559,584,614,614,614,664,664,694,709,359,359,359,459,509,524,79,111,111,111],"floor_reached":38,"language":"ENG","playtime":2483,"items_purged":["Defend_R","Defend_R"],"score":605,"play_id":"bd6d82e5-8994-4d36-a844-237871312c18","local_time":"20210130184647","daily_mods":["Specialized","Colorless Cards","Terminal"],"is_ascension_mode":false,"campfire_choices":[{"data":"Flame Barrier","floor":6.0,"key":"SMITH"},{"data":"Uppercut","floor":10.0,"key":"SMITH"},{"data":"Clothesline","floor":15,"key":"SMITH"},{"data":"Armaments","floor":25,"key":"SMITH"},{"data":"Bash","floor":27,"key":"SMITH"},{"floor":32,"key":"DIG"}],"circlet_count":0,"master_deck":["Defend_R","Defend_R","Bash+1","Flame Barrier","Flame Barrier","Flame Barrier","Flame Barrier+1","Uppercut+1","Clothesline+1","Twin Strike","Flex+1","Cleave","Wild Strike","Warcry","The Bomb","Warcry","Clothesline","Armaments+1","Whirlwind+1","Bite","Bite","Bite","Bite","Bite","Carnage","Iron Wave+1","Trip","Warcry+1","Apotheosis"],"relics":["Burning Blood","Potion Belt","Smiling Mask","Juzu Bracelet","HornCleat","PreservedInsect","Coffee Dripper","Bag of Preparation","Charon\u0027s Ashes","Strawberry","Pear","Shovel","Tiny Chest","Vajra","Tiny House","Membership Card","Bronze Scales","Red Skull","Gambling Chip"],"acts_visited":["Exordium","TheCity","TheBeyond"],"potions_floor_usage":[14,16,20,28,28,33,33,33,33,33,33],"damage_taken":[{"damage":0.0,"enemies":"Cultist","floor":1.0,"turns":5.0},{"damage":0.0,"enemies":"Jaw Worm","floor":2.0,"turns":4.0},{"damage":0.0,"enemies":"Small Slimes","floor":5.0,"turns":4.0},{"damage":0.0,"enemies":"3 Sentries","floor":7.0,"turns":12.0},{"damage":1.0,"enemies":"Exordium Wildlife","floor":8.0,"turns":6.0},{"damage":17,"enemies":"Lagavulin","floor":11,"turns":6},{"damage":0,"enemies":"Blue Slaver","floor":12,"turns":3},{"damage":0,"enemies":"Gremlin Nob","floor":14,"turns":3},{"damage":0,"enemies":"Hexaghost","floor":16,"turns":9},{"damage":0,"enemies":"3 Byrds","floor":18,"turns":2},{"damage":0,"enemies":"Shell Parasite","floor":20,"turns":6},{"damage":36,"enemies":"Cultist and Chosen","floor":21,"turns":8},{"damage":0,"enemies":"Book of Stabbing","floor":23,"turns":4},{"damage":8,"enemies":"Gremlin Leader","floor":28,"turns":6},{"damage":9,"enemies":"Sentry and Sphere","floor":29,"turns":4},{"damage":14,"enemies":"Champ","floor":33,"turns":13},{"damage":7,"enemies":"3 Shapes","floor":35,"turns":2},{"damage":49,"enemies":"2 Orb Walkers","floor":37,"turns":5},{"damage":16,"enemies":"3 Darklings","floor":38,"turns":1}],"seed_played":"-828330817948855686","potions_obtained":[{"floor":2.0,"key":"AttackPotion"},{"floor":8.0,"key":"CultistPotion"},{"floor":11,"key":"EntropicBrew"},{"floor":12,"key":"SteroidPotion"},{"floor":19,"key":"Explosive Potion"},{"floor":19,"key":"SneckoOil"},{"floor":19,"key":"SmokeBomb"},{"floor":21,"key":"SkillPotion"},{"floor":28,"key":"Energy Potion"},{"floor":29,"key":"Dexterity Potion"},{"floor":34,"key":"Ancient Potion"},{"floor":35,"key":"Swift Potion"}],"is_trial":false,"path_per_floor":["M","M","?","?","M","R","E","M","T","R","E","M","?","E","R","B",null,"M","?","M","M","T","E","?","R","T","R","E","M","$","T","R","B",null,"M","$","?","M"],"character_chosen":"IRONCLAD","items_purchased":["Shovel","Membership Card","Bronze Scales","Red Skull","Apotheosis"],"campfire_rested":0,"item_purchase_floors":[30,36,36,36,36],"current_hp_per_floor":[78,77,81,80,79,78,77,76,75,74,63,69,69,70,69,68,67,66,65,64,34,34,40,40,40,46,45,54,51,51,51,50,45,53,52,51,14,0,0],"gold":111,"neow_bonus":"","is_daily":true,"chose_seed":false,"campfire_upgraded":5,"win_rate":0.0,"timestamp":1612039607,"path_taken":["M","M","?","?","M","R","E","?","T","R","E","M","?","E","R","BOSS","M","?","M","M","?","E","?","R","T","R","E","M","$","?","R","BOSS","M","$","?","M"],"items_purchased_type":["Relic","Relic","Relic","Relic","Card"],"build_version":"2020-12-22","purchased_purges":2,"victory":false,"max_hp_per_floor":[78,77,81,80,79,78,77,76,75,74,73,72,71,70,69,68,67,66,65,64,63,62,61,41,40,46,45,54,53,52,51,50,49,53,52,51,50,50,50],"relic_stats":{"Shovel":1,"counters":[19,103],"Bronze Scales":[27],"Gambling Chip":[2],"Tiny Chest":0,"PreservedInsect":85,"Charon\u0027s Ashes":[42],"Juzu Bracelet":1,"Bag of Preparation":[14],"Smiling Mask":25,"obtain_stats":[{"Potion Belt":4,"Pear":28,"Tiny House":34,"Vajra":32,"PreservedInsect":14,"Charon\u0027s Ashes":23,"Juzu Bracelet":9,"Bag of Preparation":22,"Smiling Mask":7,"Burning Blood":0,"HornCleat":11,"Shovel":30,"Strawberry":26,"Bronze Scales":36,"Gambling Chip":37,"Tiny Chest":31,"Coffee Dripper":17,"Membership Card":36,"Red Skull":36},{"Potion Belt":2,"Pear":14,"Tiny House":16,"Vajra":15,"PreservedInsect":8,"Charon\u0027s Ashes":13,"Juzu Bracelet":5,"Bag of Preparation":12,"Smiling Mask":4,"Burning Blood":0,"HornCleat":6,"Shovel":15,"Strawberry":13,"Bronze Scales":17,"Gambling Chip":18,"Tiny Chest":15,"Coffee Dripper":9,"Membership Card":17,"Red Skull":17},{"Potion Belt":9,"Pear":78,"Tiny House":95,"Vajra":82,"PreservedInsect":43,"Charon\u0027s Ashes":72,"Juzu Bracelet":31,"Bag of Preparation":68,"Smiling Mask":25,"Burning Blood":0,"HornCleat":37,"Shovel":82,"Strawberry":72,"Bronze Scales":97,"Gambling Chip":102,"Tiny Chest":82,"Coffee Dripper":52,"Membership Card":97,"Red Skull":97}],"Burning Blood":55},"card_choices":[{"not_picked":["Pommel Strike","Flex"],"picked":"Uppercut","floor":1.0},{"not_picked":["Pummel","Searing Blow"],"picked":"Clothesline","floor":2.0},{"not_picked":["Body Slam","Hemokinesis","Headbutt"],"picked":"SKIP","floor":5.0},{"not_picked":["Thunderclap","Panacea"],"picked":"Twin Strike","floor":7.0},{"not_picked":["Headbutt","Mind Blast"],"picked":"Flex","floor":8.0},{"not_picked":["Armaments","Panacea"],"picked":"Cleave","floor":11},{"not_picked":["Ghostly Armor","Flash of Steel"],"picked":"Wild Strike","floor":12},{"not_picked":["Hemokinesis","True Grit"],"picked":"Warcry","floor":14},{"not_picked":["Berserk","Master of Strategy"],"picked":"The Bomb","floor":16},{"not_picked":["Inflame","Clothesline"],"picked":"Warcry","floor":18},{"not_picked":["Clash","Searing Blow+1"],"picked":"Clothesline","floor":20},{"not_picked":["Heavy Blade","Whirlwind"],"picked":"Armaments","floor":21},{"not_picked":["Juggernaut","Uppercut+1"],"picked":"Whirlwind+1","floor":23},{"not_picked":["Ghostly Armor","Searing Blow+1"],"picked":"Carnage","floor":28},{"not_picked":["Warcry","Flame Barrier"],"picked":"Iron Wave+1","floor":29},{"not_picked":["Cleave","Clash"],"picked":"Trip","floor":34},{"not_picked":["Impatience+1","Body Slam"],"picked":"Warcry+1","floor":35}],"player_experience":1084220,"relics_obtained":[{"floor":7.0,"key":"Smiling Mask"},{"floor":9.0,"key":"Juzu Bracelet"},{"floor":11,"key":"HornCleat"},{"floor":14,"key":"PreservedInsect"},{"floor":22,"key":"Bag of Preparation"},{"floor":23,"key":"Charon\u0027s Ashes"},{"floor":26,"key":"Strawberry"},{"floor":28,"key":"Pear"},{"floor":31,"key":"Tiny Chest"},{"floor":32,"key":"Vajra"},{"floor":37,"key":"Gambling Chip"}],"event_choices":[{"damage_healed":0.0,"max_hp_gain":5.0,"max_hp_loss":0.0,"gold_gain":0.0,"event_name":"Big Fish","player_choice":"Donut","floor":3.0,"gold_loss":0.0,"damage_taken":0.0},{"cards_removed":["Flame Barrier"],"damage_healed":0.0,"max_hp_gain":0.0,"max_hp_loss":0.0,"gold_gain":0.0,"event_name":"WeMeetAgain","player_choice":"Gave Card","floor":4.0,"gold_loss":0.0,"damage_taken":0.0,"relics_obtained":["Potion Belt"]},{"damage_healed":0,"gold_gain":100,"player_choice":"Pray","damage_taken":0,"max_hp_gain":0,"max_hp_loss":0,"event_name":"Golden Shrine","floor":13,"gold_loss":0},{"damage_healed":0,"gold_gain":0,"player_choice":"Got Potions","damage_taken":0,"max_hp_gain":0,"max_hp_loss":0,"event_name":"Lab","floor":19,"gold_loss":0},{"damage_healed":0,"gold_gain":0,"player_choice":"Became a vampire","damage_taken":0,"max_hp_gain":0,"max_hp_loss":19,"event_name":"Vampires","floor":24,"gold_loss":0,"cards_obtained":["Bite","Bite","Bite","Bite","Bite"]},{"damage_healed":0,"gold_gain":0,"player_choice":"Fight","damage_taken":0,"max_hp_gain":0,"max_hp_loss":0,"event_name":"Mysterious Sphere","floor":37,"gold_loss":0}],"is_beta":false,"boss_relics":[{"not_picked":["Calling Bell","Runic Dome"],"picked":"Coffee Dripper"},{"not_picked":["SacredBark","Busted Crown"],"picked":"Tiny House"}],"items_purged_floors":[30,36],"is_endless":false,"potions_floor_spawned":[2,8,11,12,21,28,29,35,37],"killed_by":"3 Darklings","ascension_level":0}}