{"host":"kxbvub3a5s21lqnr","time":1612014986,"event":{"mods":["Bard","BaseMod","Dota2Spire","Minty Spire (QoL Compilation)","MostiFishMod","Reimu£®≤©¿ˆ¡È√Œ£©","Remilia£®¿Ÿ√◊¿Ú—«£©","StSLib","The Cursed","The Hierophant","Yakumo Yukari mod","Youmu£®ªÍ∆«—˝√Œ£©","Yuyuko"],"gold_per_floor":[113,113,125,125,141,176,176,187,187,212,243,243,255,286,286,383,383,397,414,91,110,125,160,160,174,174,134,163,163,192,208,208,308,308,326,341,341,341,341,341,371,371,418,445,465,465,465,168,168,168],"floor_reached":51,"language":"ZHS","playtime":1593,"items_purged":["Pain","MostiFishMod:VineMother"],"score":1376,"play_id":"ca9e8395-eca7-4a71-b2e4-3e3f7a8e44b8","local_time":"20210130215626","is_ascension_mode":true,"campfire_choices":[{"data":"MostiFishMod:VineMother","floor":7.0,"key":"SMITH"},{"data":"MostiFishMod:Confrontation","floor":15.0,"key":"SMITH"},{"floor":32,"key":"RECALL"},{"data":"Riddle With Holes","floor":40,"key":"SMITH"},{"data":"ZunPunch:ReiMu","floor":42,"key":"SMITH"},{"data":"Bullet Time","floor":46,"key":"SMITH"},{"data":"Acrobatics","floor":49,"key":"SMITH"}],"circlet_count":0,"master_deck":["Strike_G","Strike_G","Strike_G","Strike_G","Strike_G","Defend_G","Survivor","Neutralize","Dash+1","Dagger Throw","MostiFishMod:PreservedThorns","MostiFishMod:VineMother+1","Cloak And Dagger","Backflip","MostiFishMod:Confrontation+1","Well Laid Plans","MostiFishMod:SpreadingSpore","Finisher+1","Outmaneuver","Reflex","PiercingWail","Backstab","Caltrops+1","ZunPunch:ReiMu+1","Poisoned Stab+1","Bullet Time+1","Riddle With Holes+1","MostiFishMod:InvigoratingSolution","MostiFishMod:Wind","Dagger Spray","Backflip","Expertise+1","Expertise+1","Acrobatics+1","Outmaneuver"],"relics":["Ring of the Snake","DaveBox","NeowsBlessing","EGODaCapo","SynthV:TestCard","Bag of Marbles","Dota2Spire:EtherealBlade","Boot","ArrowTower","WarpedTongs","Strawberry","Busted Crown","Dota2Spire:AghanimScepter","Dota2Spire:ArcaneBoots","Mummified Hand","StrikeDummy","Regal Pillow","FeatherPendant","HornCleat","PreservedInsect","Pantograph","Bag of Preparation"],"acts_visited":["Exordium","TheCity","TheBeyond"],"potions_floor_usage":[21,23,33,41,41,50],"damage_taken":[{"damage":0.0,"enemies":"2 Louse","floor":1.0,"turns":1.0},{"damage":0.0,"enemies":"Cultist","floor":3.0,"turns":1.0},{"damage":0.0,"enemies":"Jaw Worm","floor":5.0,"turns":1.0},{"damage":0.0,"enemies":"3 Sentries","floor":6.0,"turns":2.0},{"damage":0.0,"enemies":"Exordium Thugs","floor":8.0,"turns":3.0},{"damage":0.0,"enemies":"Gremlin Nob","floor":11.0,"turns":3.0},{"damage":0.0,"enemies":"3 Louse","floor":13.0,"turns":1.0},{"damage":2.0,"enemies":"Lagavulin","floor":14.0,"turns":4.0},{"damage":4,"enemies":"Hexaghost","floor":16,"turns":7},{"damage":3,"enemies":"2 Thieves","floor":18,"turns":3},{"damage":6,"enemies":"Spheric Guardian","floor":19,"turns":4},{"damage":0,"enemies":"Snecko","floor":21,"turns":4},{"damage":0,"enemies":"Chosen and Byrds","floor":22,"turns":3},{"damage":0,"enemies":"Slavers","floor":23,"turns":2},{"damage":0,"enemies":"Snake Plant","floor":25,"turns":3},{"damage":0,"enemies":"Gremlin Leader","floor":28,"turns":3},{"damage":0,"enemies":"Slavers","floor":30,"turns":3},{"damage":0,"enemies":"Shelled Parasite and Fungi","floor":31,"turns":2},{"damage":0,"enemies":"Collector","floor":33,"turns":5},{"damage":6,"enemies":"3 Shapes","floor":35,"turns":2},{"damage":0,"enemies":"Orb Walker","floor":36,"turns":2},{"damage":0,"enemies":"Giant Head","floor":41,"turns":1},{"damage":0,"enemies":"Reptomancer","floor":44,"turns":1},{"damage":1,"enemies":"Maw","floor":45,"turns":3},{"damage":3,"enemies":"Awakened One","floor":50,"turns":5}],"seed_played":"340322625123130375","potions_obtained":[{"floor":3.0,"key":"PowerPotion"},{"floor":6.0,"key":"Regen Potion"},{"floor":13.0,"key":"Dota2Spire:HealingSalve"},{"floor":14.0,"key":"ZuzhouPotion:ReiMu"},{"floor":18,"key":"LiquidMemories"},{"floor":22,"key":"PowerPotion"},{"floor":31,"key":"Swift Potion"},{"floor":33,"key":"LiquidBronze"},{"floor":35,"key":"PowerPotion"},{"floor":36,"key":"Strength Potion"},{"floor":41,"key":"Dota2Spire:Clarity"}],"is_trial":false,"path_per_floor":["M","?","M","$","M","E","R","M","T","T","E","?","M","E","R","B",null,"M","M","$","M","M","E","?","M","T","?","E","?","E","M","R","B",null,"M","M","?","?","?","R","E","R","T","E","M","R","?","$","R","B",null],"character_chosen":"THE_SILENT","items_purchased":["Dota2Spire:AghanimScepter","Bag of Preparation","Outmaneuver"],"campfire_rested":0,"item_purchase_floors":[20,48,48],"current_hp_per_floor":[70,70,70,70,70,70,70,70,70,70,70,70,70,75,75,71,77,75,71,71,77,77,77,77,77,77,77,77,77,77,77,77,77,77,71,71,71,71,71,71,71,71,71,71,70,70,70,70,70,73],"gold":168,"neow_bonus":"THREE_ENEMY_KILL","is_daily":false,"chose_seed":false,"campfire_upgraded":6,"win_rate":0.0,"timestamp":1612014986,"path_taken":["M","?","M","?","M","E","R","?","T","?","E","?","M","E","R","BOSS","M","M","$","?","M","E","?","?","T","?","E","?","E","M","R","BOSS","M","M","?","?","?","R","E","R","T","E","M","R","?","$","R","BOSS"],"items_purchased_type":["Relic","Relic","Card"],"build_version":"2020-12-22","purchased_purges":2,"victory":true,"max_hp_per_floor":[70,70,70,70,70,70,70,70,70,70,70,70,70,77,77,77,77,77,77,77,77,77,77,77,77,77,77,77,77,77,77,77,77,77,77,77,77,77,73,73,73,73,73,73,73,73,73,73,73,73],"card_choices":[{"not_picked":["Bane","Sucker Punch"],"picked":"Dash","floor":1.0},{"not_picked":["Poisoned Stab","MostiFishMod:PerfectParry","Leg Sweep","Heel Hook"],"picked":"Dagger Throw","floor":3.0},{"not_picked":["Outmaneuver","Night Terror","Expertise","Noxious Fumes"],"picked":"MostiFishMod:PreservedThorns","floor":5.0},{"not_picked":["Choke","Crippling Poison","Distraction","Bane"],"picked":"MostiFishMod:VineMother","floor":6.0},{"not_picked":["Eviscerate","Calculated Gamble","Infinite Blades","Endless Agony"],"picked":"Cloak And Dagger","floor":8.0},{"not_picked":["Prepared","Bouncing Flask","Tactician","Sucker Punch"],"picked":"Backflip","floor":11.0},{"not_picked":["Dash","Bane","Flying Knee","Blur"],"picked":"MostiFishMod:Confrontation","floor":13.0},{"not_picked":["MostiFishMod:PerfectParry","Slice","Underhanded Strike","Distraction"],"picked":"Well Laid Plans","floor":14.0},{"not_picked":["MostiFishMod:Neurotoxin","Corpse Explosion","MostiFishMod:GrandStart","Storm of Steel"],"picked":"MostiFishMod:SpreadingSpore","floor":16},{"not_picked":["Outmaneuver","Caltrops"],"picked":"Finisher+1","floor":18},{"not_picked":["Deflect","Reflex"],"picked":"Outmaneuver","floor":19},{"not_picked":["Underhanded Strike","Blade Dance"],"picked":"Reflex","floor":21},{"not_picked":["Footwork+1","Underhanded Strike+1"],"picked":"PiercingWail","floor":22},{"not_picked":["Skewer","Blade Dance"],"picked":"Backstab","floor":23},{"not_picked":["Poisoned Stab","Tactician"],"picked":"Caltrops+1","floor":25},{"not_picked":["Flying Knee+1","Slice+1"],"picked":"Poisoned Stab+1","floor":28},{"not_picked":["Escape Plan","Accuracy+1"],"picked":"MostiFishMod:InvigoratingSolution","floor":30},{"not_picked":["MostiFishMod:InvigoratingSolution","Slice"],"picked":"MostiFishMod:Wind","floor":31},{"not_picked":["MostiFishMod:Listen","Unload"],"picked":"A Thousand Cuts","floor":33},{"not_picked":["Flying Knee+1","Blade Dance"],"picked":"Dagger Spray","floor":35},{"not_picked":["MostiFishMod:PoisonShield","Caltrops+1"],"picked":"Backflip","floor":36},{"not_picked":["Leg Sweep","Poisoned Stab"],"picked":"Expertise+1","floor":41},{"not_picked":["Dagger Throw","Catalyst"],"picked":"Expertise+1","floor":44},{"not_picked":["Deflect","Sucker Punch"],"picked":"Acrobatics","floor":45}],"player_experience":87844,"relics_obtained":[{"floor":1.0,"key":"SynthV:TestCard"},{"floor":6.0,"key":"Bag of Marbles"},{"floor":9.0,"key":"Dota2Spire:EtherealBlade"},{"floor":10.0,"key":"Boot"},{"floor":11.0,"key":"ArrowTower"},{"floor":14.0,"key":"Strawberry"},{"floor":23,"key":"Dota2Spire:ArcaneBoots"},{"floor":26,"key":"Mummified Hand"},{"floor":28,"key":"StrikeDummy"},{"floor":30,"key":"Regal Pillow"},{"floor":41,"key":"HornCleat"},{"floor":43,"key":"PreservedInsect"},{"floor":44,"key":"Pantograph"}],"event_choices":[{"damage_healed":0.0,"max_hp_gain":0.0,"max_hp_loss":0.0,"gold_gain":0.0,"event_name":"Upgrade Shrine","player_choice":"Upgraded","floor":2.0,"gold_loss":0.0,"damage_taken":0.0,"cards_upgraded":["Dash"]},{"damage_healed":0.0,"max_hp_gain":0.0,"max_hp_loss":0.0,"gold_gain":0.0,"event_name":"Accursed Blacksmith","player_choice":"Rummage","floor":12.0,"gold_loss":0.0,"damage_taken":0.0,"relics_obtained":["WarpedTongs"],"cards_obtained":["Pain"]},{"cards_removed":["Defend_G"],"damage_healed":0,"gold_gain":0,"player_choice":"Card Removal","damage_taken":0,"max_hp_gain":0,"max_hp_loss":0,"event_name":"Wheel of Change","floor":24,"gold_loss":0},{"damage_healed":0,"gold_gain":0,"player_choice":"Ωª≥ˆ…Òæ∆","damage_taken":0,"max_hp_gain":0,"max_hp_loss":0,"event_name":"ZunEvent","floor":27,"relics_lost":["ZunR:ReiMu"],"gold_loss":0,"cards_obtained":["ZunPunch:ReiMu"]},{"damage_healed":0,"gold_gain":0,"cards_transformed":["Defend_G","Defend_G"],"player_choice":"Became Test Subject","damage_taken":0,"max_hp_gain":0,"max_hp_loss":0,"event_name":"Drug Dealer","floor":29,"gold_loss":0,"cards_obtained":["Bullet Time","Riddle With Holes"]},{"cards_removed":["A Thousand Cuts"],"damage_healed":0,"gold_gain":0,"player_choice":"Removed Power","damage_taken":0,"max_hp_gain":0,"max_hp_loss":0,"event_name":"Falling","floor":37,"gold_loss":0},{"damage_healed":0,"gold_gain":0,"player_choice":"Max HP","damage_taken":0,"max_hp_gain":0,"max_hp_loss":4,"event_name":"Winding Halls","floor":39,"gold_loss":0},{"damage_healed":0,"gold_gain":0,"cards_transformed":["Defend_G"],"player_choice":"Transformed","damage_taken":0,"max_hp_gain":0,"max_hp_loss":0,"event_name":"Transmorgrifier","floor":47,"gold_loss":0,"cards_obtained":["MostiFishMod:VineMother"]}],"is_beta":false,"boss_relics":[{"not_picked":["Velvet Choker","Empty Cage"],"picked":"Busted Crown"},{"not_picked":["JellyFishMachine","Cursed Key"],"picked":"FeatherPendant"}],"items_purged_floors":[20,48],"is_endless":false,"potions_floor_spawned":[3,6,13,14,18,19,22,31,33,35,36,41],"ascension_level":2}}