{"host":"yn8qackkbxgt4nh1","time":1612009379,"event":{"mods":["BaseMod","Colored Map","Colored Powertips","DeckTracker","Minty Spire (QoL Compilation)","SuperFastMode"],"gold_per_floor":[110,110,124,140,155,155,170,170,243,243,276,276,351,351,351,425,425,440,82,98,111,125,125,125],"floor_reached":23,"language":"KOR","playtime":899,"items_purged":["Strike_R"],"score":376,"play_id":"d6f04067-57ad-42fb-a63b-8c27ebe5b428","local_time":"20210130212259","is_ascension_mode":true,"campfire_choices":[{"data":"Armaments","floor":6,"key":"SMITH"},{"floor":8,"key":"REST"},{"data":"Demon Form","floor":10,"key":"SMITH"},{"floor":12,"key":"REST"},{"data":"Offering","floor":15,"key":"SMITH"}],"circlet_count":0,"master_deck":["AscendersBane","Strike_R","Strike_R","Strike_R","Defend_R","Defend_R","Defend_R","Defend_R","Bash","Offering+1","Twin Strike","Dual Wield","Armaments+1","Thunderclap","Demon Form+1","Impervious","Dropkick","Shrug It Off","Warcry"],"relics":["Burning Blood","Pear","FossilizedHelix","Runic Pyramid","Kunai"],"acts_visited":["Exordium","TheCity"],"potions_floor_usage":[11,11,21],"damage_taken":[{"damage":8,"enemies":"Jaw Worm","floor":1,"turns":3},{"damage":7,"enemies":"2 Louse","floor":3,"turns":3},{"damage":15,"enemies":"Small Slimes","floor":4,"turns":3},{"damage":20,"enemies":"2 Fungi Beasts","floor":5,"turns":5},{"damage":9,"enemies":"Blue Slaver","floor":7,"turns":3},{"damage":33,"enemies":"Lagavulin","floor":11,"turns":6},{"damage":29,"enemies":"The Guardian","floor":16,"turns":8},{"damage":12,"enemies":"Spheric Guardian","floor":18,"turns":7},{"damage":14,"enemies":"Shell Parasite","floor":20,"turns":5},{"damage":15,"enemies":"Chosen and Byrds","floor":21,"turns":4},{"damage":48,"enemies":"Snecko","floor":22,"turns":10},{"damage":35,"enemies":"Gremlin Leader","floor":23,"turns":3}],"seed_played":"1033165957695202207","potions_obtained":[{"floor":3,"key":"CultistPotion"},{"floor":7,"key":"Strength Potion"},{"floor":16,"key":"ColorlessPotion"},{"floor":20,"key":"Swift Potion"},{"floor":22,"key":"FearPotion"}],"is_trial":false,"path_per_floor":["M","?","M","M","M","R","M","R","T","R","E","R","?","?","R","B",null,"M","$","M","M","M","E"],"character_chosen":"IRONCLAD","items_purchased":["Kunai"],"campfire_rested":2,"item_purchase_floors":[19],"current_hp_per_floor":[66,66,65,56,42,42,39,61,71,71,44,69,58,58,58,35,73,67,67,59,50,8,0,0],"gold":125,"neow_bonus":"ONE_RANDOM_RARE_CARD","is_daily":false,"chose_seed":false,"campfire_upgraded":3,"win_rate":0.0,"timestamp":1612009379,"path_taken":["M","?","M","M","M","R","M","R","T","R","E","R","?","?","R","BOSS","M","$","M","M","M","E"],"items_purchased_type":["Relic"],"build_version":"2020-12-22","purchased_purges":1,"victory":false,"max_hp_per_floor":[75,75,75,75,75,75,75,75,85,85,85,85,85,85,85,85,85,85,85,85,85,85,85,85],"card_choices":[{"not_picked":["Headbutt","Body Slam"],"picked":"Twin Strike","floor":1},{"not_picked":["Havoc","Feel No Pain"],"picked":"Armaments","floor":3},{"not_picked":["True Grit","Heavy Blade"],"picked":"Thunderclap","floor":4},{"not_picked":["Combust","Rampage","Iron Wave"],"picked":"SKIP","floor":5},{"not_picked":["Reckless Charge","Heavy Blade"],"picked":"Demon Form","floor":7},{"not_picked":["Iron Wave","Brutality","Flex"],"picked":"SKIP","floor":11},{"not_picked":["Fiend Fire","Juggernaut"],"picked":"Impervious","floor":16},{"not_picked":["Headbutt","Flame Barrier","Perfected Strike"],"picked":"SKIP","floor":18},{"not_picked":["Metallicize","Wild Strike"],"picked":"Dropkick","floor":20},{"not_picked":["Warcry","Armaments"],"picked":"Shrug It Off","floor":21},{"not_picked":["Clothesline+1","Perfected Strike"],"picked":"Warcry","floor":22}],"player_experience":712612,"relics_obtained":[{"floor":9,"key":"Pear"},{"floor":11,"key":"FossilizedHelix"}],"event_choices":[{"damage_healed":0,"gold_gain":0,"cards_transformed":["Strike_R"],"player_choice":"Change","damage_taken":0,"max_hp_gain":0,"max_hp_loss":0,"event_name":"Living Wall","floor":2,"gold_loss":0,"cards_obtained":["Dual Wield"]},{"damage_healed":0,"gold_gain":75,"player_choice":"Gather Gold","damage_taken":11,"max_hp_gain":0,"max_hp_loss":0,"event_name":"World of Goop","floor":13,"gold_loss":0},{"damage_healed":0,"gold_gain":0,"player_choice":"Ignored","damage_taken":0,"max_hp_gain":0,"max_hp_loss":0,"event_name":"Liars Game","floor":14,"gold_loss":0}],"is_beta":false,"boss_relics":[{"not_picked":["Coffee Dripper","Runic Dome"],"picked":"Runic Pyramid"}],"items_purged_floors":[19],"is_endless":false,"potions_floor_spawned":[3,7,16,20,22],"killed_by":"Gremlin Leader","ascension_level":19}}