{"host":"6xsbn6ynqlzwllfm","time":1612032197,"event":{"mods":["2.2 Compatiblity","BaseMod","Bestiary","Colored Map","Colored Powertips","Curses Come First","Highlight Path","Keyboard Shortcuts","Minty Spire (QoL Compilation)","Relic Stats","Slay the Relics Exporter","StSLib","SuperFastMode"],"gold_per_floor":[110,123,123,198,178,205,224,244,295,260,285,297,338,361,373,456,468,491,521,533,564,576,588,611,623,635,647,759,771,799,830,842,925,937,963,989,599,611,98,98,108,108,108,128,147,147,147],"floor_reached":46,"language":"ENG","playtime":1097,"items_purged":["Strike_P+1","Strike_P+1"],"score":1013,"play_id":"bd54da80-9ad2-47dc-a640-d707dbceb537","local_time":"20210130134317","is_ascension_mode":true,"campfire_choices":[{"data":"CrushJoints","floor":15.0,"key":"SMITH"},{"floor":23.0,"key":"REST"},{"data":"WheelKick","floor":25.0,"key":"SMITH"},{"data":"SandsOfTime","floor":27.0,"key":"SMITH"},{"floor":32.0,"key":"REST"},{"data":"Fasting2","floor":40,"key":"SMITH"}],"circlet_count":0,"master_deck":["AscendersBane","Strike_P+1","Strike_P+1","Defend_P+1","Defend_P+1","Defend_P+1","Defend_P+1","Eruption","Vigilance","Vengeance","WheelKick+1","ThirdEye","CrushJoints+1","Blasphemy","SandsOfTime+1","Wallop","Fasting2+1"],"relics":["Busted Crown","StrikeDummy","Akabeko","MawBank","Shuriken","Omamori","Runic Pyramid","CloakClasp","Unceasing Top","Darkstone Periapt","Snecko Eye","Sling","Pen Nib","Thread and Needle","Dead Branch"],"acts_visited":["Exordium","TheCity","TheBeyond"],"potions_floor_usage":[46,46],"damage_taken":[{"damage":0.0,"enemies":"2 Louse","floor":1.0,"turns":3.0},{"damage":0.0,"enemies":"Jaw Worm","floor":2.0,"turns":3.0},{"damage":6.0,"enemies":"Gremlin Nob","floor":6.0,"turns":3.0},{"damage":0.0,"enemies":"Cultist","floor":7.0,"turns":2.0},{"damage":1.0,"enemies":"Blue Slaver","floor":8.0,"turns":2.0},{"damage":0.0,"enemies":"Lagavulin","floor":11.0,"turns":5.0},{"damage":3.0,"enemies":"Gremlin Nob","floor":13.0,"turns":3.0},{"damage":1.0,"enemies":"3 Louse","floor":14.0,"turns":3.0},{"damage":24.0,"enemies":"The Guardian","floor":16.0,"turns":3.0},{"damage":19.0,"enemies":"3 Byrds","floor":18.0,"turns":3.0},{"damage":9.0,"enemies":"Shell Parasite","floor":19.0,"turns":2.0},{"damage":14.0,"enemies":"Snake Plant","floor":21.0,"turns":2.0},{"damage":2.0,"enemies":"Snecko","floor":24.0,"turns":3.0},{"damage":14.0,"enemies":"Colosseum Slavers","floor":28.0,"turns":4.0},{"damage":9.0,"enemies":"Colosseum Nobs","floor":28.0,"turns":2.0},{"damage":2.0,"enemies":"Shelled Parasite and Fungi","floor":30.0,"turns":2.0},{"damage":0.0,"enemies":"Chosen and Byrds","floor":31.0,"turns":2.0},{"damage":19.0,"enemies":"Collector","floor":33.0,"turns":4.0},{"damage":17.0,"enemies":"3 Shapes","floor":35.0,"turns":2.0},{"damage":0,"enemies":"3 Darklings","floor":36,"turns":2},{"damage":11,"enemies":"Writhing Mass","floor":38,"turns":5},{"damage":7,"enemies":"4 Shapes","floor":41,"turns":2},{"damage":0,"enemies":"Spire Growth","floor":44,"turns":2},{"damage":0,"enemies":"Writhing Mass","floor":45,"turns":2},{"damage":40,"enemies":"Giant Head","floor":46,"turns":4}],"seed_played":"-545227794326567786","potions_obtained":[{"floor":1.0,"key":"DuplicationPotion"},{"floor":2.0,"key":"LiquidBronze"},{"floor":8.0,"key":"Strength Potion"},{"floor":19.0,"key":"Dexterity Potion"},{"floor":21.0,"key":"GamblersBrew"},{"floor":33.0,"key":"Dexterity Potion"},{"floor":44,"key":"FearPotion"}],"is_trial":false,"path_per_floor":["M","M","?","?","?","E","M","M","T","?","E","?","E","M","R","B",null,"M","M","$","M","?","R","M","R","T","R","?","?","M","M","R","B",null,"M","M","$","M","$","R","M","?","T","M","M","E"],"character_chosen":"WATCHER","items_purchased":["Sling","Pen Nib","Fasting2","Thread and Needle"],"campfire_rested":2,"item_purchase_floors":[37,37,39,39],"current_hp_per_floor":[61,61,66,55,55,49,49,48,48,66,66,55,52,51,51,27,62,43,34,34,20,20,41,39,39,39,39,16,16,14,14,35,16,59,42,42,42,31,31,31,24,24,24,24,24,0,0],"gold":147,"neow_bonus":"BOSS_RELIC","is_daily":false,"chose_seed":false,"campfire_upgraded":4,"win_rate":0.0,"timestamp":1612032197,"path_taken":["M","M","?","?","?","E","M","?","T","?","E","?","E","M","R","BOSS","M","M","$","M","?","R","M","R","T","R","?","?","?","M","R","BOSS","M","M","$","M","$","R","M","?","T","M","?","E"],"items_purchased_type":["Relic","Relic","Card","Relic"],"build_version":"2020-12-22","purchased_purges":2,"victory":false,"max_hp_per_floor":[68,68,73,73,73,73,73,73,73,73,73,73,73,73,73,73,73,73,73,73,73,73,73,73,73,73,73,73,73,73,73,73,73,73,73,73,73,73,73,73,73,73,73,73,73,73,73],"relic_stats":{"Darkstone Periapt":0,"Busted Crown":48,"counters":[25,70],"Shuriken":[15],"Dead Branch":[6],"Snecko Eye":[27,20,30,29],"Pen Nib":[2],"CloakClasp":[125],"MawBank":312,"obtain_stats":[{"Darkstone Periapt":28,"Dead Branch":42,"Thread and Needle":39,"Pen Nib":37,"Omamori":13,"CloakClasp":26,"MawBank":11,"Sling":37,"Akabeko":9,"Busted Crown":0,"Shuriken":12,"Snecko Eye":34,"PureWater":0,"StrikeDummy":6,"Unceasing Top":28,"Runic Pyramid":17},{"Darkstone Periapt":15,"Dead Branch":22,"Thread and Needle":21,"Pen Nib":20,"Omamori":7,"CloakClasp":13,"MawBank":6,"Sling":20,"Akabeko":5,"Busted Crown":0,"Shuriken":6,"Snecko Eye":18,"PureWater":0,"StrikeDummy":3,"Unceasing Top":15,"Runic Pyramid":9},{"Darkstone Periapt":43,"Dead Branch":62,"Thread and Needle":60,"Pen Nib":55,"Omamori":21,"CloakClasp":37,"MawBank":18,"Sling":55,"Akabeko":13,"Busted Crown":0,"Shuriken":18,"Snecko Eye":51,"PureWater":0,"StrikeDummy":9,"Unceasing Top":43,"Runic Pyramid":27}],"Unceasing Top":[0]},"card_choices":[{"not_picked":[],"picked":"Vengeance","floor":2.0},{"not_picked":[],"picked":"WheelKick","floor":6.0},{"not_picked":[],"picked":"ThirdEye","floor":7.0},{"not_picked":[],"picked":"CrushJoints","floor":11.0},{"not_picked":[],"picked":"Blasphemy","floor":13.0},{"not_picked":[],"picked":"WheelKick","floor":14.0},{"not_picked":[],"picked":"SandsOfTime","floor":21.0},{"not_picked":["CrushJoints"],"picked":"SKIP","floor":24.0},{"not_picked":["BowlingBash"],"picked":"SKIP","floor":30.0},{"not_picked":["Prostrate"],"picked":"SKIP","floor":31.0},{"not_picked":[],"picked":"Wallop","floor":38},{"not_picked":["Pray"],"picked":"SKIP","floor":41},{"not_picked":["Conclude"],"picked":"SKIP","floor":45}],"player_experience":1294123,"relics_obtained":[{"floor":6.0,"key":"StrikeDummy"},{"floor":9.0,"key":"Akabeko"},{"floor":11.0,"key":"MawBank"},{"floor":13.0,"key":"Omamori"},{"floor":26.0,"key":"CloakClasp"},{"floor":28.0,"key":"Unceasing Top"},{"floor":28.0,"key":"Darkstone Periapt"},{"floor":42,"key":"Dead Branch"}],"event_choices":[{"damage_healed":0.0,"max_hp_gain":5.0,"max_hp_loss":0.0,"gold_gain":0.0,"event_name":"Big Fish","player_choice":"Donut","floor":3.0,"gold_loss":0.0,"damage_taken":0.0},{"damage_healed":0.0,"max_hp_gain":0.0,"max_hp_loss":0.0,"gold_gain":75.0,"event_name":"World of Goop","player_choice":"Gather Gold","floor":4.0,"gold_loss":0.0,"damage_taken":11.0},{"damage_healed":0.0,"max_hp_gain":0.0,"max_hp_loss":0.0,"gold_gain":0.0,"event_name":"The Woman in Blue","player_choice":"Bought 1 Potion","floor":5.0,"gold_loss":0.0,"damage_taken":0.0},{"damage_healed":18.0,"max_hp_gain":0.0,"max_hp_loss":0.0,"gold_gain":0.0,"event_name":"The Cleric","player_choice":"Healed","floor":10.0,"gold_loss":35.0,"damage_taken":0.0},{"damage_healed":0.0,"max_hp_gain":0.0,"max_hp_loss":0.0,"gold_gain":0.0,"event_name":"Scrap Ooze","player_choice":"Success","floor":12.0,"gold_loss":0.0,"damage_taken":11.0,"relics_obtained":["Shuriken"]},{"damage_healed":0.0,"max_hp_gain":0.0,"max_hp_loss":0.0,"gold_gain":0.0,"event_name":"Back to Basics","player_choice":"Simplicity","floor":22.0,"gold_loss":0.0,"damage_taken":0.0,"cards_upgraded":["Strike_P","Strike_P","Strike_P","Strike_P","Defend_P","Defend_P","Defend_P","Defend_P"]},{"damage_healed":0.0,"max_hp_gain":0.0,"max_hp_loss":0.0,"gold_gain":0.0,"event_name":"Colosseum","player_choice":"Fight","floor":28.0,"gold_loss":0.0,"damage_taken":0.0},{"damage_healed":0.0,"max_hp_gain":0.0,"max_hp_loss":0.0,"gold_gain":0.0,"event_name":"Colosseum","player_choice":"Fought Nobs","floor":28.0,"gold_loss":0.0,"damage_taken":0.0},{"cards_removed":["WheelKick"],"damage_healed":0.0,"max_hp_gain":0.0,"max_hp_loss":0.0,"gold_gain":0.0,"event_name":"Purifier","player_choice":"Purged","floor":29.0,"gold_loss":0.0,"damage_taken":0.0},{"damage_healed":0,"gold_gain":0,"player_choice":"Relic","damage_taken":0,"max_hp_gain":0,"max_hp_loss":0,"event_name":"Wheel of Change","floor":42,"gold_loss":0}],"is_beta":false,"boss_relics":[{"not_picked":["Tiny House","Velvet Choker"],"picked":"Runic Pyramid"},{"not_picked":["SacredBark","SlaversCollar"],"picked":"Snecko Eye"}],"items_purged_floors":[37,39],"is_endless":false,"potions_floor_spawned":[1,2,8,19,21,28,33,44,45],"killed_by":"Giant Head","ascension_level":20}}