{"host":"52m1o8iwwagurbjs","time":1612025643,"event":{"mods":["AchievementEnabler","BaseMod","Bestiary","Colored Powertips","GifTheSpireLib","Minty Spire (QoL Compilation)","Quick Restart","RNG Fix","Relic Stats","StSLib"],"gold_per_floor":[112,112,112,124,124,152,152,152,152,10,10,40,52,112,112,209,209,209,225,225,239,239,239,272,56,79,99,99,24,24,55,55,152,202,219,179,196,216,266,295,295,327,350,362,374,408,408,421,421,421,421,421,17,47,47],"floor_reached":56,"language":"ENG","playtime":3465,"items_purged":["Defend_B","Strike_G"],"score":1410,"play_id":"e4cade4f-935d-4d99-a09b-a62c12d3ec8c","local_time":"20210130115403","is_ascension_mode":true,"campfire_choices":[{"data":"Loop","floor":7.0,"key":"SMITH"},{"floor":11.0,"key":"REST"},{"floor":15.0,"key":"REST"},{"data":"Defragment","floor":23.0,"key":"SMITH"},{"data":"Defragment","floor":28.0,"key":"SMITH"},{"floor":30.0,"key":"REST"},{"floor":32.0,"key":"REST"},{"floor":41.0,"key":"RECALL"},{"floor":47.0,"key":"REST"},{"floor":49.0,"key":"REST"},{"data":"Panacea","floor":52.0,"key":"SMITH"}],"circlet_count":0,"master_deck":["Strike_B+1","Defend_B","Defend_B","Defend_B","Zap+1","Dualcast","Undo","Loop+1","Ball Lightning+1","Sweeping Beam","Panacea+1","Coolheaded+1","Biased Cognition","Compile Driver","Turbo+1","Buffer","Conserve Battery+1","Defragment+1","Capacitor","Defragment+1","Machine Learning","Rebound+1","Creative AI","Capacitor","Hologram+1","Loop+1","Skim+1","Reinforced Body+1","Heatsinks"],"relics":["FrozenCore","Akabeko","StrikeDummy","Vajra","Dream Catcher","Darkstone Periapt","DataDisk","Strawberry","ClockworkSouvenir","Bag of Preparation","Tiny House","Du-Vu Doll","Boot","Bottled Tornado","Art of War","CeramicFish","Lantern","Sundial"],"acts_visited":["Exordium","TheCity","TheBeyond","TheEnding"],"potions_floor_usage":[55],"damage_taken":[{"damage":1.0,"enemies":"Jaw Worm","floor":1.0,"turns":3.0},{"damage":0.0,"enemies":"Cultist","floor":4.0,"turns":4.0},{"damage":0.0,"enemies":"Gremlin Nob","floor":6.0,"turns":3.0},{"damage":16.0,"enemies":"Lagavulin","floor":12.0,"turns":4.0},{"damage":0.0,"enemies":"Small Slimes","floor":13.0,"turns":1.0},{"damage":16.0,"enemies":"Lagavulin Event","floor":14.0,"turns":4.0},{"damage":27.0,"enemies":"The Guardian","floor":16.0,"turns":7.0},{"damage":0.0,"enemies":"2 Thieves","floor":18.0,"turns":1.0},{"damage":0.0,"enemies":"Spheric Guardian","floor":19.0,"turns":5.0},{"damage":0.0,"enemies":"Centurion and Healer","floor":21.0,"turns":7.0},{"damage":19.0,"enemies":"Slavers","floor":24.0,"turns":5.0},{"damage":10.0,"enemies":"Sentry and Sphere","floor":27.0,"turns":5.0},{"damage":0.0,"enemies":"Gremlin Leader","floor":31.0,"turns":6.0},{"damage":0.0,"enemies":"Champ","floor":33.0,"turns":15.0},{"damage":19.0,"enemies":"3 Darklings","floor":35.0,"turns":7.0},{"damage":5.0,"enemies":"Orb Walker","floor":37.0,"turns":6.0},{"damage":22.0,"enemies":"Jaw Worm Horde","floor":38.0,"turns":7.0},{"damage":0.0,"enemies":"Mind Bloom Boss Battle","floor":39.0,"turns":9.0},{"damage":0.0,"enemies":"Nemesis","floor":40.0,"turns":7.0},{"damage":8.0,"enemies":"Giant Head","floor":42.0,"turns":8.0},{"damage":2.0,"enemies":"Spire Growth","floor":44.0,"turns":6.0},{"damage":0.0,"enemies":"4 Shapes","floor":45.0,"turns":5.0},{"damage":40.0,"enemies":"Reptomancer","floor":46.0,"turns":6.0},{"damage":0.0,"enemies":"Maw","floor":48.0,"turns":11.0},{"damage":34.0,"enemies":"Awakened One","floor":50.0,"turns":16.0},{"damage":71.0,"enemies":"Shield and Spear","floor":54.0,"turns":11.0},{"damage":12,"enemies":"The Heart","floor":55,"turns":15}],"seed_played":"-2067488899609461638","potions_obtained":[{"floor":1.0,"key":"SmokeBomb"},{"floor":4.0,"key":"DuplicationPotion"},{"floor":16.0,"key":"GamblersBrew"},{"floor":21.0,"key":"PotionOfCapacity"},{"floor":24.0,"key":"FearPotion"},{"floor":34.0,"key":"FairyPotion"},{"floor":35.0,"key":"Regen Potion"},{"floor":38.0,"key":"Fire Potion"},{"floor":42.0,"key":"Fire Potion"},{"floor":44.0,"key":"Block Potion"},{"floor":48.0,"key":"DuplicationPotion"}],"is_trial":false,"path_per_floor":["M","?","?","M","?","E","R","?","T","$","R","E","M","?","R","B",null,"M","M","?","M","?","R","E","$","T","M","R","$","R","E","R","B",null,"M","?","M","M","?","E","R","E","T","M","M","E","R","M","R","B",null,"R","$","E","B",null],"character_chosen":"DEFECT","items_purchased":["Panacea","Fire Potion","ClockworkSouvenir","Capacitor","Heatsinks","Lantern","LiquidBronze"],"campfire_rested":6,"item_purchase_floors":[10,10,25,25,53,53,53],"current_hp_per_floor":[74,74,74,74,59,59,59,26,26,26,48,32,32,16,38,11,75,75,75,75,75,75,75,63,63,63,53,53,53,77,77,82,82,87,68,68,78,56,56,56,56,48,48,46,46,6,32,32,58,24,87,87,87,16,4],"gold":47,"neow_bonus":"RANDOM_COMMON_RELIC","is_daily":false,"chose_seed":false,"campfire_upgraded":4,"win_rate":0.0,"timestamp":1612025643,"path_taken":["M","?","?","?","?","E","R","?","T","$","R","E","M","?","R","BOSS","M","M","?","M","?","R","E","$","T","?","R","?","R","E","R","BOSS","M","?","M","M","?","E","R","E","T","M","M","E","R","M","R","BOSS","R","$","E","BOSS"],"items_purchased_type":["Card","Potion","Relic","Card","Card","Relic","Potion"],"build_version":"2020-12-22","purchased_purges":2,"victory":true,"max_hp_per_floor":[75,75,75,75,75,75,75,75,75,75,75,75,75,75,75,75,75,75,75,75,75,75,75,82,82,82,82,82,82,82,82,82,82,87,87,87,87,87,87,87,87,87,87,87,87,87,87,87,87,87,87,87,87,87,87],"relic_stats":{"Darkstone Periapt":0,"Dream Catcher":6,"counters":[27,183],"Sundial":[2],"CeramicFish":9,"Bag of Preparation":[28],"Art of War":[38],"Boot":[3],"obtain_stats":[{"Darkstone Periapt":12,"Lantern":53,"Tiny House":34,"CeramicFish":46,"Vajra":8,"Bag of Preparation":31,"Bottled Tornado":42,"Boot":40,"Akabeko":0,"FrozenCore":17,"ClockworkSouvenir":25,"Du-Vu Doll":39,"Dream Catcher":9,"DataDisk":14,"Sundial":54,"Strawberry":24,"Art of War":43,"Cracked Core":0,"StrikeDummy":6},{"Darkstone Periapt":4,"Lantern":25,"Tiny House":14,"CeramicFish":23,"Vajra":3,"Bag of Preparation":13,"Bottled Tornado":20,"Boot":19,"Akabeko":0,"FrozenCore":7,"ClockworkSouvenir":11,"Du-Vu Doll":18,"Dream Catcher":3,"DataDisk":6,"Sundial":26,"Strawberry":11,"Art of War":20,"Cracked Core":0,"StrikeDummy":3},{"Darkstone Periapt":14,"Lantern":157,"Tiny House":70,"CeramicFish":130,"Vajra":10,"Bag of Preparation":55,"Bottled Tornado":114,"Boot":106,"Akabeko":0,"FrozenCore":26,"ClockworkSouvenir":44,"Du-Vu Doll":99,"Dream Catcher":10,"DataDisk":19,"Sundial":168,"Strawberry":44,"Art of War":114,"Cracked Core":0,"StrikeDummy":10}],"FrozenCore":[65]},"card_choices":[{"not_picked":["Heatsinks","Scrape"],"picked":"Undo","floor":1.0},{"not_picked":["Streamline","Go for the Eyes"],"picked":"Ball Lightning","floor":4.0},{"not_picked":["Barrage","Go for the Eyes"],"picked":"Sweeping Beam","floor":6.0},{"not_picked":["Undo","Beam Cell"],"picked":"Coolheaded","floor":11.0},{"not_picked":["Sweeping Beam","Capacitor"],"picked":"Biased Cognition","floor":12.0},{"not_picked":["Tempest","Steam"],"picked":"Compile Driver","floor":13.0},{"not_picked":["Ball Lightning","Aggregate"],"picked":"Turbo","floor":14.0},{"not_picked":["Amplify","Multi-Cast"],"picked":"Buffer","floor":16.0},{"not_picked":["Stack","Sweeping Beam"],"picked":"Conserve Battery+1","floor":19.0},{"not_picked":["Scrape","Heatsinks+1"],"picked":"Defragment","floor":21.0},{"not_picked":["Rebound","Barrage","Sweeping Beam"],"picked":"SKIP","floor":24.0},{"not_picked":["Leap","Auto Shields"],"picked":"Defragment","floor":27.0},{"not_picked":["Steam","Multi-Cast","Compile Driver"],"picked":"SKIP","floor":31.0},{"not_picked":["All For One","Buffer"],"picked":"Machine Learning","floor":33.0},{"not_picked":["Gash","Barrage"],"picked":"Rebound+1","floor":34.0},{"not_picked":["Barrage+1","Steam"],"picked":"Creative AI","floor":35.0},{"not_picked":["Rebound","Storm+1"],"picked":"Capacitor","floor":37.0},{"not_picked":["Conserve Battery","Scrape","Streamline"],"picked":"SKIP","floor":38.0},{"not_picked":["Rebound+1","Leap+1"],"picked":"Hologram+1","floor":39.0},{"not_picked":["Turbo","Reboot"],"picked":"Loop+1","floor":40.0},{"not_picked":["FTL+1","Defragment+1"],"picked":"Skim+1","floor":42.0},{"not_picked":["Blizzard","Recycle"],"picked":"Reinforced Body+1","floor":44.0},{"not_picked":["Beam Cell+1","Tempest+1","Genetic Algorithm"],"picked":"SKIP","floor":45.0},{"not_picked":["Leap","Barrage+1","Beam Cell+1"],"picked":"SKIP","floor":46.0},{"not_picked":["Leap","Redo+1","Turbo"],"picked":"SKIP","floor":48.0},{"not_picked":["Darkness","Gash+1","Rebound"],"picked":"SKIP","floor":54.0}],"player_experience":1254730,"relics_obtained":[{"floor":6.0,"key":"StrikeDummy"},{"floor":9.0,"key":"Dream Catcher"},{"floor":12.0,"key":"Darkstone Periapt"},{"floor":14.0,"key":"DataDisk"},{"floor":24.0,"key":"Strawberry"},{"floor":31.0,"key":"Bag of Preparation"},{"floor":39.0,"key":"Du-Vu Doll"},{"floor":40.0,"key":"Boot"},{"floor":42.0,"key":"Bottled Tornado"},{"floor":43.0,"key":"Art of War"},{"floor":46.0,"key":"CeramicFish"},{"floor":54.0,"key":"Sundial"}],"event_choices":[{"damage_healed":0.0,"max_hp_gain":0.0,"max_hp_loss":0.0,"gold_gain":0.0,"cards_transformed":["Strike_B"],"event_name":"Transmorgrifier","player_choice":"Transformed","floor":2.0,"gold_loss":0.0,"damage_taken":0.0,"cards_obtained":["Loop"]},{"cards_removed":["Strike_B"],"damage_healed":0.0,"max_hp_gain":0.0,"max_hp_loss":0.0,"gold_gain":0.0,"event_name":"NoteForYourself","player_choice":"Took Card","floor":3.0,"gold_loss":0.0,"damage_taken":0.0,"cards_obtained":["Strike_G"]},{"damage_healed":0.0,"max_hp_gain":0.0,"max_hp_loss":0.0,"gold_gain":0.0,"event_name":"Shining Light","player_choice":"Entered Light","floor":5.0,"gold_loss":0.0,"damage_taken":15.0,"cards_upgraded":["Zap","Strike_B"]},{"damage_healed":0.0,"max_hp_gain":0.0,"max_hp_loss":0.0,"gold_gain":0.0,"event_name":"Scrap Ooze","player_choice":"Success","floor":8.0,"gold_loss":0.0,"damage_taken":33.0,"relics_obtained":["Vajra"]},{"damage_healed":0.0,"max_hp_gain":0.0,"max_hp_loss":0.0,"gold_gain":0.0,"event_name":"Dead Adventurer","player_choice":"Searched \u00271\u0027 times","floor":14.0,"gold_loss":0.0,"damage_taken":0.0},{"damage_healed":0.0,"max_hp_gain":0.0,"max_hp_loss":0.0,"gold_gain":0.0,"event_name":"Vampires","player_choice":"Ignored","floor":20.0,"gold_loss":0.0,"damage_taken":0.0},{"cards_removed":["Strike_B"],"damage_healed":0.0,"max_hp_gain":0.0,"max_hp_loss":0.0,"gold_gain":0.0,"event_name":"Bonfire Elementals","player_choice":"Offered Basic","floor":22.0,"gold_loss":0.0,"damage_taken":0.0},{"damage_healed":0.0,"max_hp_gain":0.0,"max_hp_loss":0.0,"gold_gain":0.0,"event_name":"Designer","player_choice":"Upgraded Two","floor":36.0,"gold_loss":40.0,"damage_taken":0.0,"cards_upgraded":["Turbo","Coolheaded"]},{"damage_healed":0.0,"max_hp_gain":0.0,"max_hp_loss":0.0,"gold_gain":0.0,"event_name":"MindBloom","player_choice":"Fight","floor":39.0,"gold_loss":0.0,"damage_taken":0.0}],"is_beta":false,"boss_relics":[{"not_picked":["Ectoplasm","Cursed Key"],"picked":"FrozenCore"},{"not_picked":["Empty Cage","Fusion Hammer"],"picked":"Tiny House"}],"items_purged_floors":[29,53],"is_endless":false,"potions_floor_spawned":[1,4,16,18,21,24,35,38,39,42,44,48],"ascension_level":1}}