{"host":"68ryiucqar8jyfi2","time":1612034057,"event":{"mods":["2.2 Compatiblity","Act Like it!","Aspiration","BaseMod","Better Match","Better Note","Better Skull","Better Third Choice","CCEM2","CapriCore","Curses Come First","Defuse TimeMaze Blight","Displayed Cursed Tome","Emptier Cage","Energized Spire","Friendly Minions","GifTheSpireLib","HexUI Lib","Hubris","Hyrulean Relics","Infinite Spire","Minty Spire (QoL Compilation)","Monster B Gone","Morshu Shopkeeper","Permanent Neow","RNG Fix","Relic Filter Mod","Reliquary","Replay The Spire","Robot Space Explorer","StSLib","Stuff the Spire","The Blue Laboratory","Trackpad","Transform Curses","Uncapped","Wandering Minibosses"],"gold_per_floor":[111,111,134,134,134,134,86,86,86,86,120,120,135,169,169,290,290,245,245,245,256,276,276,236,336,336,336,280,137,137,133,133,217,217,217,217],"floor_reached":35,"language":"ENG","playtime":1234,"items_purged":["Strike_B","Strike_B"],"score":363,"play_id":"45d96460-e4cf-4a93-9cca-6cf8dd425a05","local_time":"20210130191417","daily_mods":["Vintage","Heirloom","Flight"],"is_ascension_mode":false,"campfire_choices":[{"floor":6,"key":"REST"},{"data":"Zap","floor":10,"key":"SMITH"},{"data":"Conserve Battery","floor":12,"key":"SMITH"},{"floor":15,"key":"REST"},{"data":"Loop","floor":30,"key":"SMITH"},{"floor":32,"key":"REST"}],"circlet_count":0,"master_deck":["Strike_B","Strike_B","Defend_B","Defend_B","Defend_B","Defend_B","Zap+1","Dualcast","Conserve Battery+1","Loop+1","Seek","Self Repair","Biased Cognition"],"relics":["Cracked Core","Incense Burner","Lizard Tail","Golden Idol","trackpad:SappingStone","hubris:FruitBowl","hubris:EvacipatedBox","Replay:Wax Seal","zeldaRelics:CourageTriforce","Replay:Accelerometer","infinitespire:Lucky Rock","infinitespire:CheckeredPen","Juzu Bracelet","zeldaRelics:WisdomPiece","energizedSpire:SpiderWeb","Counterbalance","Matryoshka","trackpad:ZombieHeart","zeldaRelics:MasterSword"],"acts_visited":["Exordium","TheCity","TheBeyond"],"potions_floor_usage":[14,18,31,33,33],"damage_taken":[{"damage":0,"enemies":"Cultist","floor":1,"turns":4},{"damage":0,"enemies":"2 Louse","floor":3,"turns":2},{"damage":5,"enemies":"Replay:BlueRogue","floor":11,"turns":7},{"damage":0,"enemies":"Jaw Worm","floor":13,"turns":3},{"damage":17,"enemies":"3 Sentries","floor":14,"turns":12},{"damage":41,"enemies":"Slime Boss","floor":16,"turns":16},{"damage":0,"enemies":"Chosen","floor":18,"turns":7},{"damage":9,"enemies":"Shell Parasite","floor":21,"turns":8},{"damage":25,"enemies":"Snake Plant","floor":22,"turns":5},{"damage":10,"enemies":"Snecko","floor":24,"turns":8},{"damage":56,"enemies":"3 Cultists","floor":28,"turns":7},{"damage":8,"enemies":"Centurion and Healer","floor":31,"turns":7},{"damage":30,"enemies":"Automaton","floor":33,"turns":13},{"damage":0,"enemies":"Orb Walker","floor":35,"turns":1}],"seed_played":"-2866415234897833487","potions_obtained":[{"floor":1,"key":"Swift Potion"},{"floor":11,"key":"blueLaboratory:HummingbirdPotion"},{"floor":16,"key":"PowerPotion"},{"floor":18,"key":"Languid Potion"},{"floor":24,"key":"blueLaboratory:PlasmaFuel"},{"floor":28,"key":"EssenceOfSteel"}],"is_trial":true,"path_per_floor":["M","?","M","?","$","R","$","?","T","R","E","R","M","E","R","B",null,"M","?","?","M","M","$","M","?","T","AVR","M","$","R","M","R","B",null,"M"],"character_chosen":"DEFECT","items_purchased":["hubris:FruitBowl","hubris:EvacipatedBox","Replay:Wax Seal","Conserve Battery","Self Repair"],"campfire_rested":3,"item_purchase_floors":[5,5,5,7,29],"current_hp_per_floor":[75,57,57,60,17,40,40,47,47,47,42,42,42,25,50,9,85,85,85,85,76,51,51,41,41,41,41,27,27,27,26,51,29,56,56,56],"gold":217,"neow_bonus":"","is_daily":false,"chose_seed":false,"campfire_upgraded":3,"win_rate":0.0,"timestamp":1612034057,"path_taken":["M","?","?","?","?","R","$","?","T","R","E","R","?","E","R","BOSS","M","?","?","M","?","$","?","?","T","AVR","M","?","R","M","R","BOSS","M"],"items_purchased_type":["Relic","Relic","Relic","Card","Card"],"build_version":"2020-12-22","purchased_purges":2,"victory":false,"max_hp_per_floor":[75,75,75,78,78,78,78,85,85,85,85,85,85,85,85,85,85,85,85,85,85,85,85,85,85,85,85,85,85,85,85,85,86,56,56,56],"card_choices":[{"not_picked":["Stack","Conserve Battery","ReplaySort"],"picked":"SKIP","floor":11},{"not_picked":["Streamline","Genetic Algorithm"],"picked":"Loop","floor":14},{"not_picked":["Machine Learning","Thunder Strike"],"picked":"Seek","floor":16},{"not_picked":["hubris:SpecializedCircuitry","StuffTheSpire:LaunchingStrike"],"picked":"Biased Cognition","floor":33}],"player_experience":205397,"relics_obtained":[{"floor":1,"key":"Lizard Tail"},{"floor":3,"key":"trackpad:SappingStone"},{"floor":9,"key":"zeldaRelics:CouragePiece"},{"floor":11,"key":"zeldaRelics:CouragePiece"},{"floor":14,"key":"zeldaRelics:CouragePiece"},{"floor":18,"key":"Replay:Accelerometer"},{"floor":21,"key":"infinitespire:Lucky Rock"},{"floor":22,"key":"infinitespire:CheckeredPen"},{"floor":24,"key":"Juzu Bracelet"},{"floor":26,"key":"zeldaRelics:WisdomPiece"},{"floor":28,"key":"Matryoshka"},{"floor":31,"key":"trackpad:ZombieHeart"}],"event_choices":[{"damage_healed":0,"gold_gain":0,"player_choice":"Take Damage","damage_taken":18,"relics_obtained":["Golden Idol"],"max_hp_gain":0,"max_hp_loss":0,"event_name":"Golden Idol","floor":2,"gold_loss":0},{"damage_healed":0,"gold_gain":0,"player_choice":"Donut","damage_taken":0,"max_hp_gain":5,"max_hp_loss":0,"event_name":"Big Fish","floor":8,"gold_loss":0},{"damage_healed":0,"gold_gain":0,"player_choice":"Ignored","damage_taken":0,"max_hp_gain":0,"max_hp_loss":0,"event_name":"betterNote:BetterNote","floor":20,"gold_loss":0,"cards_obtained":["RobotSpaceExplorer:Counterblock"]},{"damage_healed":0,"gold_gain":100,"player_choice":"Pray","damage_taken":0,"max_hp_gain":0,"max_hp_loss":0,"event_name":"Golden Shrine","floor":25,"gold_loss":0}],"is_beta":false,"boss_relics":[{"not_picked":["energizedSpire:OldTV","Pandora\u0027s Box","Runic Dome","trackpad:StolenKidneys"]},{"not_picked":["energizedSpire:MagnifyingGlass","Coffee Dripper","hubris:TerracottaHorce"],"picked":"zeldaRelics:MasterSword"}],"items_purged_floors":[27,29],"is_endless":false,"potions_floor_spawned":[1,11,16,18,24,28],"killed_by":"Orb Walker","ascension_level":0}}