{"host":"vpaavrwbmey593fx","time":1612032880,"event":{"mods":["AchievementEnabler","BaseMod","Bestiary","Colored Map","Colored Powertips","DeckTracker","Minty Spire (QoL Compilation)","Relic Sorter"],"gold_per_floor":[112,62,77,90,105,105,58,89,89,89,162,172,172,192,192,291,291,304,254,269,279,296,296,296],"floor_reached":23,"language":"ENG","playtime":1923,"items_purged":[],"score":244,"play_id":"984d454c-52ab-4c70-bca1-00f89fc40016","local_time":"20210130105440","is_ascension_mode":true,"campfire_choices":[{"data":"Rebound","floor":6,"key":"SMITH"},{"data":"Zap","floor":10,"key":"SMITH"},{"data":"Dualcast","floor":13,"key":"SMITH"},{"floor":15,"key":"REST"}],"circlet_count":0,"master_deck":["Strike_B","Strike_B","Strike_B","Defend_B","Defend_B","Defend_B","Defend_B","Zap+1","Dualcast+1","Coolheaded","Rebound+1","Beam Cell","Go for the Eyes","Ball Lightning","Buffer","Seek","Sweeping Beam+1","Double Energy","Leap+1","Multi-Cast"],"relics":["Cracked Core","HornCleat","Prayer Wheel","Singing Bowl","Nuclear Battery"],"acts_visited":["Exordium","TheCity"],"potions_floor_usage":[23,23],"damage_taken":[{"damage":2,"enemies":"Jaw Worm","floor":1,"turns":4},{"damage":6,"enemies":"Small Slimes","floor":3,"turns":4},{"damage":1,"enemies":"Cultist","floor":4,"turns":3},{"damage":4,"enemies":"Looter","floor":5,"turns":4},{"damage":37,"enemies":"3 Sentries","floor":8,"turns":9},{"damage":3,"enemies":"3 Louse","floor":12,"turns":4},{"damage":12,"enemies":"Exordium Thugs","floor":14,"turns":3},{"damage":3,"enemies":"Slime Boss","floor":16,"turns":10},{"damage":19,"enemies":"3 Byrds","floor":18,"turns":5},{"damage":2,"enemies":"Shell Parasite","floor":20,"turns":4},{"damage":27,"enemies":"Centurion and Healer","floor":21,"turns":9},{"damage":21,"enemies":"Sentry and Sphere","floor":22,"turns":5},{"damage":7,"enemies":"Book of Stabbing","floor":23,"turns":4}],"seed_played":"-2549699106046748059","potions_obtained":[{"floor":12,"key":"DistilledChaos"},{"floor":14,"key":"SpeedPotion"},{"floor":18,"key":"Dexterity Potion"}],"is_trial":false,"path_per_floor":["M","?","M","M","M","R","$","E","T","R","T","M","R","M","R","B",null,"M","?","M","M","M","E"],"character_chosen":"DEFECT","items_purchased":["Go for the Eyes"],"campfire_rested":1,"item_purchase_floors":[7],"current_hp_per_floor":[73,73,67,66,62,62,62,25,25,25,25,24,24,14,37,34,68,51,51,49,24,7,0,0],"gold":296,"neow_bonus":"THREE_CARDS","is_daily":false,"chose_seed":false,"campfire_upgraded":3,"win_rate":0.0,"timestamp":1612032880,"path_taken":["M","?","M","M","M","R","$","E","T","R","?","M","R","M","R","BOSS","M","?","M","M","M","E"],"items_purchased_type":["Card"],"build_version":"2020-12-22","purchased_purges":0,"victory":false,"max_hp_per_floor":[75,75,75,75,75,75,75,75,75,75,75,77,77,79,79,79,79,81,81,81,83,87,87,87],"card_choices":[{"not_picked":["Turbo","Barrage"],"picked":"Coolheaded","floor":1},{"not_picked":["Consume","Turbo","Hologram"],"picked":"SKIP","floor":3},{"not_picked":["Double Energy","Hologram"],"picked":"Rebound","floor":4},{"not_picked":["Genetic Algorithm","Redo"],"picked":"Beam Cell","floor":5},{"not_picked":["Stack","Storm","Go for the Eyes"],"picked":"SKIP","floor":8},{"not_picked":["Aggregate","Stack"],"picked":"Ball Lightning","floor":12},{"not_picked":["Cold Snap","Hologram","Beam Cell"],"picked":"Singing Bowl","floor":12},{"not_picked":["Hologram","Turbo"],"picked":"Buffer","floor":14},{"not_picked":["Go for the Eyes","Compile Driver","Rebound"],"picked":"Singing Bowl","floor":14},{"not_picked":["Reboot","Amplify"],"picked":"Seek","floor":16},{"not_picked":["Skim+1","Hologram"],"picked":"Sweeping Beam+1","floor":18},{"not_picked":["Coolheaded","Stack","Rip and Tear"],"picked":"Singing Bowl","floor":18},{"not_picked":["Steam Power","Gash+1"],"picked":"Double Energy","floor":20},{"not_picked":["Turbo+1","Barrage"],"picked":"Leap+1","floor":20},{"not_picked":["Recycle","Beam Cell"],"picked":"Multi-Cast","floor":21},{"not_picked":["Self Repair","Cold Snap+1","Rip and Tear"],"picked":"Singing Bowl","floor":21},{"not_picked":["Coolheaded+1","Double Energy","Consume"],"picked":"Singing Bowl","floor":22},{"not_picked":["Sweeping Beam","Go for the Eyes","Force Field"],"picked":"Singing Bowl","floor":22}],"player_experience":296217,"relics_obtained":[{"floor":8,"key":"HornCleat"},{"floor":9,"key":"Prayer Wheel"},{"floor":11,"key":"Singing Bowl"}],"event_choices":[{"cards_removed":["Strike_B"],"damage_healed":0,"gold_gain":0,"player_choice":"Card Removal","damage_taken":0,"max_hp_gain":0,"max_hp_loss":0,"event_name":"The Cleric","floor":2,"gold_loss":50},{"damage_healed":0,"gold_gain":0,"player_choice":"Bet on Owner","damage_taken":0,"max_hp_gain":0,"max_hp_loss":0,"event_name":"The Joust","floor":19,"gold_loss":50}],"is_beta":false,"boss_relics":[{"not_picked":["Black Star","Calling Bell"],"picked":"Nuclear Battery"}],"items_purged_floors":[],"is_endless":false,"potions_floor_spawned":[12,14,18,21],"killed_by":"Book of Stabbing","ascension_level":5}}