{"host":"jpzdg3po3tjxdjri","time":1612018946,"event":{"mods":["BaseMod","Better Third Choice","Colored Map","Colored Powertips","Minty Spire (QoL Compilation)","StSLib"],"gold_per_floor":[116,129,79,79,89,89,119,119,119,156,8,8,8,33,33,147,147,174,216,13,13,13,39,61,61,61],"floor_reached":25,"language":"ENG","playtime":733,"items_purged":[],"score":238,"play_id":"f59aeac5-afc2-4382-ba84-6a8f0124c41d","local_time":"20210130150226","is_ascension_mode":true,"campfire_choices":[{"data":"Deadly Poison","floor":6,"key":"SMITH"},{"data":"Sucker Punch","floor":12,"key":"SMITH"},{"data":"Poisoned Stab","floor":15,"key":"SMITH"}],"circlet_count":0,"master_deck":["Strike_G","Strike_G","Strike_G","Strike_G","Defend_G","Defend_G","Defend_G","Defend_G","Defend_G","Survivor","Neutralize","Deadly Poison","Deadly Poison+1","Sucker Punch+1","Poisoned Stab+1","Cloak And Dagger","Poisoned Stab+1","Glass Knife","Well Laid Plans","Flechettes+1","After Image","Poisoned Stab","Deadly Poison","Backflip+1"],"relics":["Ring of the Snake","Juzu Bracelet","FossilizedHelix","Meat on the Bone","CeramicFish","Toy Ornithopter","Darkstone Periapt","Cursed Key","Red Mask","CaptainsWheel"],"acts_visited":["Exordium","TheCity"],"potions_floor_usage":[23],"damage_taken":[{"damage":0,"enemies":"Small Slimes","floor":1,"turns":4},{"damage":1,"enemies":"Cultist","floor":2,"turns":4},{"damage":0,"enemies":"2 Louse","floor":5,"turns":3},{"damage":18,"enemies":"Gremlin Nob","floor":7,"turns":4},{"damage":26,"enemies":"3 Sentries","floor":10,"turns":9},{"damage":0,"enemies":"Exordium Thugs","floor":14,"turns":6},{"damage":33,"enemies":"Slime Boss","floor":16,"turns":14},{"damage":0,"enemies":"Spheric Guardian","floor":18,"turns":3},{"damage":18,"enemies":"Masked Bandits","floor":19,"turns":5},{"damage":15,"enemies":"Slavers","floor":23,"turns":7},{"damage":5,"enemies":"2 Thieves","floor":24,"turns":4},{"damage":45,"enemies":"Gremlin Leader","floor":25,"turns":6}],"seed_played":"8231703169528462047","potions_obtained":[{"floor":1,"key":"GamblersBrew"},{"floor":5,"key":"SneckoOil"},{"floor":7,"key":"Swift Potion"},{"floor":19,"key":"LiquidMemories"},{"floor":23,"key":"SkillPotion"}],"is_trial":false,"path_per_floor":["M","M","?","?","M","R","E","?","T","E","$","R","?","M","R","B",null,"M","?","$","?","$","E","M","E"],"character_chosen":"THE_SILENT","items_purchased":["Toy Ornithopter","After Image","Poisoned Stab","Deadly Poison"],"campfire_rested":0,"item_purchase_floors":[11,20,20,20],"current_hp_per_floor":[70,69,69,74,74,74,56,56,56,42,42,42,42,42,42,21,75,75,57,57,57,57,47,42,0,0],"gold":61,"neow_bonus":"RANDOM_COMMON_RELIC","is_daily":false,"chose_seed":false,"campfire_upgraded":3,"win_rate":0.0,"timestamp":1612018946,"path_taken":["M","M","?","?","M","R","E","?","T","E","$","R","?","M","R","BOSS","M","?","$","?","?","E","M","E"],"items_purchased_type":["Relic","Card","Card","Card"],"build_version":"2020-12-22","purchased_purges":0,"victory":false,"max_hp_per_floor":[70,70,70,75,75,75,75,75,75,75,75,75,75,75,75,75,75,75,75,75,75,75,75,75,75,75],"card_choices":[{"not_picked":["Finisher","Riddle With Holes"],"picked":"Deadly Poison","floor":1},{"not_picked":["Skewer","Heel Hook"],"picked":"Deadly Poison","floor":2},{"not_picked":["Blade Dance","Acrobatics"],"picked":"Sucker Punch","floor":5},{"not_picked":["Heel Hook","Choke"],"picked":"Poisoned Stab","floor":7},{"not_picked":["Outmaneuver","Wraith Form v2"],"picked":"Cloak And Dagger","floor":10},{"not_picked":["Setup","Sucker Punch"],"picked":"Poisoned Stab","floor":14},{"not_picked":["Burst","Bullet Time"],"picked":"Glass Knife","floor":16},{"not_picked":["Flying Knee+1","Slice"],"picked":"Well Laid Plans","floor":18},{"not_picked":["Accuracy","Quick Slash"],"picked":"Flechettes+1","floor":19},{"not_picked":["Underhanded Strike","All Out Attack+1","Deflect"],"picked":"SKIP","floor":23},{"not_picked":["Outmaneuver+1","Slice"],"picked":"Backflip+1","floor":24}],"player_experience":875623,"relics_obtained":[{"floor":7,"key":"FossilizedHelix"},{"floor":9,"key":"Meat on the Bone"},{"floor":10,"key":"CeramicFish"},{"floor":19,"key":"Red Mask"},{"floor":23,"key":"CaptainsWheel"}],"event_choices":[{"cards_removed":["Strike_G"],"damage_healed":0,"gold_gain":0,"player_choice":"Card Removal","damage_taken":0,"max_hp_gain":0,"max_hp_loss":0,"event_name":"The Cleric","floor":3,"gold_loss":50},{"damage_healed":0,"gold_gain":0,"player_choice":"Donut","damage_taken":0,"max_hp_gain":5,"max_hp_loss":0,"event_name":"Big Fish","floor":4,"gold_loss":0},{"damage_healed":0,"gold_gain":0,"player_choice":"Forge","damage_taken":0,"max_hp_gain":0,"max_hp_loss":0,"event_name":"Accursed Blacksmith","floor":8,"gold_loss":0,"cards_upgraded":["Poisoned Stab"]},{"damage_healed":0,"gold_gain":0,"player_choice":"Gave Potion","damage_taken":0,"relics_obtained":["Darkstone Periapt"],"max_hp_gain":0,"max_hp_loss":0,"event_name":"WeMeetAgain","floor":13,"gold_loss":0},{"damage_healed":0,"gold_gain":0,"player_choice":"Fought Bandits","damage_taken":0,"max_hp_gain":0,"max_hp_loss":0,"event_name":"Masked Bandits","floor":19,"gold_loss":0},{"damage_healed":0,"gold_gain":0,"player_choice":"Ignored","damage_taken":0,"max_hp_gain":0,"max_hp_loss":0,"event_name":"Ghosts","floor":21,"gold_loss":0}],"is_beta":false,"boss_relics":[{"not_picked":["Black Star","Snecko Eye"],"picked":"Cursed Key"}],"items_purged_floors":[],"is_endless":false,"potions_floor_spawned":[1,5,7,19,23,24],"killed_by":"Gremlin Leader","ascension_level":1}}