{"host":"59fzh68erzs7h44i","time":1612026528,"event":{"mods":["AchievementEnabler","BaseMod","Downfall","Minty Spire (QoL Compilation)","StSLib","The Jungle"],"gold_per_floor":[116,191,116,116,126,126,156,156,156,156,156,166,116,134,134,233,233,243,243,273,273,119,144,158,158,181,212,212,229,82,110,110,210,210,222,322,336,354,142,142,167,167,167,178,228,278,77,94,94,94,94],"floor_reached":50,"language":"ENG","playtime":1921,"items_purged":["Defend_P","BowlingBash","Vigilance","Bite+1"],"score":600,"play_id":"e449edc8-a103-440b-b1f5-b2d4266b88a3","local_time":"20210130120848","is_ascension_mode":true,"campfire_choices":[{"data":"Eruption","floor":6,"key":"SMITH"},{"data":"SashWhip","floor":8,"key":"SMITH"},{"floor":15,"key":"REST"},{"data":"EmptyMind","floor":32,"key":"SMITH"},{"data":"Alpha","floor":40,"key":"SMITH"},{"data":"EmptyBody","floor":49,"key":"SMITH"}],"circlet_count":0,"master_deck":["Eruption+1","EmptyBody+1","SashWhip+1","CrushJoints+1","JustLucky+1","Judgement+1","EmptyMind+1","EmptyBody+1","Bite+1","Bite+1","Bite+1","Bite+1","CutThroughFate+1","FlurryOfBlows+1","Crescendo+1","ClearTheMind+1","EmptyFist+1","Alpha+1","FearNoEvil+1","WheelKick+1","Dramatic Entrance+1","CutThroughFate+1","FlurryOfBlows+1","ClearTheMind+1"],"relics":["HolyWater","Gremlin Horn","Molten Egg 2","HornCleat","MutagenicStrength","Red Mask","Bag of Marbles","Orichalcum","Regal Pillow","TheAbacus","MealTicket","Sozu","PreservedInsect","White Beast Statue","GoldenEye","Torii"],"acts_visited":["Exordium","TheCity","TheBeyond"],"potions_floor_usage":[33,33,50],"damage_taken":[{"damage":7,"enemies":"Jaw Worm","floor":1,"turns":4},{"damage":0,"enemies":"Cultist","floor":5,"turns":2},{"damage":42,"enemies":"Gremlin Nob","floor":7,"turns":5},{"damage":0,"enemies":"2 Louse","floor":12,"turns":1},{"damage":2,"enemies":"Blue Slaver","floor":14,"turns":2},{"damage":52,"enemies":"Hexaghost","floor":16,"turns":8},{"damage":3,"enemies":"Chosen","floor":18,"turns":3},{"damage":0,"enemies":"Masked Bandits","floor":20,"turns":2},{"damage":25,"enemies":"Slavers","floor":23,"turns":5},{"damage":0,"enemies":"Shell Parasite","floor":24,"turns":1},{"damage":1,"enemies":"Gremlin Leader","floor":27,"turns":3},{"damage":0,"enemies":"Shelled Parasite and Fungi","floor":29,"turns":2},{"damage":2,"enemies":"Book of Stabbing","floor":31,"turns":3},{"damage":42,"enemies":"Champ","floor":33,"turns":7},{"damage":0,"enemies":"3 Darklings","floor":35,"turns":1},{"damage":0,"enemies":"3 Shapes","floor":37,"turns":3},{"damage":1,"enemies":"3 Darklings","floor":38,"turns":3},{"damage":12,"enemies":"Nemesis","floor":41,"turns":5},{"damage":0,"enemies":"Maw","floor":44,"turns":3},{"damage":1,"enemies":"2 Orb Walkers","floor":45,"turns":2},{"damage":12,"enemies":"Mind Bloom Boss Battle","floor":46,"turns":3},{"damage":6,"enemies":"Sphere and 2 Shapes","floor":48,"turns":1},{"damage":69,"enemies":"Time Eater","floor":50,"turns":6}],"seed_played":"-7626231373860183566","potions_obtained":[{"floor":14,"key":"FearPotion"},{"floor":16,"key":"SneckoOil"},{"floor":20,"key":"Ancient Potion"},{"floor":29,"key":"Explosive Potion"}],"is_trial":false,"path_per_floor":["M","?","$","?","M","R","E","R","T","?","?","M","?","M","R","B",null,"M","?","?","?","$","E","M","?","T","E","?","M","$","E","R","B",null,"M","?","M","M","$","R","E","?","T","M","?","?","$","M","R","B"],"character_chosen":"WATCHER","items_purchased":["CutThroughFate+1","TheAbacus","Dramatic Entrance+1","FlurryOfBlows+1"],"campfire_rested":1,"item_purchase_floors":[22,30,39,47],"current_hp_per_floor":[44,33,33,82,82,82,40,40,40,45,45,45,45,43,69,17,87,84,84,84,60,60,43,49,49,49,57,57,60,60,60,60,31,60,60,60,60,60,60,60,52,52,52,58,59,48,60,57,57,0,0],"gold":94,"neow_bonus":"TRANSFORM_TWO_CARDS","is_daily":false,"chose_seed":false,"campfire_upgraded":5,"win_rate":0.0,"timestamp":1612026528,"path_taken":["M","?","$","?","?","R","E","R","T","?","?","M","?","M","R","BOSS","M","?","?","?","?","E","M","?","T","E","?","?","$","E","R","BOSS","M","?","?","M","$","R","E","?","T","M","?","?","?","M","R","BOSS"],"items_purchased_type":["Card","Relic","Card","Card"],"build_version":"2020-12-22","purchased_purges":4,"victory":false,"max_hp_per_floor":[72,72,72,82,82,82,82,82,82,87,87,87,87,87,87,87,87,87,87,87,60,60,60,60,60,60,60,60,60,60,60,60,60,60,60,60,60,60,60,60,60,60,60,60,60,60,60,60,60,60,60],"card_choices":[{"not_picked":["Protect","FlyingSleeves"],"picked":"EmptyBody","floor":1},{"not_picked":["ThirdEye","Study"],"picked":"SashWhip","floor":5},{"not_picked":["Establishment","Evaluate"],"picked":"BowlingBash","floor":7},{"not_picked":["BowlingBash+1","Evaluate"],"picked":"CrushJoints+1","floor":12},{"not_picked":["ReachHeaven+1","ClearTheMind"],"picked":"JustLucky+1","floor":14},{"not_picked":["SpiritShield","MasterReality"],"picked":"Judgement","floor":16},{"not_picked":["Adaptation","ClearTheMind"],"picked":"EmptyMind","floor":18},{"not_picked":["Wireheading+1","SashWhip+1"],"picked":"EmptyBody+1","floor":20},{"not_picked":["CarveReality+1","JustLucky+1"],"picked":"FlurryOfBlows+1","floor":23},{"not_picked":["Conclude+1","Prostrate"],"picked":"Crescendo+1","floor":24},{"not_picked":["CrushJoints+1","Halt"],"picked":"ClearTheMind+1","floor":27},{"not_picked":["FlyingSleeves+1","InnerPeace"],"picked":"EmptyFist+1","floor":29},{"not_picked":["EmptyBody","WheelKick+1","PathToVictory"],"picked":"SKIP","floor":31},{"not_picked":["Judgement","ConjureBlade"],"picked":"Alpha","floor":33},{"not_picked":["Weave+1","Evaluate+1","EmptyFist+1"],"picked":"SKIP","floor":35},{"not_picked":["Nirvana","ClearTheMind+1"],"picked":"FearNoEvil+1","floor":37},{"not_picked":["JustLucky+1","WindmillStrike+1"],"picked":"WheelKick+1","floor":38},{"not_picked":["Judgement","DeceiveReality"],"picked":"CutThroughFate+1","floor":41},{"not_picked":["Wallop+1","LikeWater+1","CarveReality+1"],"picked":"SKIP","floor":44},{"not_picked":["Pray+1","EmptyBody+1"],"picked":"ClearTheMind+1","floor":48}],"player_experience":198179,"relics_obtained":[{"floor":7,"key":"Gremlin Horn"},{"floor":9,"key":"Molten Egg 2"},{"floor":20,"key":"Red Mask"},{"floor":23,"key":"Bag of Marbles"},{"floor":26,"key":"Orichalcum"},{"floor":27,"key":"Regal Pillow"},{"floor":31,"key":"MealTicket"},{"floor":41,"key":"PreservedInsect"},{"floor":43,"key":"White Beast Statue"},{"floor":45,"key":"GoldenEye"},{"floor":46,"key":"Torii"}],"event_choices":[{"damage_healed":0,"gold_gain":75,"player_choice":"Gather Gold","damage_taken":11,"max_hp_gain":0,"max_hp_loss":0,"event_name":"World of Goop","floor":2,"gold_loss":0},{"cards_removed":["DevaForm"],"damage_healed":39,"gold_gain":0,"player_choice":"Offered Rare","damage_taken":0,"max_hp_gain":10,"max_hp_loss":0,"event_name":"Bonfire Elementals","floor":4,"gold_loss":0},{"damage_healed":0,"gold_gain":0,"player_choice":"Donut","damage_taken":0,"max_hp_gain":5,"max_hp_loss":0,"event_name":"Big Fish","floor":10,"gold_loss":0},{"damage_healed":0,"gold_gain":0,"player_choice":"Searched \u00271\u0027 times","damage_taken":0,"relics_obtained":["HornCleat"],"max_hp_gain":0,"max_hp_loss":0,"event_name":"Dead Adventurer","floor":11,"gold_loss":0},{"cards_removed":["Strike_P"],"damage_healed":0,"gold_gain":0,"player_choice":"Card Removal","damage_taken":0,"max_hp_gain":0,"max_hp_loss":0,"event_name":"The Cleric","floor":13,"gold_loss":50},{"damage_healed":0,"gold_gain":0,"player_choice":"Inject Mutagens","damage_taken":0,"relics_obtained":["MutagenicStrength"],"max_hp_gain":0,"max_hp_loss":0,"event_name":"Drug Dealer","floor":19,"gold_loss":0},{"damage_healed":0,"gold_gain":0,"player_choice":"Fought Bandits","damage_taken":0,"max_hp_gain":0,"max_hp_loss":0,"event_name":"Masked Bandits","floor":20,"gold_loss":0},{"damage_healed":0,"gold_gain":0,"player_choice":"Became a vampire","damage_taken":0,"max_hp_gain":0,"max_hp_loss":27,"event_name":"Vampires","floor":21,"gold_loss":0,"cards_obtained":["Bite","Bite","Bite","Bite","Bite"]},{"cards_removed":["Defend_P"],"damage_healed":0,"gold_gain":0,"player_choice":"Elegance","damage_taken":0,"max_hp_gain":0,"max_hp_loss":0,"event_name":"Back to Basics","floor":25,"gold_loss":0},{"damage_healed":0,"gold_gain":0,"player_choice":"Forge","damage_taken":0,"max_hp_gain":0,"max_hp_loss":0,"event_name":"Accursed Blacksmith","floor":28,"gold_loss":0,"cards_upgraded":["Judgement"]},{"damage_healed":0,"gold_gain":100,"player_choice":"Pray","damage_taken":0,"max_hp_gain":0,"max_hp_loss":0,"event_name":"Golden Shrine","floor":36,"gold_loss":0},{"cards_removed":["LikeWater"],"damage_healed":0,"gold_gain":0,"player_choice":"Removed Power","damage_taken":0,"max_hp_gain":0,"max_hp_loss":0,"event_name":"Falling","floor":42,"gold_loss":0},{"damage_healed":0,"gold_gain":0,"player_choice":"Fight","damage_taken":0,"max_hp_gain":0,"max_hp_loss":0,"event_name":"Mysterious Sphere","floor":45,"gold_loss":0},{"damage_healed":0,"gold_gain":0,"player_choice":"Fight","damage_taken":0,"max_hp_gain":0,"max_hp_loss":0,"event_name":"MindBloom","floor":46,"gold_loss":0}],"is_beta":false,"boss_relics":[{"not_picked":["Astrolabe","Runic Dome"],"picked":"HolyWater"},{"not_picked":["Velvet Choker","Tiny House"],"picked":"Sozu"}],"items_purged_floors":[3,22,39,47],"is_endless":false,"potions_floor_spawned":[14,16,20,29,33,38,41,44,45,46,48],"killed_by":"Time Eater","ascension_level":1}}