{"host":"gbbz8f5svnnpwo8d","time":1612007033,"event":{"mods":["A Penny For Your Troubles","AchievementEnabler","AlwaysNeverKeys","BaseMod","Bestiary","Better Altar","Better Match","Better Note","Better Sensory Stone","Better Silent Start","Better Skull","Better Third Choice","Better Vampires","Better-Laid Plans","BetterRewards","Block Reminder","Colored Map","Colored Powertips","Curses Come First","Dark Map","Displayed Cursed Tome","GifTheSpireLib","Minty Spire (QoL Compilation)","MonsterHotkey","Permanent Neow","Potion Indicator Mod","Quick Restart","Random Character Button","Rare Cards Sparkle","Relic Stats","Reliquary","Shop Mod","Spicy Shops","Spire Birthday Party","StSLib","Transform Curses"],"gold_per_floor":[115,115,115,30,30,30,44,44,44,75,89,106,106,106],"floor_reached":13,"language":"ENG","playtime":587,"items_purged":[],"score":83,"play_id":"58ad4af1-a451-41b1-909a-c00736056bfa","local_time":"20210130044353","is_ascension_mode":false,"campfire_choices":[{"floor":6,"key":"REST"},{"floor":8,"key":"REST"}],"circlet_count":0,"master_deck":["Strike_G","Strike_G","Strike_G","Defend_G","Defend_G","Defend_G","Defend_G","Survivor","Neutralize","Cloak And Dagger","PiercingWail","Blur","Cloak And Dagger","Poisoned Stab","After Image","Deflect"],"relics":["Ring of the Snake","Membership Card","MerchantsRug","Bag of Marbles","Matryoshka","Turnip","The Specimen","Potion Belt","Calipers","reliquary:RosewoodLute"],"acts_visited":["Exordium"],"potions_floor_usage":[10,12],"damage_taken":[{"damage":2,"enemies":"Jaw Worm","floor":1,"turns":4},{"damage":1,"enemies":"Cultist","floor":7,"turns":5},{"damage":18,"enemies":"3 Sentries","floor":10,"turns":10},{"damage":0,"enemies":"2 Louse","floor":11,"turns":3},{"damage":0,"enemies":"Exordium Thugs","floor":12,"turns":6},{"damage":53,"enemies":"Gremlin Nob","floor":13,"turns":6}],"seed_played":"-6349963613507317032","potions_obtained":[{"floor":7,"key":"SteroidPotion"},{"floor":11,"key":"Swift Potion"}],"is_trial":false,"path_per_floor":["M","?","?","$","$","R","M","R","T","E","M","M","E"],"character_chosen":"THE_SILENT","items_purchased":["Membership Card","MerchantsRug","Bag of Marbles","Matryoshka","The Specimen","Blur","Cloak And Dagger"],"campfire_rested":2,"item_purchase_floors":[0,0,0,0,0,4,4],"current_hp_per_floor":[28,21,19,19,19,40,39,60,60,42,42,42,0,0],"gold":106,"neow_bonus":"","is_daily":false,"chose_seed":false,"campfire_upgraded":0,"win_rate":0.0,"timestamp":1612007033,"path_taken":["M","?","?","?","$","R","?","R","T","E","M","M","E"],"items_purchased_type":["Relic","Relic","Relic","Relic","Relic","Card","Card"],"build_version":"2020-12-22","purchased_purges":0,"victory":false,"max_hp_per_floor":[70,70,70,70,70,70,70,70,70,70,70,70,70,70],"relic_stats":{"counters":[146,672],"Turnip":[3],"obtain_stats":[{"Ice Cream":48,"TwistedFunnel":27,"Calipers":9,"Gremlin Horn":52,"Vajra":23,"Ginger":39,"Bottled Tornado":45,"Boot":54,"Lizard Tail":48,"Strawberry":10,"MealTicket":0,"Fusion Hammer":17,"Necronomicon":29,"Kunai":0,"Toxic Egg 2":47,"Girya":37,"MerchantsRug":0,"Happy Flower":7,"Astrolabe":17,"Blue Candle":47,"Eternal Feather":9,"Tingsha":0,"Pen Nib":7,"Letter Opener":8,"Question Card":0,"Akabeko":36,"Du-Vu Doll":42,"SlaversCollar":17,"Shuriken":36,"Bronze Scales":54,"Bird Faced Urn":0,"Molten Egg 2":26,"Pandora\u0027s Box":34,"Unceasing Top":0,"Meat on the Bone":10,"Regal Pillow":14,"Lantern":44,"Torii":0,"Singing Bowl":43,"Snake Skull":43,"Incense Burner":47,"Empty Cage":34,"Cursed Key":17,"Emotion Chip":0,"Nunchaku":49,"Shovel":14,"Matryoshka":0,"WristBlade":34,"Ninja Scroll":28,"Gambling Chip":54,"Tiny Chest":27,"Red Mask":20,"Cracked Core":0,"InkBottle":43,"Ring of the Snake":0,"Potion Belt":28,"Lee\u0027s Waffle":0,"The Specimen":0,"Golden Idol":11,"Thread and Needle":13,"PreservedInsect":0,"The Courier":9,"Frozen Egg 2":9,"reliquary:RosewoodLute":10,"White Beast Statue":7,"Nuclear Battery":17,"Anchor":42,"Ornamental Fan":0,"Bloody Idol":28,"Turnip":53,"Art of War":26,"Bag of Marbles":53,"Bottled Lightning":26,"Membership Card":27,"FossilizedHelix":53,"Toy Ornithopter":54},{"Ice Cream":30,"TwistedFunnel":102,"Calipers":142,"Gremlin Horn":64,"Vajra":50,"Ginger":60,"Bottled Tornado":28,"Boot":90,"Lizard Tail":88,"Strawberry":120,"MealTicket":66,"Fusion Hammer":46,"Necronomicon":127,"Kunai":37,"Toxic Egg 2":62,"Girya":27,"MerchantsRug":33,"Happy Flower":4,"Astrolabe":99,"Blue Candle":137,"Eternal Feather":4,"Tingsha":91,"Pen Nib":69,"Letter Opener":43,"Question Card":66,"Akabeko":82,"Du-Vu Doll":109,"SlaversCollar":7,"Shuriken":130,"Bronze Scales":32,"Bird Faced Urn":115,"Molten Egg 2":51,"Pandora\u0027s Box":55,"Unceasing Top":33,"Meat on the Bone":5,"Regal Pillow":45,"Lantern":85,"Torii":37,"Singing Bowl":60,"Snake Skull":85,"Incense Burner":111,"Empty Cage":25,"Cursed Key":72,"Emotion Chip":0,"Nunchaku":63,"Shovel":45,"Matryoshka":140,"WristBlade":104,"Ninja Scroll":102,"Gambling Chip":65,"Tiny Chest":51,"Red Mask":48,"Cracked Core":0,"InkBottle":27,"Ring of the Snake":0,"Potion Belt":80,"Lee\u0027s Waffle":66,"The Specimen":140,"Golden Idol":5,"Thread and Needle":121,"PreservedInsect":0,"The Courier":43,"Frozen Egg 2":15,"reliquary:RosewoodLute":143,"White Beast Statue":42,"Nuclear Battery":19,"Anchor":60,"Ornamental Fan":0,"Bloody Idol":23,"Turnip":113,"Art of War":22,"Bag of Marbles":64,"Bottled Lightning":102,"Membership Card":102,"FossilizedHelix":113,"Toy Ornithopter":114},{"Ice Cream":146,"TwistedFunnel":496,"Calipers":647,"Gremlin Horn":310,"Vajra":253,"Ginger":297,"Bottled Tornado":134,"Boot":434,"Lizard Tail":422,"Strawberry":571,"MealTicket":324,"Fusion Hammer":235,"Necronomicon":595,"Kunai":197,"Toxic Egg 2":302,"Girya":121,"MerchantsRug":176,"Happy Flower":12,"Astrolabe":480,"Blue Candle":628,"Eternal Feather":12,"Tingsha":445,"Pen Nib":334,"Letter Opener":221,"Question Card":324,"Akabeko":393,"Du-Vu Doll":526,"SlaversCollar":26,"Shuriken":605,"Bronze Scales":170,"Bird Faced Urn":554,"Molten Egg 2":258,"Pandora\u0027s Box":275,"Unceasing Top":176,"Meat on the Bone":15,"Regal Pillow":227,"Lantern":407,"Torii":197,"Singing Bowl":297,"Snake Skull":407,"Incense Burner":535,"Empty Cage":106,"Cursed Key":351,"Emotion Chip":0,"Nunchaku":305,"Shovel":227,"Matryoshka":638,"WristBlade":510,"Ninja Scroll":496,"Gambling Chip":316,"Tiny Chest":258,"Red Mask":244,"Cracked Core":0,"InkBottle":121,"Ring of the Snake":0,"Potion Belt":378,"Lee\u0027s Waffle":324,"The Specimen":638,"Golden Idol":15,"Thread and Needle":577,"PreservedInsect":0,"The Courier":221,"Frozen Egg 2":51,"reliquary:RosewoodLute":657,"White Beast Statue":214,"Nuclear Battery":66,"Anchor":297,"Ornamental Fan":0,"Bloody Idol":91,"Turnip":543,"Art of War":85,"Bag of Marbles":310,"Bottled Lightning":496,"Membership Card":496,"FossilizedHelix":543,"Toy Ornithopter":546}],"Ring of the Snake":[0]},"card_choices":[{"not_picked":["Acrobatics","Footwork"],"picked":"PiercingWail","floor":1},{"not_picked":["Eviscerate","Heel Hook"],"picked":"Poisoned Stab","floor":7},{"not_picked":["Expertise","Dagger Spray"],"picked":"After Image","floor":10},{"not_picked":["Sucker Punch","Tactician"],"picked":"Deflect","floor":11},{"not_picked":["Quick Slash","Outmaneuver","Flying Knee"],"picked":"SKIP","floor":12}],"player_experience":3644678,"relics_obtained":[{"floor":9,"key":"Potion Belt"},{"floor":9,"key":"Calipers"},{"floor":10,"key":"reliquary:RosewoodLute"}],"event_choices":[{"cards_removed":["Strike_G"],"damage_healed":0,"gold_gain":0,"player_choice":"Card Removal","damage_taken":7,"max_hp_gain":0,"max_hp_loss":0,"event_name":"Golden Wing","floor":2,"gold_loss":0},{"damage_healed":0,"gold_gain":0,"player_choice":"LEAVE","damage_taken":2,"max_hp_gain":0,"max_hp_loss":0,"event_name":"betterThird:BetterScrap","floor":3,"gold_loss":0,"cards_obtained":["Electrodynamics"]}],"is_beta":false,"boss_relics":[],"items_purged_floors":[],"is_endless":false,"potions_floor_spawned":[7,11],"killed_by":"Gremlin Nob","ascension_level":0}}