{"host":"c44ey07ufggfw2m8","time":1612011008,"event":{"mods":["2.2 Compatiblity","BaseMod","Colored Map","DeckTracker","Highlight Path","Keyboard Shortcuts","Minty Spire (QoL Compilation)","Permanent Neow","Quick Restart","StSLib","SuperFastMode","UnlockEverythingMod"],"gold_per_floor":[116,126,14,64,64,96,46,46,72,147,147,181,25,48,48,174,174,193,118,141,141,160,160,178,178,178],"floor_reached":25,"language":"KOR","playtime":460,"items_purged":["Strike_G"],"score":351,"play_id":"df8514f9-315c-48ab-9454-860715b3320c","local_time":"20210130215008","is_ascension_mode":true,"campfire_choices":[{"data":"Blade Dance","floor":8.0,"key":"SMITH"},{"data":"Glass Knife","floor":15.0,"key":"SMITH"},{"floor":23.0,"key":"REST"}],"circlet_count":0,"master_deck":["AscendersBane","Strike_G","Strike_G","Defend_G","Defend_G","Defend_G","Defend_G","Defend_G","Survivor","Neutralize","Blade Dance+1","Flechettes","Accuracy","Noxious Fumes","Glass Knife+1","Corpse Explosion","Escape Plan","Phantasmal Killer","Deadly Poison","Prepared+1"],"relics":["Ring of the Snake","NeowsBlessing","Boot","Pear","Juzu Bracelet","Ancient Tea Set","Golden Idol","Vajra","HoveringKite"],"acts_visited":["Exordium","TheCity"],"potions_floor_usage":[],"damage_taken":[{"damage":0.0,"enemies":"Cultist","floor":1.0,"turns":1.0},{"damage":0.0,"enemies":"Small Slimes","floor":2.0,"turns":1.0},{"damage":0.0,"enemies":"3 Sentries","floor":6.0,"turns":1.0},{"damage":29.0,"enemies":"Lagavulin","floor":12.0,"turns":7.0},{"damage":0.0,"enemies":"Jaw Worm","floor":14.0,"turns":2.0},{"damage":18.0,"enemies":"Hexaghost","floor":16.0,"turns":8.0},{"damage":19.0,"enemies":"Shell Parasite","floor":18.0,"turns":4.0},{"damage":0.0,"enemies":"3 Byrds","floor":20.0,"turns":3.0},{"damage":13.0,"enemies":"3 Cultists","floor":22.0,"turns":3.0},{"damage":33.0,"enemies":"Snake Plant","floor":24.0,"turns":4.0},{"damage":0,"enemies":"Gremlin Leader","floor":25,"turns":1}],"seed_played":"5994645057764809077","potions_obtained":[{"floor":1.0,"key":"GamblersBrew"},{"floor":14.0,"key":"Strength Potion"},{"floor":18.0,"key":"Explosive Potion"},{"floor":22.0,"key":"ColorlessPotion"}],"is_trial":false,"path_per_floor":["M","M","$","T","?","E","?","R","T","?","?","E","$","M","R","B",null,"M","?","M","?","M","R","M","E"],"character_chosen":"THE_SILENT","items_purchased":["Accuracy","Corpse Explosion"],"campfire_rested":1,"item_purchase_floors":[3,13],"current_hp_per_floor":[63,63,63,63,70,70,70,70,70,59,59,30,30,30,30,12,59,40,40,40,33,20,42,9,9,9],"gold":178,"neow_bonus":"THREE_ENEMY_KILL","is_daily":false,"chose_seed":false,"campfire_upgraded":2,"win_rate":0.0,"timestamp":1612011008,"path_taken":["M","M","$","?","?","E","?","R","T","?","?","E","$","M","R","BOSS","M","?","M","?","M","R","M","E"],"items_purchased_type":["Card","Card"],"build_version":"2020-12-22","purchased_purges":1,"victory":false,"max_hp_per_floor":[70,70,70,70,80,80,80,80,80,80,74,74,74,74,74,74,74,74,74,74,74,74,74,74,74,74],"card_choices":[{"not_picked":["Skewer","Blade Dance","Dagger Throw"],"picked":"SKIP","floor":1.0},{"not_picked":["Skewer","Dagger Throw"],"picked":"Blade Dance","floor":1.0},{"not_picked":["Deflect","Infinite Blades"],"picked":"Flechettes","floor":2.0},{"not_picked":["Eviscerate","Accuracy"],"picked":"Noxious Fumes","floor":6.0},{"not_picked":["Concentrate","Skewer"],"picked":"Glass Knife","floor":12.0},{"not_picked":["Sucker Punch","Accuracy"],"picked":"Escape Plan","floor":14.0},{"not_picked":["Doppelganger","Tools of the Trade"],"picked":"Phantasmal Killer","floor":16.0},{"not_picked":["Endless Agony","Eviscerate"],"picked":"Deadly Poison","floor":18.0},{"not_picked":["Deadly Poison","Flechettes+1","Underhanded Strike"],"picked":"SKIP","floor":20.0},{"not_picked":["Quick Slash+1","Flying Knee"],"picked":"Prepared+1","floor":22.0},{"not_picked":["Poisoned Stab","Noxious Fumes","Infinite Blades"],"picked":"SKIP","floor":24.0}],"player_experience":93404,"relics_obtained":[{"floor":4.0,"key":"Boot"},{"floor":6.0,"key":"Juzu Bracelet"},{"floor":9.0,"key":"Ancient Tea Set"},{"floor":12.0,"key":"Vajra"}],"event_choices":[{"damage_healed":0.0,"max_hp_gain":0.0,"max_hp_loss":0.0,"gold_gain":0.0,"event_name":"Scrap Ooze","player_choice":"Success","floor":5.0,"gold_loss":0.0,"damage_taken":3.0,"relics_obtained":["Pear"]},{"cards_removed":["Strike_G"],"damage_healed":0.0,"max_hp_gain":0.0,"max_hp_loss":0.0,"gold_gain":0.0,"event_name":"The Cleric","player_choice":"Card Removal","floor":7.0,"gold_loss":50.0,"damage_taken":0.0},{"damage_healed":0.0,"max_hp_gain":0.0,"max_hp_loss":0.0,"gold_gain":75.0,"event_name":"World of Goop","player_choice":"Gather Gold","floor":10.0,"gold_loss":0.0,"damage_taken":11.0},{"damage_healed":0.0,"max_hp_gain":0.0,"max_hp_loss":6.0,"gold_gain":0.0,"event_name":"Golden Idol","player_choice":"Lose Max HP","floor":11.0,"gold_loss":0.0,"damage_taken":0.0,"relics_obtained":["Golden Idol"]},{"cards_removed":["Strike_G"],"damage_healed":0.0,"max_hp_gain":0.0,"max_hp_loss":0.0,"gold_gain":0.0,"event_name":"Beggar","player_choice":"Gave Gold","floor":19.0,"gold_loss":75.0,"damage_taken":0.0},{"damage_healed":0.0,"max_hp_gain":0.0,"max_hp_loss":0.0,"gold_gain":0.0,"event_name":"Wheel of Change","player_choice":"Damaged","floor":21.0,"gold_loss":0.0,"damage_taken":7.0}],"is_beta":false,"boss_relics":[{"not_picked":["Calling Bell","Black Star"],"picked":"HoveringKite"}],"items_purged_floors":[3],"is_endless":false,"potions_floor_spawned":[1,14,18,22],"killed_by":"Gremlin Leader","ascension_level":10}}