{"host":"yrnalve8h0i0utgz","time":1612049062,"event":{"mods":["BaseMod","Bestiary","Minty Spire (QoL Compilation)","StSLib","SuperFastMode"],"gold_per_floor":[115,134,154,254,26,26,55,55,100,119,129,154,174,184,184,282,282,296,309,129,143,153,178,178,194,194,224,224,255,272,286,286,390,390,400,419,433,483,483,483,510,528,555,555,580,132,132,186,186,186],"floor_reached":51,"language":"ENG","playtime":2347,"items_purged":["Strike_R","Strike_R","Strike_R"],"score":957,"play_id":"4c30a24f-d294-422a-b3f9-528a05dd4bd0","local_time":"20210131002422","is_ascension_mode":true,"campfire_choices":[{"data":"Armaments","floor":6,"key":"SMITH"},{"data":"Bash","floor":8,"key":"SMITH"},{"data":"Searing Blow","floor":15,"key":"SMITH"},{"data":"Searing Blow+1","floor":24,"key":"SMITH"},{"data":"Searing Blow+2","floor":28,"key":"SMITH"},{"data":"Searing Blow+3","floor":32,"key":"SMITH"},{"data":"Searing Blow+4","floor":40,"key":"SMITH"},{"data":"Searing Blow+5","floor":44,"key":"SMITH"},{"data":"Searing Blow+6","floor":49,"key":"SMITH"}],"circlet_count":0,"master_deck":["Strike_R+1","Strike_R","Defend_R","Defend_R+1","Defend_R","Defend_R","Bash+1","Armaments+1","Disarm+1","Heavy Blade","Dual Wield","Searing Blow+7","Impervious","Inflame+1","Juggernaut+1","Combust+1","Pommel Strike+1","Uppercut","Armaments+1","Doubt","Reaper","Double Tap","Cleave+1","Clothesline+1","Pain","Uppercut+1"],"relics":["Snecko Eye","War Paint","Toy Ornithopter","Bronze Scales","Frozen Egg 2","Cursed Key","MealTicket","Mercury Hourglass","Potion Belt","PreservedInsect","Runic Cube","Shovel","Nunchaku","Happy Flower","Sundial","Whetstone","Champion Belt"],"acts_visited":["Exordium","TheCity","TheBeyond"],"potions_floor_usage":[7,23,23,27,27,29,29,29,29,30,33,33,37,41,41,48,50,50,50],"damage_taken":[{"damage":0,"enemies":"Cultist","floor":1,"turns":3},{"damage":7,"enemies":"Small Slimes","floor":2,"turns":4},{"damage":3,"enemies":"2 Louse","floor":3,"turns":6},{"damage":5,"enemies":"Lagavulin","floor":7,"turns":7},{"damage":0,"enemies":"Gremlin Gang","floor":10,"turns":4},{"damage":4,"enemies":"2 Fungi Beasts","floor":11,"turns":3},{"damage":14,"enemies":"Gremlin Nob","floor":12,"turns":4},{"damage":8,"enemies":"Looter","floor":13,"turns":3},{"damage":2,"enemies":"Large Slime","floor":14,"turns":7},{"damage":30,"enemies":"The Guardian","floor":16,"turns":13},{"damage":8,"enemies":"Spheric Guardian","floor":18,"turns":5},{"damage":0,"enemies":"Chosen","floor":19,"turns":4},{"damage":0,"enemies":"Snecko","floor":21,"turns":3},{"damage":3,"enemies":"Sentry and Sphere","floor":22,"turns":4},{"damage":18,"enemies":"Slavers","floor":23,"turns":4},{"damage":13,"enemies":"Chosen and Byrds","floor":25,"turns":4},{"damage":17,"enemies":"Book of Stabbing","floor":27,"turns":4},{"damage":7,"enemies":"Gremlin Leader","floor":29,"turns":4},{"damage":20,"enemies":"Snake Plant","floor":30,"turns":4},{"damage":26,"enemies":"Shelled Parasite and Fungi","floor":31,"turns":4},{"damage":38,"enemies":"Champ","floor":33,"turns":8},{"damage":4,"enemies":"3 Shapes","floor":35,"turns":2},{"damage":8,"enemies":"Orb Walker","floor":36,"turns":3},{"damage":37,"enemies":"Transient","floor":37,"turns":5},{"damage":3,"enemies":"Mind Bloom Boss Battle","floor":38,"turns":7},{"damage":57,"enemies":"Reptomancer","floor":41,"turns":6},{"damage":22,"enemies":"Sphere and 2 Shapes","floor":42,"turns":3},{"damage":32,"enemies":"Nemesis","floor":45,"turns":7},{"damage":11,"enemies":"2 Orb Walkers","floor":48,"turns":2},{"damage":57,"enemies":"Time Eater","floor":50,"turns":7}],"seed_played":"-1655128920435882457","potions_obtained":[{"floor":2,"key":"ColorlessPotion"},{"floor":7,"key":"GamblersBrew"},{"floor":13,"key":"BlessingOfTheForge"},{"floor":16,"key":"EssenceOfSteel"},{"floor":23,"key":"Fruit Juice"},{"floor":25,"key":"Energy Potion"},{"floor":27,"key":"EntropicBrew"},{"floor":29,"key":"Block Potion"},{"floor":33,"key":"BloodPotion"},{"floor":36,"key":"Explosive Potion"},{"floor":38,"key":"Block Potion"},{"floor":48,"key":"SteroidPotion"}],"is_trial":false,"path_per_floor":["M","M","M","?","$","R","E","R","T","M","M","E","M","M","R","B",null,"M","M","$","M","M","E","R","M","T","E","R","E","M","M","R","B",null,"M","M","M","?","?","R","E","M","T","R","E","$","?","?","R","B",null],"character_chosen":"IRONCLAD","items_purchased":["War Paint","Juggernaut+1","Whetstone","Swift Potion","Strength Potion","LiquidBronze"],"campfire_rested":0,"item_purchase_floors":[5,20,46,46,46,46],"current_hp_per_floor":[80,73,70,70,70,70,65,65,65,65,61,47,39,37,37,7,80,72,72,72,72,69,66,66,53,53,46,46,64,53,42,42,21,85,81,81,49,54,54,54,48,48,48,48,28,43,43,57,57,31],"gold":186,"neow_bonus":"BOSS_RELIC","is_daily":false,"chose_seed":false,"campfire_upgraded":9,"win_rate":0.0,"timestamp":1612049062,"path_taken":["M","M","M","?","?","R","E","R","T","?","M","E","M","M","R","BOSS","M","M","$","M","M","E","R","M","T","E","R","E","M","?","R","BOSS","M","M","M","?","?","R","E","?","T","R","E","$","?","?","R","BOSS"],"items_purchased_type":["Relic","Card","Relic","Potion","Potion","Potion"],"build_version":"2020-12-22","purchased_purges":3,"victory":true,"max_hp_per_floor":[80,80,80,80,80,80,80,80,80,80,80,80,80,80,80,80,80,80,80,80,80,80,85,85,85,85,85,85,85,85,85,85,85,85,85,85,85,85,85,85,85,85,85,85,85,85,85,85,85,85],"card_choices":[{"not_picked":["Body Slam","Flex","Warcry"],"picked":"SKIP","floor":1},{"not_picked":["Metallicize","Warcry"],"picked":"Armaments","floor":2},{"not_picked":["Twin Strike","Dark Embrace"],"picked":"Disarm","floor":3},{"not_picked":["Flex","True Grit"],"picked":"Heavy Blade","floor":7},{"not_picked":["Twin Strike","Clash"],"picked":"Dual Wield","floor":10},{"not_picked":["Evolve","Berserk","Searing Blow"],"picked":"SKIP","floor":11},{"not_picked":["Evolve","Berserk"],"picked":"Searing Blow","floor":11},{"not_picked":["Flex","Rampage","Thunderclap"],"picked":"SKIP","floor":12},{"not_picked":["Thunderclap","Brutality+1"],"picked":"Disarm","floor":13},{"not_picked":["Warcry","Clash","Dark Embrace+1"],"picked":"SKIP","floor":14},{"not_picked":["Immolate","Fiend Fire"],"picked":"Impervious","floor":16},{"not_picked":["Body Slam","Pummel","Twin Strike"],"picked":"SKIP","floor":18},{"not_picked":["Rupture+1","Warcry"],"picked":"Inflame+1","floor":19},{"not_picked":["Clash","Havoc"],"picked":"Combust+1","floor":21},{"not_picked":["Sword Boomerang","Clash"],"picked":"Pommel Strike","floor":22},{"not_picked":["Spot Weakness","Brutality+1"],"picked":"Uppercut","floor":23},{"not_picked":["Twin Strike","Shrug It Off+1"],"picked":"Armaments","floor":25},{"not_picked":["Clash","Wild Strike"],"picked":"Reaper","floor":27},{"not_picked":["Burning Pact","Disarm","Twin Strike"],"picked":"SKIP","floor":29},{"not_picked":["Body Slam","Flex","Hemokinesis"],"picked":"SKIP","floor":30},{"not_picked":["Sentinel","Power Through","Heavy Blade+1"],"picked":"SKIP","floor":31},{"not_picked":["Exhume","Feed"],"picked":"Double Tap","floor":33},{"not_picked":["Anger+1","Thunderclap+1"],"picked":"Cleave+1","floor":35},{"not_picked":["Wild Strike","Iron Wave+1"],"picked":"Clothesline+1","floor":36},{"not_picked":["Anger+1","Body Slam","Iron Wave"],"picked":"SKIP","floor":37},{"not_picked":["Disarm","Warcry","Wild Strike"],"picked":"SKIP","floor":41},{"not_picked":["Sword Boomerang+1","Spot Weakness+1","Armaments+1"],"picked":"SKIP","floor":42},{"not_picked":["Fire Breathing+1","Juggernaut+1","Armaments"],"picked":"SKIP","floor":45},{"not_picked":["Flex","Body Slam"],"picked":"Uppercut+1","floor":48}],"player_experience":238410,"relics_obtained":[{"floor":7,"key":"Toy Ornithopter"},{"floor":9,"key":"Bronze Scales"},{"floor":12,"key":"Frozen Egg 2"},{"floor":23,"key":"MealTicket"},{"floor":26,"key":"Mercury Hourglass"},{"floor":27,"key":"Potion Belt"},{"floor":29,"key":"PreservedInsect"},{"floor":38,"key":"Shovel"},{"floor":41,"key":"Nunchaku"},{"floor":43,"key":"Happy Flower"},{"floor":45,"key":"Sundial"},{"floor":48,"key":"Champion Belt"}],"event_choices":[{"damage_healed":0,"gold_gain":100,"player_choice":"Pray","damage_taken":0,"max_hp_gain":0,"max_hp_loss":0,"event_name":"Golden Shrine","floor":4,"gold_loss":0},{"damage_healed":0,"gold_gain":0,"player_choice":"Fight","damage_taken":0,"max_hp_gain":0,"max_hp_loss":0,"event_name":"MindBloom","floor":38,"gold_loss":0},{"damage_healed":0,"gold_gain":0,"player_choice":"Forge","damage_taken":0,"max_hp_gain":0,"max_hp_loss":0,"event_name":"Accursed Blacksmith","floor":39,"gold_loss":0,"cards_upgraded":["Armaments"]},{"cards_removed":["Disarm"],"damage_healed":0,"gold_gain":0,"player_choice":"Removed Skill","damage_taken":0,"max_hp_gain":0,"max_hp_loss":0,"event_name":"Falling","floor":47,"gold_loss":0},{"damage_healed":0,"gold_gain":0,"player_choice":"Fight","damage_taken":0,"max_hp_gain":0,"max_hp_loss":0,"event_name":"Mysterious Sphere","floor":48,"gold_loss":0}],"is_beta":false,"boss_relics":[{"not_picked":["Velvet Choker","Runic Dome"],"picked":"Cursed Key"},{"not_picked":["Philosopher\u0027s Stone","Sozu"],"picked":"Runic Cube"}],"items_purged_floors":[5,20,46],"is_endless":false,"potions_floor_spawned":[2,7,13,16,21,23,25,27,29,33,36,38,48],"ascension_level":4}}