{"host":"b5jaqh8y266k2cz4","time":1612035993,"event":{"mods":["AchievementEnabler","Aspiration","BaseMod","Colored Powertips","Conspire","Downfall","Googly Eyes","Hermit","Highlight Path","Hubris","Infinite Spire","MarisaÅiñ∂âJÅ@ñÇóùçπÅj","Mimic Mod","Minty Spire (QoL Compilation)","Replay The Spire","SOSÅiézîb?îVéqÅj","Spikes Relics","StSLib","Synergy Search","The Animator","The Cursed","The Jungle","The Necromancer","The Servant 0.9.4","The Wild Card","slay the spire mod where everything is the same but ironclad has a cowboy hat","Åyå˜î\ModÅz?ñæìIç≈?Boss"],"gold_per_floor":[115,115,131,131,131,161,176,189,189,189,36,56,74,89,89,187,187,205,205,205,222,242,242,67,93,93,110,28,28,40,51,51,150,150,160,120,19,19,64,64,64,116,447,447,447],"floor_reached":44,"language":"ENG","playtime":2657,"items_purged":[],"score":478,"play_id":"061dbc4f-f778-40b1-b517-7224b0f76d20","local_time":"20210130144633","is_ascension_mode":false,"campfire_choices":[{"floor":15,"key":"DIG"},{"data":"hermit:Vantage","floor":23,"key":"SMITH"},{"floor":29,"key":"REST"},{"floor":32,"key":"REST"},{"data":"hermit:Reprieve","floor":41,"key":"SMITH"}],"circlet_count":0,"master_deck":["hermit:Strike_Hermit","hermit:Strike_Hermit","hermit:Strike_Hermit","hermit:Strike_Hermit","hermit:Defend_Hermit","hermit:Defend_Hermit","hermit:Defend_Hermit","hermit:Defend_Hermit+1","hermit:Snapshot+1","hermit:Covet","hermit:Vantage+1","Injury","hermit:GoldenBullet","hermit:GoldenBullet","hermit:Brawl+1","hermit:Vantage","hermit:ItchyTrigger","hermit:Headshot","hermit:GoldenBullet","hermit:PistolWhip","hermit:FatalDesire+1","CurseOfTheBell","hermit:Ricochet+1","hermit:Determination+1","hermit:BigShot+1","hermit:WideOpen+1","hermit:Dive","hermit:Grudge+1","hermit:Determination+1","hermit:Showdown+1","hermit:Reprieve+1","hermit:WideOpen+1","hermit:Headshot+1","hermit:Glare","hermit:Maintenance","hermit:EyeOfTheStorm"],"relics":["hermit:Momento","NeowsBlessing","Frozen Egg 2","hubris:Towel","PreservedInsect","infinitespire:FocusingShard","Replay:Wax Seal","hubris:EmptyBottle","Molten Egg 2","Calling Bell","Blood Vial","GiantMaggot","hubris:CuriousFeather","theJungle:WildPear","infinitespire:CheckeredPen","Tiny Chest","Vajra","CherryCoatedStake","Honey Jar","CatCart","hubris:BottledRain","FossilizedHelix","Old Coin","SuspiciousGoo"],"acts_visited":["Exordium","theJungle:Jungle","TheBeyond"],"potions_floor_usage":[16,16,16,16,16,16,16,16,16,18,25,30,33,33,39,39,39],"damage_taken":[{"damage":0,"enemies":"Jaw Worm","floor":1,"turns":1},{"damage":0,"enemies":"Small Slimes","floor":3,"turns":2},{"damage":0,"enemies":"3 Sentries","floor":6,"turns":2},{"damage":7,"enemies":"conspire:RoseBush","floor":7,"turns":5},{"damage":9,"enemies":"Exordium Wildlife","floor":8,"turns":2},{"damage":7,"enemies":"conspire:2 RoseBushes","floor":12,"turns":5},{"damage":0,"enemies":"3 Louse","floor":13,"turns":3},{"damage":12,"enemies":"Exordium Thugs","floor":14,"turns":4},{"damage":20,"enemies":"Hexaghost","floor":16,"turns":8},{"damage":5,"enemies":"Shell Parasite","floor":18,"turns":4},{"damage":23,"enemies":"theJungle:GiantWrat","floor":21,"turns":6},{"damage":8,"enemies":"theJungle:Lyon","floor":22,"turns":3},{"damage":13,"enemies":"theJungle:2_Phrogs","floor":25,"turns":4},{"damage":9,"enemies":"theJungle:SlimyTreeVines","floor":27,"turns":4},{"damage":12,"enemies":"theJungle:Snecko_Cultist_And_Trap","floor":30,"turns":4},{"damage":17,"enemies":"theJungle:Lyon","floor":31,"turns":4},{"damage":32,"enemies":"theJungle:FunGuy","floor":33,"turns":8},{"damage":10,"enemies":"Orb Walker","floor":35,"turns":2},{"damage":120,"enemies":"Orin","floor":39,"turns":10},{"damage":57,"enemies":"2 Orb Walkers","floor":42,"turns":5},{"damage":7,"enemies":"3 Darklings","floor":43,"turns":6},{"damage":19,"enemies":"3 Darklings","floor":44,"turns":2}],"seed_played":"7093893055800257383","potions_obtained":[{"floor":1,"key":"ColorlessPotion"},{"floor":6,"key":"PowerPotion"},{"floor":7,"key":"Elixir"},{"floor":14,"key":"Energy Potion"},{"floor":21,"key":"Energy Potion"},{"floor":22,"key":"SkillPotion"},{"floor":27,"key":"FairyPotion"},{"floor":33,"key":"LiquidBronze"},{"floor":42,"key":"FearPotion"}],"is_trial":false,"path_per_floor":["M","?","M","?","?","E","M","M","T","?","$","M","M","M","R","B",null,"M","?","T","M","M","R","$","E","T","M","$","R","M","M","R","B",null,"M","?","$","$","?","T","R","?","MIM","M"],"character_chosen":"HERMIT","items_purchased":["hubris:EmptyBottle","Tiny Chest","hermit:WideOpen+1","hermit:Determination+1","hermit:Headshot+1","Energy Potion"],"campfire_rested":2,"item_purchase_floors":[11,24,24,28,37,37],"current_hp_per_floor":[75,75,75,75,75,75,68,59,59,56,56,49,49,37,37,17,75,70,80,80,59,53,53,53,42,42,40,40,65,57,42,67,37,85,75,75,75,75,11,11,11,2,4,0,0],"gold":447,"neow_bonus":"THREE_ENEMY_KILL","is_daily":false,"chose_seed":false,"campfire_upgraded":2,"win_rate":0.0,"timestamp":1612035993,"path_taken":["M","?","M","?","?","E","?","M","T","?","$","M","M","M","R","BOSS","M","?","?","M","M","R","?","E","T","M","$","R","M","M","R","BOSS","M","?","?","$","?","?","R","?","MIM","?"],"items_purchased_type":["Relic","Relic","Card","Card","Card","Potion"],"build_version":"2020-12-22","purchased_purges":0,"victory":false,"max_hp_per_floor":[75,75,75,75,75,75,75,75,75,75,75,75,75,75,75,75,75,75,85,85,85,85,85,85,85,85,85,85,85,85,85,85,85,85,85,85,85,85,85,85,85,85,85,85,85],"card_choices":[{"not_picked":["hermit:Showdown","hermit:Scavenge"],"picked":"hermit:Vantage","floor":1},{"not_picked":["hermit:Grudge","hermit:Midnight"],"picked":"hermit:GoldenBullet","floor":3},{"not_picked":["hermit:Horror","hermit:Desperado"],"picked":"hermit:Brawl+1","floor":6},{"not_picked":["hermit:LuckOfTheDraw","hermit:DeadOrAlive"],"picked":"hermit:Vantage","floor":7},{"not_picked":["hermit:HighCaliber","hermit:Ricochet"],"picked":"hermit:ItchyTrigger","floor":8},{"not_picked":["hermit:ItchyTrigger","hermit:CursedWeapon"],"picked":"hermit:Headshot","floor":12},{"not_picked":["hermit:Feint","hermit:Cheat"],"picked":"hermit:GoldenBullet","floor":13},{"not_picked":["hermit:Snipe","hermit:Showdown"],"picked":"hermit:PistolWhip","floor":14},{"not_picked":["hermit:HeroicBravado","hermit:Gambit"],"picked":"hermit:FatalDesire+1","floor":16},{"not_picked":["hermit:Combo+1","hermit:Snipe"],"picked":"hermit:Ricochet+1","floor":18},{"not_picked":["hermit:Manifest+1","hermit:SprayPray+1"],"picked":"hermit:Determination+1","floor":21},{"not_picked":["hermit:CalledShot+1","hermit:Misfire+1"],"picked":"hermit:BigShot+1","floor":22},{"not_picked":["hermit:EyeOfTheStorm","hermit:HoleUp"],"picked":"hermit:Dive","floor":25},{"not_picked":["hermit:BlackWind+1","hermit:Feint"],"picked":"hermit:Grudge+1","floor":27},{"not_picked":["hermit:TakeCover","hermit:FullyLoaded+1","hermit:Manifest"],"picked":"SKIP","floor":30},{"not_picked":["hermit:FullyLoaded","hermit:LuckOfTheDraw"],"picked":"hermit:Showdown+1","floor":31},{"not_picked":["hermit:Adapt+1","hermit:Dissolve"],"picked":"hermit:Reprieve","floor":33},{"not_picked":["hermit:HighCaliber+1","hermit:RoundhouseKick+1","hermit:Glare"],"picked":"hermit:WideOpen+1","floor":35},{"not_picked":["hermit:Dive","hermit:FinalCanter+1","hermit:TrackingShot+1"],"picked":"hermit:Glare","floor":39},{"not_picked":["hermit:Quickdraw+1","hermit:TrackingShot+1","hermit:Coalescence+1"],"picked":"hermit:Maintenance","floor":42},{"not_picked":["hermit:Virtue+1","hermit:Cheat","hermit:Snipe"],"picked":"hermit:EyeOfTheStorm","floor":43}],"player_experience":324169,"relics_obtained":[{"floor":6,"key":"PreservedInsect"},{"floor":9,"key":"infinitespire:FocusingShard"},{"floor":15,"key":"Molten Egg 2"},{"floor":17,"key":"Blood Vial"},{"floor":17,"key":"GiantMaggot"},{"floor":17,"key":"hubris:CuriousFeather"},{"floor":20,"key":"infinitespire:CheckeredPen"},{"floor":25,"key":"Vajra"},{"floor":26,"key":"CherryCoatedStake"},{"floor":39,"key":"CatCart"},{"floor":40,"key":"hubris:BottledRain"},{"floor":42,"key":"FossilizedHelix"},{"floor":43,"key":"Old Coin"},{"floor":43,"key":"SuspiciousGoo"}],"event_choices":[{"damage_healed":0,"gold_gain":0,"player_choice":"Success","damage_taken":3,"relics_obtained":["Replay:Wax Seal"],"max_hp_gain":0,"max_hp_loss":0,"event_name":"Scrap Ooze","floor":10,"gold_loss":0},{"damage_healed":0,"gold_gain":0,"player_choice":"Upgraded Two","damage_taken":0,"max_hp_gain":0,"max_hp_loss":0,"event_name":"Designer","floor":36,"gold_loss":40,"cards_upgraded":["hermit:Snapshot","hermit:Defend_Hermit"]},{"damage_healed":0,"gold_gain":0,"player_choice":"Fight","damage_taken":0,"max_hp_gain":0,"max_hp_loss":0,"event_name":"OrinTheCat","floor":39,"gold_loss":0},{"damage_healed":0,"gold_gain":0,"player_choice":"Fight","damage_taken":0,"max_hp_gain":0,"max_hp_loss":0,"event_name":"Mysterious Sphere","floor":42,"gold_loss":0}],"is_beta":false,"boss_relics":[{"not_picked":["Runic Dome","hubris:TerracottaHorce"],"picked":"Calling Bell"},{"not_picked":["aspiration:SecretTechniqueScroll","aspiration:PoetsPen_weak"],"picked":"Honey Jar"}],"items_purged_floors":[],"is_endless":false,"potions_floor_spawned":[1,6,7,14,21,22,27,33,42],"killed_by":"3 Darklings","ascension_level":0}}