{"host":"y7357sx8ps3jkgoj","time":1612047106,"event":{"mods":["BaseMod","Friendly Minions","Minty Spire (QoL Compilation)","Permanent Neow","Relic Stats","Shop Mod","StSLib","The Alterego","Uncapped","Unceasing Turn Reminder"],"gold_per_floor":[118,43,43,43,64,64,64],"floor_reached":6,"language":"ENG","playtime":341,"items_purged":["alterego_mod:Impale"],"score":48,"play_id":"96fab8b7-fe44-4b27-82be-97839d3e155b","local_time":"20210130165146","is_ascension_mode":true,"campfire_choices":[],"circlet_count":0,"master_deck":["alterego_mod:Strike","alterego_mod:Strike","alterego_mod:Strike","alterego_mod:Strike","alterego_mod:Defend","alterego_mod:Defend","alterego_mod:Defend","alterego_mod:Defend","alterego_mod:BigMeatyClaws","alterego_mod:BrynhildrsRune"],"relics":["alterego_mod:MasochisticConstitution","Golden Idol"],"acts_visited":["Exordium"],"potions_floor_usage":[],"damage_taken":[{"damage":10,"enemies":"Small Slimes","floor":1,"turns":7},{"damage":7,"enemies":"Jaw Worm","floor":5,"turns":9},{"damage":64,"enemies":"Lagavulin","floor":6,"turns":10}],"seed_played":"-5466359200869199430","potions_obtained":[],"is_trial":false,"path_per_floor":["M","$","?","?","M","E"],"character_chosen":"The_Alterego","items_purchased":[],"campfire_rested":0,"item_purchase_floors":[],"current_hp_per_floor":[68,68,68,51,52,0,0],"gold":64,"neow_bonus":"ONE_RANDOM_RARE_CARD","is_daily":false,"chose_seed":false,"campfire_upgraded":0,"win_rate":0.0,"timestamp":1612047106,"path_taken":["M","$","?","?","M","E"],"items_purchased_type":[],"build_version":"2020-12-22","purchased_purges":1,"victory":false,"max_hp_per_floor":[71,71,71,71,72,72,72],"relic_stats":{"counters":[3,26],"Golden Idol":4,"obtain_stats":[{"alterego_mod:MasochisticConstitution":0,"Golden Idol":4},{"alterego_mod:MasochisticConstitution":0,"Golden Idol":1},{"alterego_mod:MasochisticConstitution":0,"Golden Idol":7}]},"card_choices":[{"not_picked":["alterego_mod:Skirt","alterego_mod:Jiggle","alterego_mod:Undulate"],"picked":"SKIP","floor":1},{"not_picked":["alterego_mod:HighServant","alterego_mod:Swimsuit","alterego_mod:Bloomers"],"picked":"SKIP","floor":5}],"player_experience":352406,"relics_obtained":[],"event_choices":[{"cards_removed":["alterego_mod:InsideBaseball"],"damage_healed":0,"gold_gain":0,"player_choice":"Forget","damage_taken":0,"max_hp_gain":0,"max_hp_loss":0,"event_name":"Living Wall","floor":3,"gold_loss":0},{"damage_healed":0,"gold_gain":0,"player_choice":"Take Damage","damage_taken":17,"relics_obtained":["Golden Idol"],"max_hp_gain":0,"max_hp_loss":0,"event_name":"Golden Idol","floor":4,"gold_loss":0}],"is_beta":false,"boss_relics":[],"items_purged_floors":[2],"is_endless":false,"potions_floor_spawned":[],"killed_by":"Lagavulin","ascension_level":8}}