{"host":"yx5rao87132cy5xq","time":1612047496,"event":{"mods":["2.2 Compatiblity","AchievementEnabler","BaseMod","Bestiary","Colored Map","Colored Powertips","Minty Spire (QoL Compilation)","Quick Restart","Relic Stats","Slay-I","SuperFastMode"],"gold_per_floor":[117,117,137,161,89,89,14,54,54,66,78,131,161,223,235,247,247],"floor_reached":16,"language":"ENG","playtime":998,"items_purged":[],"score":189,"play_id":"e5ee4341-7066-4613-9805-60ba57ce5772","local_time":"20210130235816","is_ascension_mode":true,"campfire_choices":[{"floor":6,"key":"REST"},{"data":"Uppercut","floor":11,"key":"SMITH"},{"floor":15,"key":"REST"}],"circlet_count":0,"master_deck":["AscendersBane","Strike_R","Strike_R","Strike_R","Strike_R","Defend_R","Defend_R","Defend_R","Defend_R","Bash","Exhume","Intimidate","Shockwave","Uppercut+1","Whirlwind","Reckless Charge","Cleave","Carnage"],"relics":["Burning Blood","Golden Idol","Eternal Feather","MawBank","SsserpentHead","Juzu Bracelet"],"acts_visited":["Exordium"],"potions_floor_usage":[8,13,13],"damage_taken":[{"damage":6,"enemies":"Cultist","floor":1,"turns":3},{"damage":11,"enemies":"Jaw Worm","floor":3,"turns":5},{"damage":14,"enemies":"Small Slimes","floor":4,"turns":4},{"damage":25,"enemies":"3 Sentries","floor":8,"turns":7},{"damage":37,"enemies":"Lagavulin","floor":12,"turns":6},{"damage":6,"enemies":"Gremlin Gang","floor":13,"turns":4},{"damage":41,"enemies":"Hexaghost","floor":16,"turns":8}],"seed_played":"3407949953349202432","potions_obtained":[{"floor":1,"key":"Fire Potion"},{"floor":3,"key":"ColorlessPotion"},{"floor":12,"key":"DistilledChaos"}],"is_trial":false,"path_per_floor":["M","?","M","M","$","R","?","E","T","?","R","E","M","?","R","B"],"character_chosen":"IRONCLAD","items_purchased":["Whirlwind"],"campfire_rested":2,"item_purchase_floors":[5],"current_hp_per_floor":[68,42,37,29,29,51,51,32,32,32,41,10,10,10,41,0,0],"gold":247,"neow_bonus":"ONE_RANDOM_RARE_CARD","is_daily":false,"chose_seed":false,"campfire_upgraded":1,"win_rate":0.0,"timestamp":1612047496,"path_taken":["M","?","M","M","$","R","?","E","T","?","R","E","M","?","R","BOSS"],"items_purchased_type":["Card"],"build_version":"2020-12-22","purchased_purges":0,"victory":false,"max_hp_per_floor":[75,75,75,75,75,75,75,75,75,75,75,75,75,75,75,75,75],"relic_stats":{"SsserpentHead":50,"counters":[7,37],"Golden Idol":29,"Eternal Feather":18,"Juzu Bracelet":1,"MawBank":84,"obtain_stats":[{"SsserpentHead":10,"Golden Idol":2,"Eternal Feather":8,"Juzu Bracelet":12,"MawBank":9,"Burning Blood":0},{"SsserpentHead":4,"Golden Idol":1,"Eternal Feather":4,"Juzu Bracelet":5,"MawBank":4,"Burning Blood":0},{"SsserpentHead":19,"Golden Idol":3,"Eternal Feather":19,"Juzu Bracelet":25,"MawBank":19,"Burning Blood":0}],"Burning Blood":36},"card_choices":[{"not_picked":["Searing Blow","Rage"],"picked":"Intimidate","floor":1},{"not_picked":["Clash","Intimidate"],"picked":"Shockwave","floor":3},{"not_picked":["Clash","Flex"],"picked":"Uppercut","floor":4},{"not_picked":["Infernal Blade","True Grit"],"picked":"Reckless Charge","floor":8},{"not_picked":["Sword Boomerang","Rage"],"picked":"Cleave","floor":12},{"not_picked":["Perfected Strike","Fire Breathing"],"picked":"Carnage","floor":13}],"player_experience":921744,"relics_obtained":[{"floor":8,"key":"Eternal Feather"},{"floor":9,"key":"MawBank"},{"floor":12,"key":"Juzu Bracelet"}],"event_choices":[{"damage_healed":0,"gold_gain":0,"player_choice":"Take Damage","damage_taken":26,"relics_obtained":["Golden Idol"],"max_hp_gain":0,"max_hp_loss":0,"event_name":"Golden Idol","floor":2,"gold_loss":0},{"cards_removed":["Strike_R"],"damage_healed":0,"gold_gain":0,"player_choice":"Card Removal","damage_taken":0,"max_hp_gain":0,"max_hp_loss":0,"event_name":"The Cleric","floor":7,"gold_loss":75},{"damage_healed":0,"gold_gain":0,"player_choice":"Trade","damage_taken":0,"relics_obtained":["SsserpentHead"],"max_hp_gain":0,"max_hp_loss":0,"event_name":"FaceTrader","floor":10,"gold_loss":0},{"damage_healed":0,"gold_gain":0,"player_choice":"Ignored","damage_taken":0,"max_hp_gain":0,"max_hp_loss":0,"event_name":"Liars Game","floor":14,"gold_loss":0}],"is_beta":false,"boss_relics":[],"items_purged_floors":[],"is_endless":false,"potions_floor_spawned":[1,3,12],"killed_by":"Hexaghost","ascension_level":15}}