{"host":"v3kezv78kizrjutp","time":1612046902,"event":{"mods":["BaseMod","BetterRewards","Colored Map","DeckTracker","Downfall","Duelist Mod","GifTheSpireLib","Highlight Path","Hubris","Infinite Spire","Jorbs\u0027s Wanderer Trilogy","Koishi","Marisa????????","Minty Spire (QoL Compilation)","Permanent Neow","Quick Restart","Random Character Button","Replay The Spire","Robot Space Explorer","Shop Mod","StSLib","Stuff the Spire","SuperFastMode","The Animator","The Blackbeard","The Construct","The Disciple","The Elementalist","The Jungle","The Necromancer","The Poker Player","The Runesmith","The Wild Card","TheBandit","thorton"],"gold_per_floor":[19,33,33,33,53,81,81,109,182,182,65,91,103,116,116,216,216,226,226,245,102,115,115,140,140,140,140],"floor_reached":25,"language":"ENG","playtime":2010,"items_purged":[],"score":293,"play_id":"ec184f5c-abd1-4f45-9d3e-3f430c8c6d61","local_time":"20210130234822","is_ascension_mode":true,"campfire_choices":[{"data":"wariomod:Leap","floor":7,"key":"SMITH"},{"floor":15,"key":"REST"},{"data":"wariomod:BoomForm","floor":23,"key":"SMITH"}],"circlet_count":0,"master_deck":["wariomod:Strike+1","wariomod:Strike+1","wariomod:Strike","wariomod:Defend","wariomod:Defend","wariomod:Defend","wariomod:Step","wariomod:Leap+1","wariomod:BoomBoom","wariomod:BodyBlock","wariomod:BigUpgrade","wariomod:PayItForwards","wariomod:DonateDraw","wariomod:BoomAndDoom","wariomod:MassiveParty+1","wariomod:ShipSmash","wariomod:ImFeelingLucky","wariomod:BlastDash","wariomod:BoomForm+1","wariomod:BoomBoom","wariomod:PoisonBombs","wariomod:Boomsmack+1"],"relics":["wariomod:TheHat","hubris:Potato","Replay:Baseball","Nunchaku","Replay:Bottled Snecko","Whetstone","Replay:Bronze Core","Mercury Hourglass"],"acts_visited":["Exordium","TheCity"],"potions_floor_usage":[8,16],"damage_taken":[{"damage":3,"enemies":"Jaw Worm","floor":1,"turns":3},{"damage":1,"enemies":"Small Slimes","floor":2,"turns":3},{"damage":4,"enemies":"infinitespire:Voidling","floor":5,"turns":4},{"damage":29,"enemies":"Lagavulin","floor":6,"turns":8},{"damage":0,"enemies":"Replay:BlueRogue","floor":8,"turns":6},{"damage":14,"enemies":"Gremlin Nob","floor":12,"turns":3},{"damage":5,"enemies":"Blue Slaver","floor":13,"turns":3},{"damage":5,"enemies":"Exordium Wildlife","floor":14,"turns":2},{"damage":3,"enemies":"Fading Forest","floor":16,"turns":11},{"damage":5,"enemies":"2 Thieves","floor":18,"turns":3},{"damage":5,"enemies":"Spheric Guardian","floor":20,"turns":4},{"damage":43,"enemies":"Shelled Parasite and Fungi","floor":22,"turns":4},{"damage":23,"enemies":"Replay:Snechameleon","floor":24,"turns":6},{"damage":0,"enemies":"Centurion and Healer","floor":25,"turns":1}],"seed_played":"2827208753894283471","potions_obtained":[{"floor":2,"key":"FearPotion"},{"floor":5,"key":"construct:ShiftPotion"},{"floor":8,"key":"Milkshake"},{"floor":14,"key":"Regen Potion"},{"floor":20,"key":"LiquidMemories"}],"is_trial":false,"path_per_floor":["M","M","?","?","M","E","R","E","T","?","$","E","M","M","R","B",null,"M","?","M","$","M","R","E","M"],"character_chosen":"THE_BANDIT","items_purchased":["wariomod:MassiveParty+1","wariomod:PoisonBombs"],"campfire_rested":1,"item_purchase_floors":[11,21],"current_hp_per_floor":[77,76,76,76,72,43,43,43,43,43,43,29,24,19,43,65,80,75,75,70,70,27,27,4,4,4,4],"gold":140,"neow_bonus":"ONE_RARE_RELIC","is_daily":false,"chose_seed":false,"campfire_upgraded":2,"win_rate":0.0,"timestamp":1612046902,"path_taken":["M","M","?","?","M","E","R","E","T","?","$","E","M","?","R","BOSS","M","?","M","$","M","R","E","M"],"items_purchased_type":["Card","Card"],"build_version":"2020-12-22","purchased_purges":0,"victory":false,"max_hp_per_floor":[80,80,80,80,80,80,80,80,80,80,80,80,80,80,80,80,80,80,80,80,80,80,80,80,80,80,80],"card_choices":[{"not_picked":["wariomod:Game","wariomod:Hopshield"],"picked":"wariomod:BoomBoom","floor":1},{"not_picked":["wariomod:Hopshield","wariomod:SpikeSlash"],"picked":"wariomod:BodyBlock","floor":2},{"not_picked":["wariomod:Game","wariomod:DoubleDash"],"picked":"wariomod:BigUpgrade","floor":5},{"not_picked":["wariomod:SpaceSwap","wariomod:DisarmingMoves"],"picked":"wariomod:PayItForwards","floor":6},{"not_picked":["wariomod:SmallSprint","wariomod:Smackflip"],"picked":"wariomod:DonateDraw","floor":8},{"not_picked":["wariomod:f","wariomod:Hopshield"],"picked":"wariomod:ShipSmash","floor":12},{"not_picked":["wariomod:DisarmingMoves","wariomod:Immortalize"],"picked":"wariomod:ImFeelingLucky","floor":13},{"not_picked":["wariomod:EmptyMind","wariomod:DoubleDip"],"picked":"wariomod:BlastDash","floor":14},{"not_picked":["wariomod:FabulousPrizes","wariomod:Enshrine"],"picked":"wariomod:BoomForm","floor":16},{"not_picked":["wariomod:DisarmingMoves","wariomod:Hopshield","wariomod:BigUpgrade"],"picked":"SKIP","floor":18},{"not_picked":["wariomod:Game+1","wariomod:BodyBlock"],"picked":"wariomod:BoomBoom","floor":20},{"not_picked":["wariomod:DisarmingMoves","wariomod:WhirlwindBurst"],"picked":"wariomod:Boomsmack+1","floor":22},{"not_picked":["wariomod:DamnedStrength","wariomod:ThatsNotAll","wariomod:DisarmingMoves+1"],"picked":"SKIP","floor":24}],"player_experience":1119937,"relics_obtained":[{"floor":6,"key":"Replay:Baseball"},{"floor":8,"key":"Nunchaku"},{"floor":9,"key":"Replay:Bottled Snecko"},{"floor":12,"key":"Whetstone"},{"floor":24,"key":"Mercury Hourglass"}],"event_choices":[{"damage_healed":0,"gold_gain":0,"player_choice":"1 cards matched","damage_taken":0,"max_hp_gain":0,"max_hp_loss":0,"event_name":"Match and Keep!","floor":10,"gold_loss":0,"cards_obtained":["wariomod:BoomAndDoom"]},{"cards_removed":["wariomod:Strike"],"damage_healed":0,"gold_gain":0,"player_choice":"Elegance","damage_taken":0,"max_hp_gain":0,"max_hp_loss":0,"event_name":"Back to Basics","floor":19,"gold_loss":0}],"is_beta":false,"boss_relics":[{"not_picked":["Replay:Fungal Core","Cursed Key"],"picked":"Replay:Bronze Core"}],"items_purged_floors":[],"is_endless":false,"potions_floor_spawned":[2,5,8,14,20],"killed_by":"Centurion and Healer","ascension_level":2}}