{"host":"lktusdb9orijgc6z","time":1612020887,"event":{"mods":["BaseMod","Bestiary","Colored Map","Colored Powertips","Minty Spire (QoL Compilation)","Permanent Neow","Quick Restart","Relic Stats","StSLib","everything is the same but u backflip on backflip","slay the spire mod where everything is the same but ironclad has a cowboy hat"],"gold_per_floor":[115,131,206,216,230,246,246,0,26,40,40,40,61,122,122,216,216,234,234,62,62,62,62,62],"floor_reached":23,"language":"ENG","playtime":988,"items_purged":[],"score":366,"play_id":"6a29aeaa-ae6e-441c-91a9-9dbd45b00740","local_time":"20210130163447","is_ascension_mode":true,"campfire_choices":[{"floor":7,"key":"REST"},{"data":"Genetic Algorithm","floor":12,"key":"SMITH"},{"data":"Coolheaded","floor":15,"key":"SMITH"}],"circlet_count":0,"master_deck":["AscendersBane","Strike_B","Defend_B","Defend_B","Defend_B","Zap","Dualcast","FTL","Gash","Glacier","Auto Shields","Ball Lightning","Genetic Algorithm+1","Echo Form","Coolheaded+1","Conserve Battery","Seek","Sweeping Beam","Self Repair","Hello World"],"relics":["Empty Cage","Toolbox","Ancient Tea Set","Golden Idol","Sozu","GremlinMask","Strange Spoon"],"acts_visited":["TheCity"],"potions_floor_usage":[14,16],"damage_taken":[{"damage":2,"enemies":"2 Louse","floor":1,"turns":2},{"damage":1,"enemies":"Small Slimes","floor":2,"turns":3},{"damage":9,"enemies":"Jaw Worm","floor":4,"turns":4},{"damage":15,"enemies":"3 Louse","floor":5,"turns":3},{"damage":2,"enemies":"Exordium Thugs","floor":6,"turns":5},{"damage":11,"enemies":"Looter","floor":10,"turns":3},{"damage":0,"enemies":"2 Fungi Beasts","floor":13,"turns":3},{"damage":5,"enemies":"Gremlin Gang","floor":14,"turns":5},{"damage":12,"enemies":"The Guardian","floor":16,"turns":12},{"damage":6,"enemies":"Shell Parasite","floor":18,"turns":7},{"damage":52,"enemies":"Book of Stabbing","floor":23,"turns":7}],"seed_played":"6576242232645597602","potions_obtained":[{"floor":2,"key":"ColorlessPotion"},{"floor":5,"key":"ColorlessPotion"},{"floor":13,"key":"Explosive Potion"},{"floor":14,"key":"DistilledChaos"},{"floor":16,"key":"Strength Potion"}],"is_trial":false,"path_per_floor":["M","M","?","M","M","M","R","$","T","M","?","R","M","M","R","B",null,"M","?","$","$","?","E"],"character_chosen":"DEFECT","items_purchased":["Toolbox","Genetic Algorithm","Strange Spoon"],"campfire_rested":1,"item_purchase_floors":[8,8,20],"current_hp_per_floor":[62,61,50,41,26,24,45,45,45,34,34,34,34,29,29,17,52,46,46,46,46,46,0,0],"gold":62,"neow_bonus":"BOSS_RELIC","is_daily":false,"chose_seed":false,"campfire_upgraded":2,"win_rate":0.0,"timestamp":1612020887,"path_taken":["M","M","?","M","M","M","R","$","T","M","?","R","M","?","R","BOSS","M","?","?","$","?","E"],"items_purchased_type":["Relic","Card","Relic"],"build_version":"2020-12-22","purchased_purges":0,"victory":false,"max_hp_per_floor":[71,71,71,71,71,71,71,71,71,71,64,64,64,64,64,64,64,64,64,64,64,64,64,64],"relic_stats":{"Sozu":0,"Strange Spoon":[0],"counters":[11,54],"Golden Idol":31,"obtain_stats":[{"Sozu":17,"Strange Spoon":20,"Golden Idol":11,"Toolbox":8,"GremlinMask":19,"Cracked Core":0,"Empty Cage":0,"Ancient Tea Set":9},{"Sozu":9,"Strange Spoon":10,"Golden Idol":6,"Toolbox":5,"GremlinMask":10,"Cracked Core":0,"Empty Cage":0,"Ancient Tea Set":5},{"Sozu":40,"Strange Spoon":47,"Golden Idol":20,"Toolbox":17,"GremlinMask":47,"Cracked Core":0,"Empty Cage":0,"Ancient Tea Set":17}]},"card_choices":[{"not_picked":["Go for the Eyes","Hologram"],"picked":"FTL","floor":1},{"not_picked":["Leap","Cold Snap"],"picked":"Gash","floor":2},{"not_picked":["Fission","Stack"],"picked":"Glacier","floor":4},{"not_picked":["Streamline","Beam Cell"],"picked":"Auto Shields","floor":5},{"not_picked":["Loop","Redo"],"picked":"Ball Lightning","floor":6},{"not_picked":["Beam Cell","Turbo"],"picked":"Echo Form","floor":10},{"not_picked":["Stack","Steam"],"picked":"Coolheaded","floor":13},{"not_picked":["Recycle","Storm"],"picked":"Conserve Battery","floor":14},{"not_picked":["Core Surge","Meteor Strike"],"picked":"Seek","floor":16},{"not_picked":["Cold Snap","Steam"],"picked":"Sweeping Beam","floor":18}],"player_experience":719041,"relics_obtained":[{"floor":9,"key":"Ancient Tea Set"}],"event_choices":[{"damage_healed":0,"gold_gain":75,"player_choice":"Gather Gold","damage_taken":11,"max_hp_gain":0,"max_hp_loss":0,"event_name":"World of Goop","floor":3,"gold_loss":0},{"damage_healed":0,"gold_gain":0,"player_choice":"Lose Max HP","damage_taken":0,"relics_obtained":["Golden Idol"],"max_hp_gain":0,"max_hp_loss":7,"event_name":"Golden Idol","floor":11,"gold_loss":0},{"damage_healed":0,"gold_gain":0,"player_choice":"Trade","damage_taken":0,"relics_obtained":["GremlinMask"],"max_hp_gain":0,"max_hp_loss":0,"event_name":"FaceTrader","floor":19,"gold_loss":0},{"damage_healed":0,"gold_gain":0,"cards_transformed":["Strike_B","Strike_B"],"player_choice":"Became Test Subject","damage_taken":0,"max_hp_gain":0,"max_hp_loss":0,"event_name":"Drug Dealer","floor":22,"gold_loss":0,"cards_obtained":["Self Repair","Hello World"]}],"is_beta":false,"boss_relics":[{"not_picked":["Pandora\u0027s Box","Runic Dome"],"picked":"Sozu"}],"items_purged_floors":[],"is_endless":false,"potions_floor_spawned":[2,5,13,14,16],"killed_by":"Book of Stabbing","ascension_level":20}}