{"host":"farxtl2u8hmkbdo2","time":1612020464,"event":{"mods":["A Magickal Journey","BaseMod","Better Altar","Better Note","Better Sensory Stone","Better Skull","Better Third Choice","Challenge The Spire","Colored Map","Colored Powertips","Current Relic Mod","Energized Spire","Fox Events","Gremlin Mod","Hermit","Hubris","Mimic Mod","Minty Spire (QoL Compilation)","Quick Restart","READ ME - Guardian Mod","READ ME - Snecko Mod","Rare Cards Sparkle","StSLib","The Bladedancer","The Bug Knight","The Cursed","The Disciple","The Hierophant","The Marked","The Necromancer","The Runesmith","Transform Curses"],"gold_per_floor":[110,110,110,123,142,142,170,170,170,145,158,156,156,159,159,159,159],"floor_reached":16,"language":"SPA","playtime":762,"items_purged":[],"score":162,"play_id":"7a0d3eb7-60b3-455d-96a4-be446d0da0bd","local_time":"20210130122744","is_ascension_mode":true,"campfire_choices":[{"data":"hierophant:Repentance","floor":6,"key":"SMITH"},{"floor":8,"key":"REST"},{"data":"hierophant:ChurchCoffers","floor":15,"key":"SMITH"}],"circlet_count":0,"master_deck":["hierophant:Strike_Hierophant","hierophant:Strike_Hierophant","hierophant:Strike_Hierophant","hierophant:Punish","hierophant:Defend_Hierophant","hierophant:Defend_Hierophant","hierophant:Defend_Hierophant","hierophant:Defend_Hierophant","hierophant:ChurchCoffers+1","hierophant:MorningPrayer","hierophant:Repentance+1","hierophant:RepressedViolence","hierophant:HolyVerse","hierophant:Flagellation","hierophant:Patience","hierophant:Doubloon","hierophant:Charity","hierophant:Patience"],"relics":["hierophant:PropheticMaskRelic","Peace Pipe","hubris:TinFlute","Juzu Bracelet","HollowMod:PaleOreRelic","hubris:Towel","hubris:TenFootPole"],"acts_visited":["Exordium"],"potions_floor_usage":[5,14,16],"damage_taken":[{"damage":0,"enemies":"2 Louse","floor":1,"turns":1},{"damage":1,"enemies":"Cultist","floor":3,"turns":4},{"damage":2,"enemies":"Jaw Worm","floor":4,"turns":4},{"damage":2,"enemies":"2 Fungi Beasts","floor":5,"turns":2},{"damage":45,"enemies":"Gremlin Nob","floor":7,"turns":6},{"damage":0,"enemies":"HollowMod:MossKnight","floor":10,"turns":6},{"damage":0,"enemies":"3 Louse","floor":11,"turns":1},{"damage":3,"enemies":"Blue Slaver","floor":12,"turns":3},{"damage":9,"enemies":"3 Sentries","floor":14,"turns":2},{"damage":18,"enemies":"Slime Boss","floor":16,"turns":3}],"seed_played":"-6935216002546429569","potions_obtained":[{"floor":4,"key":"DistilledChaos"},{"floor":10,"key":"SkillPotion"},{"floor":11,"key":"SteroidPotion"},{"floor":14,"key":"Energy Potion"}],"is_trial":false,"path_per_floor":["M","?","M","M","M","R","E","R","T","E","M","M","?","E","R","B"],"character_chosen":"HIEROPHANT","items_purchased":[],"campfire_rested":1,"item_purchase_floors":[],"current_hp_per_floor":[54,54,53,51,49,49,4,26,26,26,26,23,23,14,14,0,0],"gold":159,"neow_bonus":"ONE_RARE_RELIC","is_daily":false,"chose_seed":false,"campfire_upgraded":2,"win_rate":0.0,"timestamp":1612020464,"path_taken":["M","?","M","?","M","R","E","R","T","E","M","M","?","E","R","BOSS"],"items_purchased_type":[],"build_version":"2020-12-22","purchased_purges":0,"victory":false,"max_hp_per_floor":[75,75,75,75,75,75,75,75,75,75,75,75,75,75,75,75,75],"card_choices":[{"not_picked":["hierophant:Zeal","hierophant:Exaltation"],"picked":"hierophant:MorningPrayer","floor":1},{"not_picked":["hierophant:Doomsaying","hierophant:SecretStash"],"picked":"hierophant:Repentance","floor":3},{"not_picked":["hierophant:MorningPrayer","hierophant:CursedGold"],"picked":"hierophant:RepressedViolence","floor":4},{"not_picked":["hierophant:Doubloon","hierophant:Remorse"],"picked":"hierophant:HolyVerse","floor":5},{"not_picked":["hierophant:AuricForm","hierophant:Glossolalia"],"picked":"hierophant:Flagellation","floor":7},{"not_picked":["hierophant:RepressedViolence","hierophant:Purify"],"picked":"hierophant:Patience","floor":10},{"not_picked":["hierophant:ArchangelShield","hierophant:Exaltation","hierophant:Sermon"],"picked":"SKIP","floor":11},{"not_picked":["hierophant:Bribe","hierophant:Blessing"],"picked":"hierophant:Charity","floor":12},{"not_picked":["hierophant:SealAway","hierophant:ArchangelShield"],"picked":"hierophant:Patience","floor":14}],"player_experience":1962558,"relics_obtained":[{"floor":7,"key":"hubris:TinFlute"},{"floor":9,"key":"Juzu Bracelet"},{"floor":10,"key":"HollowMod:PaleOreRelic"},{"floor":14,"key":"hubris:TenFootPole"}],"event_choices":[{"cards_removed":["hierophant:Strike_Hierophant"],"damage_healed":0,"gold_gain":0,"player_choice":"Offered Basic","damage_taken":0,"max_hp_gain":0,"max_hp_loss":0,"event_name":"Bonfire Elementals","floor":2,"gold_loss":0}],"is_beta":false,"boss_relics":[],"items_purged_floors":[],"is_endless":false,"potions_floor_spawned":[4,10,11,14],"killed_by":"Slime Boss","ascension_level":2}}