{"host":"pbfl21uhaeod98t6","time":1612046618,"event":{"mods":["AchievementEnabler","Act Like it!","Aspiration","BaseMod","Better Altar","Better Match","Better Note","Better Sensory Stone","Better Skull","Better Third Choice","BetterRewards","Colored Map","Colored Powertips","Conspire","Hermit","Hubris","Mad Scientist","Minty Spire (QoL Compilation)","Rare Cards Sparkle","Relic Sorter","Replay The Spire","Spicy Shops","Spikes Relics","StSLib","Td1madao Mod","The Blue Laboratory","The Gatherer","The Runesmith","Waifu the Spire"],"gold_per_floor":[117,69,69,82,97,97,128,128,128,128,128,139,154,154,154,154,154],"floor_reached":16,"language":"ENG","playtime":1396,"items_purged":[],"score":100,"play_id":"2ac81b81-8546-4f6c-8f96-30c05128d3ea","local_time":"20210130224338","is_ascension_mode":false,"campfire_choices":[{"data":"Crescendo","floor":6,"key":"SMITH"},{"floor":10,"key":"RECALL"}],"circlet_count":0,"master_deck":["Strike_P","Strike_P","Strike_P","Strike_P","Defend_P","Defend_P","Defend_P","Eruption+1","Vigilance","Crescendo+1","Halt","Perseverance","Replay:AtTheReady+1","SashWhip","Perseverance"],"relics":["PureWater","Yang","Bag of Preparation","hubris:64BitClover","hubris:EmptyBottle"],"acts_visited":["Exordium"],"potions_floor_usage":[13,16,16],"damage_taken":[{"damage":0,"enemies":"conspire:RoseBush","floor":1,"turns":3},{"damage":0,"enemies":"2 Louse","floor":4,"turns":2},{"damage":1,"enemies":"Jaw Worm","floor":5,"turns":4},{"damage":40,"enemies":"Replay:BlueRogue","floor":7,"turns":6},{"damage":0,"enemies":"Blue Slaver","floor":12,"turns":3},{"damage":4,"enemies":"Gremlin Gang","floor":13,"turns":5},{"damage":11,"enemies":"Slime Boss","floor":16,"turns":10}],"seed_played":"-7234844075278650023","potions_obtained":[{"floor":1,"key":"Regen Potion"},{"floor":12,"key":"Block Potion"}],"is_trial":false,"path_per_floor":["M","$","?","M","M","R","E","?","T","R","T","M","M","$","R_BF","B"],"character_chosen":"WATCHER","items_purchased":["Halt","hubris:64BitClover","hubris:EmptyBottle"],"campfire_rested":0,"item_purchase_floors":[2,14,14],"current_hp_per_floor":[79,79,72,72,71,71,31,31,31,31,31,31,41,10,10,0,0],"gold":154,"neow_bonus":"TEN_PERCENT_HP_BONUS","is_daily":false,"chose_seed":false,"campfire_upgraded":1,"win_rate":0.0,"timestamp":1612046618,"path_taken":["M","$","?","M","M","R","E","?","T","R","?","M","M","?","R_BF","BOSS"],"items_purchased_type":["Card","Relic","Relic"],"build_version":"2020-12-22","purchased_purges":0,"victory":false,"max_hp_per_floor":[79,79,79,79,79,79,79,79,79,79,79,79,79,79,79,79,79],"card_choices":[{"not_picked":["Nirvana","ClearTheMind"],"picked":"Crescendo","floor":1},{"not_picked":["Halt","Consecrate","JustLucky"],"picked":"SKIP","floor":4},{"not_picked":["TalkToTheHand","Crescendo"],"picked":"Perseverance","floor":5},{"not_picked":["Replay:Cycle","FlyingSleeves"],"picked":"Replay:AtTheReady","floor":7},{"not_picked":["Consecrate","PathToVictory"],"picked":"SashWhip","floor":12},{"not_picked":["Crescendo","Evaluate"],"picked":"Perseverance","floor":13}],"player_experience":245569,"relics_obtained":[{"floor":7,"key":"Bag of Preparation"},{"floor":11,"key":"Yang"}],"event_choices":[{"cards_removed":["Defend_P"],"damage_healed":0,"gold_gain":0,"player_choice":"Card Removal","damage_taken":7,"max_hp_gain":0,"max_hp_loss":0,"event_name":"Golden Wing","floor":3,"gold_loss":0},{"damage_healed":0,"gold_gain":0,"player_choice":"Grow","damage_taken":0,"max_hp_gain":0,"max_hp_loss":0,"event_name":"Living Wall","floor":8,"gold_loss":0,"cards_upgraded":["Replay:AtTheReady"]},{"damage_healed":0,"gold_gain":0,"player_choice":"Upgraded","damage_taken":0,"max_hp_gain":0,"max_hp_loss":0,"event_name":"Upgrade Shrine","floor":15,"gold_loss":0,"cards_upgraded":["Eruption"]}],"is_beta":false,"boss_relics":[],"items_purged_floors":[],"is_endless":false,"potions_floor_spawned":[1,12],"killed_by":"Slime Boss","ascension_level":0}}