{"host":"1omuyl0df1yi03p2","time":1612029191,"event":{"mods":["BaseMod","Colored Map","Colored Powertips","Downfall","Hubris","Infinite Spire","Minty Spire (QoL Compilation)","Replay The Spire","StSLib","The Bug Knight","The Necromancer","The Wild Card"],"gold_per_floor":[118,68,68,89,89,133,133,168,168,168,207,207,207,225,225,348,348,372,372,287,287,303,337,356,281,354,394,394,394,394,427,427,552,552,573,597,173,173,191,227,227,227,252,252,296,296,310,330,330,330,330],"floor_reached":50,"language":"ENG","playtime":2431,"items_purged":["Hallucinations"],"score":737,"play_id":"d2787d78-c85c-4a68-840d-8cbc58c54d8e","local_time":"20210130115311","is_ascension_mode":true,"campfire_choices":[{"data":"infinitespire:Punishment","floor":7,"key":"SMITH"},{"data":"Eclipse","floor":10,"key":"SMITH"},{"data":"ReplayTheSpireMod:LeadingStrike","floor":13,"key":"SMITH"},{"data":"Dual Wield","floor":15,"key":"SMITH"},{"data":"Replay:Undeath\u0027s Touch","floor":28,"key":"SMITH"},{"floor":32,"key":"DIG"},{"floor":41,"key":"REST"},{"floor":44,"key":"DIG"},{"floor":49,"key":"DIG"}],"circlet_count":0,"master_deck":["Sneak Up+1","Strike_R","Strike_R","Strike_R","Strike_R","Strike_R","Defend_R","Defend_R","Defend_R","Defend_R","Bash","Eclipse+1","ReplayTheSpireMod:LeadingStrike+1","Anger+1","hubris:ReadiedAction","infinitespire:Punishment+1","Dual Wield+1","Iron Wave","Clothesline","Cleave","Replay:Undeath\u0027s Touch+1","Ghostly Armor","Headbutt","Defy Death","Twin Strike+1","Demonic Infusion+1","Anger","Infernal Blade","Inflame+1","Headbutt+1","Armaments+1","hubris:EnhanceAbility+1","Discovery+1","True Grit","Impervious+1","Iron Wave+1","Metallicize","ReplayTheSpireMod:Corrosion Curse+1","Parasite"],"relics":["Burning Blood","Golden Idol","infinitespire:Beetle Shell","hubris:Spice","hubris:TenFootPole","Blood Vial","Anchor","Potion Belt","Shovel","Golden Egg","SlaversCollar","hubris:ChampionShield","Blue Doll","ReplayTheSpireMod:Lightbulb"],"acts_visited":["Exordium","TheCity","TheBeyond"],"potions_floor_usage":[22,33,45,45,47,47,48,48,50,50,50],"damage_taken":[{"damage":5,"enemies":"Cultist","floor":1,"turns":4},{"damage":4,"enemies":"Small Slimes","floor":4,"turns":4},{"damage":1,"enemies":"HollowMod:MossKnight","floor":6,"turns":6},{"damage":8,"enemies":"Lagavulin","floor":8,"turns":3},{"damage":0,"enemies":"Gremlin Nob","floor":11,"turns":2},{"damage":0,"enemies":"Jaw Worm","floor":14,"turns":3},{"damage":0,"enemies":"Slime Boss","floor":16,"turns":1},{"damage":30,"enemies":"Shell Parasite","floor":18,"turns":4},{"damage":0,"enemies":"3 Byrds","floor":22,"turns":3},{"damage":9,"enemies":"Slavers","floor":23,"turns":3},{"damage":0,"enemies":"Centurion and Healer","floor":24,"turns":2},{"damage":8,"enemies":"Gremlin Leader","floor":27,"turns":4},{"damage":5,"enemies":"Book of Stabbing","floor":31,"turns":3},{"damage":8,"enemies":"Automaton","floor":33,"turns":6},{"damage":0,"enemies":"Orb Walker","floor":35,"turns":4},{"damage":0,"enemies":"3 Shapes","floor":36,"turns":2},{"damage":0,"enemies":"Sphere and 2 Shapes","floor":39,"turns":3},{"damage":21,"enemies":"Reptomancer","floor":40,"turns":4},{"damage":11,"enemies":"Giant Head","floor":45,"turns":6},{"damage":12,"enemies":"Jaw Worm Horde","floor":47,"turns":3},{"damage":6,"enemies":"Writhing Mass","floor":48,"turns":6},{"damage":38,"enemies":"Time Eater","floor":50,"turns":7}],"seed_played":"7123139959023141214","potions_obtained":[{"floor":4,"key":"SkillPotion"},{"floor":11,"key":"Venom Potion"},{"floor":14,"key":"Energy Potion"},{"floor":22,"key":"Venom Potion"},{"floor":23,"key":"EntropicBrew"},{"floor":31,"key":"Block Potion"},{"floor":35,"key":"Slimebound:ThreeZeroPotion"},{"floor":36,"key":"hexamod:SoulburnPotion"},{"floor":39,"key":"Block Potion"},{"floor":47,"key":"Fire Potion"}],"is_trial":false,"path_per_floor":["M","$","?","M","?","E","R","E","T","R","E","$","R","M","R","B",null,"M","AVR","?","?","M","E","M","$","T","E","R","$","T","E","R","B",null,"M","M","$","?","M","E","R","?","T","R","E","?","M","M","R","B"],"character_chosen":"IRONCLAD","items_purchased":["Anger","hubris:Spice","Inflame","Headbutt","Armaments","hubris:EnhanceAbility","Discovery"],"campfire_rested":1,"item_purchase_floors":[2,12,37,37,37,37,37],"current_hp_per_floor":[80,80,74,74,56,61,61,67,67,67,81,61,61,67,67,73,66,42,42,42,42,50,49,57,57,50,48,48,48,48,50,42,40,42,42,42,42,42,42,27,39,39,39,39,35,35,31,33,33,0,0],"gold":330,"neow_bonus":"THREE_RARE_CARDS","is_daily":false,"chose_seed":false,"campfire_upgraded":5,"win_rate":0.0,"timestamp":1612029191,"path_taken":["M","$","?","M","?","E","R","E","T","R","E","?","R","?","R","BOSS","M","AVR","?","?","?","E","M","$","T","E","R","$","?","E","R","BOSS","M","M","$","?","?","E","R","?","T","R","E","?","M","M","R","BOSS"],"items_purchased_type":["Card","Relic","Card","Card","Card","Card","Card"],"build_version":"2020-12-22","purchased_purges":1,"victory":false,"max_hp_per_floor":[80,80,74,74,74,74,74,82,82,82,90,82,82,82,82,74,66,66,66,66,66,58,58,58,58,50,50,50,50,50,50,42,42,42,42,42,42,42,42,42,42,40,40,40,40,40,40,40,40,40,40],"card_choices":[{"not_picked":["Reaper","Berserk"],"picked":"Eclipse","floor":0},{"not_picked":["Twin Strike","Dropkick"],"picked":"ReplayTheSpireMod:LeadingStrike","floor":1},{"not_picked":["Carnage","Headbutt"],"picked":"hubris:ReadiedAction","floor":4},{"not_picked":["infinitespire:FutureSight","hubris:Rewind"],"picked":"infinitespire:Punishment","floor":5},{"not_picked":["ReplayTheSpireMod:Strike From Hell","Dropkick"],"picked":"Dual Wield","floor":6},{"not_picked":["Reckless Charge","Carnage"],"picked":"Iron Wave","floor":8},{"not_picked":["Wild Strike","Clash"],"picked":"Clothesline","floor":11},{"not_picked":["Havoc","Flex"],"picked":"Cleave","floor":14},{"not_picked":["Hemogenesis","Immolate"],"picked":"hubris:SpiceAddiction","floor":16},{"not_picked":["Headbutt+1","ReplayTheSpireMod:Strike From Hell"],"picked":"Replay:Undeath\u0027s Touch","floor":18},{"not_picked":["Run Through","Reckless Charge"],"picked":"hubris:SpiceAddiction","floor":22},{"not_picked":["hubris:SpiceAddiction","Headbutt"],"picked":"Ghostly Armor","floor":23},{"not_picked":["Clash","Run Through"],"picked":"Headbutt","floor":24},{"not_picked":["Disarm","hubris:SpiceAddiction"],"picked":"Defy Death","floor":27},{"not_picked":["hubris:SpiceAddiction","Massacre"],"picked":"Twin Strike+1","floor":31},{"not_picked":["hubris:SpiceAddiction","Reaper"],"picked":"Demonic Infusion","floor":33},{"not_picked":["Shockwave+1","Dual Wield"],"picked":"Anger","floor":35},{"not_picked":["Run Through","Sword Boomerang"],"picked":"Infernal Blade","floor":36},{"not_picked":["Searing Blow+1","Perfected Strike+1"],"picked":"True Grit","floor":39},{"not_picked":["Reckless Charge","Blood for Blood"],"picked":"Impervious","floor":40},{"not_picked":["hubris:SpiceAddiction","Disarm"],"picked":"Iron Wave+1","floor":45},{"not_picked":["hubris:SpiceAddiction","Armaments+1"],"picked":"ReplayTheSpireMod:Corrosion Curse+1","floor":47},{"not_picked":["Cleave","Pommel Strike+1","Clothesline+1"],"picked":"SKIP","floor":48}],"player_experience":197952,"relics_obtained":[{"floor":6,"key":"infinitespire:Beetle Shell"},{"floor":8,"key":"hubris:Spice"},{"floor":9,"key":"hubris:TenFootPole"},{"floor":11,"key":"hubris:Spice"},{"floor":23,"key":"Potion Belt"},{"floor":26,"key":"hubris:Spice"},{"floor":27,"key":"Shovel"},{"floor":31,"key":"Golden Egg"},{"floor":32,"key":"hubris:Spice"},{"floor":44,"key":"hubris:ChampionShield"},{"floor":45,"key":"Blue Doll"},{"floor":49,"key":"ReplayTheSpireMod:Lightbulb"}],"event_choices":[{"damage_healed":0,"gold_gain":0,"player_choice":"Lose Max HP","damage_taken":0,"relics_obtained":["Golden Idol"],"max_hp_gain":0,"max_hp_loss":6,"event_name":"Golden Idol","floor":3,"gold_loss":0},{"damage_healed":0,"gold_gain":0,"player_choice":"Obtained Relic","damage_taken":0,"relics_obtained":["Anchor"],"max_hp_gain":0,"max_hp_loss":0,"event_name":"Addict","floor":20,"gold_loss":85},{"damage_healed":0,"gold_gain":0,"player_choice":"Upgraded","damage_taken":0,"max_hp_gain":0,"max_hp_loss":0,"event_name":"Upgrade Shrine","floor":21,"gold_loss":0,"cards_upgraded":["Anger"]},{"damage_healed":0,"gold_gain":0,"player_choice":"Relic","damage_taken":0,"max_hp_gain":0,"max_hp_loss":0,"event_name":"Wheel of Change","floor":38,"gold_loss":0},{"damage_healed":0,"gold_gain":0,"player_choice":"Max HP","damage_taken":0,"max_hp_gain":0,"max_hp_loss":2,"event_name":"Winding Halls","floor":42,"gold_loss":0}],"is_beta":false,"boss_relics":[{"not_picked":["hubris:Spice","Kintsugi"],"picked":"hubris:Spice"},{"not_picked":["hubris:Spice","hubris:Spice"],"picked":"SlaversCollar"}],"items_purged_floors":[25],"is_endless":false,"potions_floor_spawned":[4,11,14,18,22,23,31,35,36,39,47],"killed_by":"Time Eater","ascension_level":2}}