{"host":"ysj15tgd1sneq0s0","time":1612012813,"event":{"mods":["AchievementEnabler","BaseMod","DeckTracker","Highlight Path","Minty Spire (QoL Compilation)","Permanent Neow","Quick Restart","StSLib","SuperFastMode","everything is the same but u backflip on backflip"],"gold_per_floor":[114,133,133,10,28,28,28,87,110,110,40,66,82,82,82,179,179,195,213,229,229,242,242,277,277,277],"floor_reached":25,"language":"KOR","playtime":1635,"items_purged":["Strike_G"],"score":232,"play_id":"4f95497c-ce9b-4d0e-867c-44514118e6a5","local_time":"20210130222013","is_ascension_mode":true,"campfire_choices":[{"data":"Poisoned Stab","floor":6,"key":"SMITH"},{"data":"Strike_G","floor":10,"key":"PURGE"},{"data":"Strike_G","floor":15,"key":"PURGE"},{"floor":23,"key":"REST"}],"circlet_count":0,"master_deck":["Strike_G","Strike_G","Defend_G","Defend_G","Defend_G","Defend_G","Defend_G","Survivor","Neutralize","Finesse","Slice","Underhanded Strike","Poisoned Stab+1","Cloak And Dagger","Cloak And Dagger","Noxious Fumes","Deadly Poison","Adrenaline","Accuracy+1","Prepared","Slice+1","Infinite Blades"],"relics":["Ring of the Snake","The Specimen","Peace Pipe","Snake Skull","Odd Mushroom","Bird Faced Urn","SlaversCollar","Bottled Tornado"],"acts_visited":["Exordium","TheCity"],"potions_floor_usage":[8,12,20],"damage_taken":[{"damage":0,"enemies":"Small Slimes","floor":1,"turns":3},{"damage":0,"enemies":"Jaw Worm","floor":2,"turns":4},{"damage":0,"enemies":"2 Louse","floor":5,"turns":2},{"damage":19,"enemies":"3 Sentries","floor":8,"turns":7},{"damage":27,"enemies":"The Mushroom Lair","floor":12,"turns":4},{"damage":0,"enemies":"Large Slime","floor":13,"turns":5},{"damage":9,"enemies":"Hexaghost","floor":16,"turns":9},{"damage":19,"enemies":"Spheric Guardian","floor":18,"turns":4},{"damage":10,"enemies":"Shell Parasite","floor":19,"turns":5},{"damage":20,"enemies":"Sentry and Sphere","floor":20,"turns":5},{"damage":15,"enemies":"Snake Plant","floor":22,"turns":4},{"damage":33,"enemies":"Slavers","floor":24,"turns":5},{"damage":19,"enemies":"Centurion and Healer","floor":25,"turns":3}],"seed_played":"8255895254860894934","potions_obtained":[{"floor":1,"key":"Regen Potion"},{"floor":5,"key":"Fire Potion"},{"floor":13,"key":"Energy Potion"},{"floor":18,"key":"Block Potion"},{"floor":19,"key":"Energy Potion"}],"is_trial":false,"path_per_floor":["M","M","?","$","M","R","?","?","T","R","$","?","M","T","R","B",null,"M","M","M","?","M","R","E","M"],"character_chosen":"THE_SILENT","items_purchased":["Poisoned Stab","Noxious Fumes"],"campfire_rested":1,"item_purchase_floors":[4,11],"current_hp_per_floor":[70,70,63,63,63,63,63,44,44,44,44,31,31,31,31,24,70,51,45,29,29,18,39,10,0,0],"gold":277,"neow_bonus":"RANDOM_COLORLESS","is_daily":false,"chose_seed":false,"campfire_upgraded":1,"win_rate":0.0,"timestamp":1612012813,"path_taken":["M","M","?","$","M","R","?","?","T","R","$","?","M","?","R","BOSS","M","?","M","?","M","R","E","?"],"items_purchased_type":["Card","Card"],"build_version":"2020-12-22","purchased_purges":1,"victory":false,"max_hp_per_floor":[70,70,70,70,70,70,70,70,70,70,70,70,70,70,70,70,70,70,70,70,70,70,70,70,70,70],"card_choices":[{"not_picked":["Bandage Up","Forethought"],"picked":"Finesse","floor":0},{"not_picked":["Bane","Dagger Throw"],"picked":"Slice","floor":1},{"not_picked":["Caltrops","Bane"],"picked":"Underhanded Strike","floor":2},{"not_picked":["Flying Knee","Reflex"],"picked":"Cloak And Dagger","floor":5},{"not_picked":["Backstab","Blur"],"picked":"Cloak And Dagger","floor":8},{"not_picked":["Dagger Spray","Acrobatics"],"picked":"Deadly Poison","floor":12},{"not_picked":["Escape Plan","Blur","Dodge and Roll"],"picked":"SKIP","floor":13},{"not_picked":["Bullet Time","Night Terror"],"picked":"Adrenaline","floor":16},{"not_picked":["Noxious Fumes","Acrobatics+1"],"picked":"Accuracy","floor":18},{"not_picked":["Bane","Dodge and Roll","Leg Sweep"],"picked":"SKIP","floor":19},{"not_picked":["Sucker Punch","Endless Agony"],"picked":"Prepared","floor":20},{"not_picked":["Dash","Predator"],"picked":"Slice+1","floor":22},{"not_picked":["Backflip","Dagger Spray"],"picked":"Infinite Blades","floor":24}],"player_experience":50686,"relics_obtained":[{"floor":8,"key":"Peace Pipe"},{"floor":9,"key":"Snake Skull"},{"floor":12,"key":"Odd Mushroom"},{"floor":14,"key":"Bird Faced Urn"},{"floor":24,"key":"Bottled Tornado"}],"event_choices":[{"damage_healed":0,"gold_gain":0,"player_choice":"Success","damage_taken":7,"relics_obtained":["The Specimen"],"max_hp_gain":0,"max_hp_loss":0,"event_name":"Scrap Ooze","floor":3,"gold_loss":0},{"damage_healed":0,"gold_gain":0,"player_choice":"Ignored","damage_taken":0,"max_hp_gain":0,"max_hp_loss":0,"event_name":"Liars Game","floor":7,"gold_loss":0},{"damage_healed":0,"gold_gain":0,"player_choice":"Searched \u00271\u0027 times","damage_taken":0,"max_hp_gain":0,"max_hp_loss":0,"event_name":"Dead Adventurer","floor":8,"gold_loss":0},{"damage_healed":0,"gold_gain":0,"player_choice":"Fought Mushrooms","damage_taken":0,"max_hp_gain":0,"max_hp_loss":0,"event_name":"Mushrooms","floor":12,"gold_loss":0},{"damage_healed":0,"gold_gain":0,"player_choice":"Forge","damage_taken":0,"max_hp_gain":0,"max_hp_loss":0,"event_name":"Accursed Blacksmith","floor":21,"gold_loss":0,"cards_upgraded":["Accuracy"]}],"is_beta":false,"boss_relics":[{"not_picked":["Sozu","Snecko Eye"],"picked":"SlaversCollar"}],"items_purged_floors":[4],"is_endless":false,"potions_floor_spawned":[1,5,13,18,19],"killed_by":"Centurion and Healer","ascension_level":2}}