{"host":"ul3z8ex5o8l5j7mh","time":1612024516,"event":{"mods":["AchievementEnabler","BaseMod","Colored Map","Colored Powertips","DeckTracker","Minty Spire (QoL Compilation)","SuperFastMode"],"gold_per_floor":[116,116,136,136,61,61,79,411,434,434,453,423,423,442,442,547,547,517,517,12,12,12,12,12,12,12,12,12,12,12,12,12,12,12],"floor_reached":33,"language":"ENG","playtime":1403,"items_purged":["Strike_R","Strike_R"],"score":247,"play_id":"615365d1-e299-499f-8771-6c396099e0e9","local_time":"20210130173516","is_ascension_mode":false,"campfire_choices":[{"data":"Sword Boomerang","floor":6.0,"key":"SMITH"},{"data":"Iron Wave","floor":10.0,"key":"SMITH"},{"floor":13.0,"key":"REST"},{"floor":15.0,"key":"RECALL"},{"data":"Juggernaut","floor":23,"key":"SMITH"},{"data":"Infernal Blade","floor":25,"key":"SMITH"},{"data":"Feel No Pain","floor":27,"key":"SMITH"},{"data":"Whirlwind","floor":32,"key":"SMITH"}],"circlet_count":0,"master_deck":["Strike_R","Strike_R","Defend_R","Defend_R","Defend_R","Defend_R","Bash","Sword Boomerang+1","Anger","Heavy Blade","Iron Wave+1","Whirlwind+1","Feel No Pain+1","Infernal Blade+1","Juggernaut+1","Cleave","Iron Wave","Metallicize","Spot Weakness","Immolate","Disarm+1","Pommel Strike"],"relics":["Burning Blood","PreservedInsect","Old Coin","Boot","Ectoplasm","Mummified Hand","HandDrill","Regal Pillow"],"acts_visited":["Exordium","TheCity"],"potions_floor_usage":[21,22,33],"damage_taken":[{"damage":6.0,"enemies":"Jaw Worm","floor":1.0,"turns":3.0},{"damage":6.0,"enemies":"Cultist","floor":3.0,"turns":3.0},{"damage":7.0,"enemies":"Small Slimes","floor":7.0,"turns":3.0},{"damage":25.0,"enemies":"3 Sentries","floor":8.0,"turns":7.0},{"damage":37.0,"enemies":"Gremlin Gang","floor":11.0,"turns":4.0},{"damage":0.0,"enemies":"Red Slaver","floor":14.0,"turns":2.0},{"damage":72.0,"enemies":"The Guardian","floor":16.0,"turns":13.0},{"damage":10.0,"enemies":"2 Thieves","floor":18.0,"turns":3.0},{"damage":0.0,"enemies":"3 Byrds","floor":19.0,"turns":2.0},{"damage":3,"enemies":"Cultist and Chosen","floor":21,"turns":5},{"damage":6,"enemies":"Chosen and Byrds","floor":22,"turns":5},{"damage":10,"enemies":"Centurion and Healer","floor":30,"turns":4},{"damage":15,"enemies":"3 Cultists","floor":31,"turns":4},{"damage":68,"enemies":"Collector","floor":33,"turns":8}],"seed_played":"-5860274194693939297","potions_obtained":[{"floor":2.0,"key":"LiquidBronze"},{"floor":2.0,"key":"Regen Potion"},{"floor":2.0,"key":"SneckoOil"},{"floor":3.0,"key":"ColorlessPotion"},{"floor":11.0,"key":"DistilledChaos"},{"floor":12.0,"key":"Block Potion"},{"floor":12.0,"key":"ElixirPotion"},{"floor":16.0,"key":"SteroidPotion"},{"floor":19.0,"key":"SpeedPotion"},{"floor":21,"key":"EssenceOfSteel"}],"is_trial":false,"path_per_floor":["M","?","M","?","$","R","M","E","T","R","M","?","R","M","R","B",null,"M","M","$","M","M","R","$","R","T","R","?","$","M","M","R","B"],"character_chosen":"IRONCLAD","items_purchased":["Mummified Hand","HandDrill"],"campfire_rested":1,"item_purchase_floors":[20,20],"current_hp_per_floor":[80,80,80,80,80,80,79,75,75,75,44,44,68,74,74,8,80,76,80,80,80,80,80,80,80,80,80,80,80,76,67,67,0,0],"gold":12,"neow_bonus":"THREE_CARDS","is_daily":false,"chose_seed":false,"campfire_upgraded":6,"win_rate":0.0,"timestamp":1612024516,"path_taken":["M","?","?","?","$","R","?","E","T","R","M","?","R","?","R","BOSS","M","M","$","M","M","R","?","R","T","R","?","$","M","M","R","BOSS"],"items_purchased_type":["Relic","Relic"],"build_version":"2020-12-22","purchased_purges":2,"victory":false,"max_hp_per_floor":[80,80,80,80,80,80,80,80,80,80,80,80,80,80,80,80,80,80,80,80,80,80,80,80,80,80,80,80,80,80,80,80,80,80],"card_choices":[{"not_picked":["Flame Barrier","Heavy Blade"],"picked":"Sword Boomerang","floor":0.0},{"not_picked":["Iron Wave","Reckless Charge"],"picked":"Anger","floor":1.0},{"not_picked":["Perfected Strike","Wild Strike"],"picked":"Heavy Blade","floor":3.0},{"not_picked":["Cleave","Havoc"],"picked":"Iron Wave","floor":7.0},{"not_picked":["Blood for Blood","Offering"],"picked":"Whirlwind","floor":8.0},{"not_picked":["Inflame","Combust"],"picked":"Feel No Pain","floor":11.0},{"not_picked":["Body Slam","Blood for Blood"],"picked":"Infernal Blade","floor":14.0},{"not_picked":["Fiend Fire","Double Tap"],"picked":"Juggernaut","floor":16.0},{"not_picked":["Iron Wave","Wild Strike"],"picked":"Cleave","floor":18.0},{"not_picked":["Flex","True Grit"],"picked":"Iron Wave","floor":19.0},{"not_picked":["Battle Trance","Clothesline"],"picked":"Metallicize","floor":21},{"not_picked":["Perfected Strike","Wild Strike"],"picked":"Spot Weakness","floor":22},{"not_picked":["Entrench","Dual Wield"],"picked":"Disarm+1","floor":30},{"not_picked":["Clothesline+1","Feel No Pain"],"picked":"Pommel Strike","floor":31}],"player_experience":289066,"relics_obtained":[{"floor":4.0,"key":"PreservedInsect"},{"floor":8.0,"key":"Old Coin"},{"floor":9.0,"key":"Boot"},{"floor":26,"key":"Regal Pillow"}],"event_choices":[{"damage_healed":0.0,"max_hp_gain":0.0,"max_hp_loss":0.0,"gold_gain":0.0,"event_name":"Lab","player_choice":"Got Potions","floor":2.0,"gold_loss":0.0,"damage_taken":0.0},{"damage_healed":0.0,"max_hp_gain":0.0,"max_hp_loss":0.0,"gold_gain":0.0,"event_name":"Wheel of Change","player_choice":"Relic","floor":4.0,"gold_loss":0.0,"damage_taken":0.0},{"damage_healed":0.0,"max_hp_gain":0.0,"max_hp_loss":0.0,"gold_gain":0.0,"event_name":"The Woman in Blue","player_choice":"Bought 2 Potions","floor":12.0,"gold_loss":0.0,"damage_taken":0.0},{"damage_healed":0,"gold_gain":0,"cards_transformed":["Strike_R"],"player_choice":"Transformed","damage_taken":0,"max_hp_gain":0,"max_hp_loss":0,"event_name":"Transmorgrifier","floor":28,"gold_loss":0,"cards_obtained":["Immolate"]}],"is_beta":false,"boss_relics":[{"not_picked":["Runic Dome","Velvet Choker"],"picked":"Ectoplasm"}],"items_purged_floors":[5,20],"is_endless":false,"potions_floor_spawned":[3,11,16,19,21],"killed_by":"Collector","ascension_level":0}}