{"host":"04hh9gplt9wkfmr1","time":1612033553,"event":{"mods":["AchievementEnabler","BaseMod","Colored Map","KOR Keyword Fix","Minty Spire (QoL Compilation)","Rare Cards Sparkle","SuperFastMode"],"gold_per_floor":[116,116,133,147,157,188,188,200,224,224,255,267,292,309,309,412,412,425,425,425,185,204,233,233,246,271,271,303,317,334,351,351,454,454,454,454],"floor_reached":35,"language":"KOR","playtime":954,"items_purged":[],"score":583,"play_id":"ab4829da-190e-4a1f-ad56-aaffee6e0bd0","local_time":"20210131040553","is_ascension_mode":true,"campfire_choices":[{"data":"Perfected Strike","floor":7.0,"key":"SMITH"},{"floor":10.0,"key":"REST"},{"data":"Dual Wield","floor":15.0,"key":"SMITH"},{"floor":24.0,"key":"REST"},{"floor":27.0,"key":"REST"},{"data":"Perfected Strike","floor":32.0,"key":"SMITH"}],"circlet_count":0,"master_deck":["Strike_R","Strike_R","Strike_R","Strike_R","Strike_R","Defend_R","Defend_R","Defend_R","Bash","Perfected Strike+1","Battle Trance","Dual Wield+1","Inflame","Immolate","Metallicize+1","Rage","Twin Strike","Pommel Strike","Dual Wield+1","Whirlwind","Perfected Strike+1","Perfected Strike","Berserk"],"relics":["Burning Blood","Boot","Tiny Chest","Regal Pillow","Omamori","Velvet Choker","WarpedTongs","Matryoshka","White Beast Statue","Strawberry","Potion Belt","Ornamental Fan","Snecko Eye"],"acts_visited":["Exordium","TheCity","TheBeyond"],"potions_floor_usage":[33,33],"damage_taken":[{"damage":6.0,"enemies":"Small Slimes","floor":1.0,"turns":3.0},{"damage":1.0,"enemies":"Cultist","floor":3.0,"turns":3.0},{"damage":0.0,"enemies":"2 Louse","floor":4.0,"turns":2.0},{"damage":10.0,"enemies":"Gremlin Gang","floor":5.0,"turns":3.0},{"damage":32.0,"enemies":"Gremlin Nob","floor":6.0,"turns":4.0},{"damage":16.0,"enemies":"Lots of Slimes","floor":8.0,"turns":5.0},{"damage":25.0,"enemies":"Lagavulin","floor":11.0,"turns":5.0},{"damage":12.0,"enemies":"Looter","floor":12.0,"turns":3.0},{"damage":8.0,"enemies":"Gremlin Nob","floor":13.0,"turns":3.0},{"damage":2.0,"enemies":"Large Slime","floor":14.0,"turns":5.0},{"damage":41.0,"enemies":"The Guardian","floor":16.0,"turns":9.0},{"damage":23.0,"enemies":"2 Thieves","floor":18.0,"turns":3.0},{"damage":34.0,"enemies":"3 Byrds","floor":22.0,"turns":4.0},{"damage":21.0,"enemies":"Book of Stabbing","floor":23.0,"turns":5.0},{"damage":24.0,"enemies":"Shelled Parasite and Fungi","floor":25.0,"turns":4.0},{"damage":0.0,"enemies":"Gremlin Leader","floor":28.0,"turns":6.0},{"damage":16.0,"enemies":"Chosen and Byrds","floor":29.0,"turns":6.0},{"damage":37.0,"enemies":"Snake Plant","floor":30.0,"turns":4.0},{"damage":6.0,"enemies":"Snecko","floor":31.0,"turns":4.0},{"damage":41,"enemies":"Champ","floor":33,"turns":8},{"damage":0,"enemies":"3 Shapes","floor":35,"turns":1}],"seed_played":"177906530000363382","potions_obtained":[{"floor":4.0,"key":"Explosive Potion"},{"floor":5.0,"key":"SpeedPotion"},{"floor":8.0,"key":"LiquidMemories"},{"floor":12.0,"key":"Energy Potion"},{"floor":13.0,"key":"Swift Potion"},{"floor":14.0,"key":"Swift Potion"},{"floor":22.0,"key":"ColorlessPotion"},{"floor":23.0,"key":"Swift Potion"},{"floor":25.0,"key":"SteroidPotion"},{"floor":28.0,"key":"Block Potion"},{"floor":29.0,"key":"PowerPotion"},{"floor":30.0,"key":"AttackPotion"},{"floor":31.0,"key":"Block Potion"},{"floor":33,"key":"ColorlessPotion"}],"is_trial":false,"path_per_floor":["M","?","M","M","M","E","R","M","T","R","E","M","E","M","R","B",null,"M","?","?","$","M","E","R","M","T","R","E","M","M","M","R","B",null,"M"],"character_chosen":"IRONCLAD","items_purchased":["Matryoshka"],"campfire_rested":3,"item_purchase_floors":[21],"current_hp_per_floor":[72,72,77,83,79,53,53,43,43,71,52,46,44,48,48,13,75,58,58,58,58,30,15,58,40,47,92,98,88,57,57,57,22,83,83,83],"gold":454,"neow_bonus":"TWENTY_PERCENT_HP_BONUS","is_daily":false,"chose_seed":false,"campfire_upgraded":3,"win_rate":0.0,"timestamp":1612033553,"path_taken":["M","?","M","M","M","E","R","M","T","R","E","M","E","M","R","BOSS","M","?","?","$","?","E","R","M","T","R","E","M","M","M","R","BOSS","M"],"items_purchased_type":["Relic"],"build_version":"2020-12-22","purchased_purges":0,"victory":false,"max_hp_per_floor":[96,96,96,96,96,96,96,96,96,96,96,96,96,96,96,96,96,96,96,96,96,96,96,96,96,103,103,103,103,103,103,103,103,103,103,103],"card_choices":[{"not_picked":["Thunderclap","Shrug It Off","Reckless Charge"],"picked":"SKIP","floor":1.0},{"not_picked":["Flex","Metallicize","Sword Boomerang"],"picked":"SKIP","floor":3.0},{"not_picked":["Fire Breathing","Dropkick","Iron Wave"],"picked":"SKIP","floor":4.0},{"not_picked":["Evolve","Thunderclap"],"picked":"Perfected Strike","floor":5.0},{"not_picked":["Body Slam","Impervious","True Grit"],"picked":"SKIP","floor":6.0},{"not_picked":["Blood for Blood","Havoc","Clash"],"picked":"SKIP","floor":8.0},{"not_picked":["Inflame","Dark Embrace"],"picked":"Battle Trance","floor":11.0},{"not_picked":["Flex","Shrug It Off","Power Through"],"picked":"SKIP","floor":12.0},{"not_picked":["Limit Break","Warcry"],"picked":"Dual Wield","floor":13.0},{"not_picked":["Thunderclap","Flame Barrier"],"picked":"Inflame","floor":14.0},{"not_picked":["Impervious","Barricade"],"picked":"Immolate","floor":16.0},{"not_picked":["Shrug It Off","Warcry"],"picked":"Metallicize+1","floor":18.0},{"not_picked":["Rupture","Thunderclap+1","Rage"],"picked":"SKIP","floor":22.0},{"not_picked":["Rupture","Thunderclap+1"],"picked":"Rage","floor":22.0},{"not_picked":["Sever Soul","Iron Wave"],"picked":"Twin Strike","floor":23.0},{"not_picked":["Thunderclap+1","Wild Strike"],"picked":"Pommel Strike","floor":25.0},{"not_picked":["Sever Soul","Flex"],"picked":"Dual Wield+1","floor":28.0},{"not_picked":["Iron Wave","Clash+1"],"picked":"Whirlwind","floor":29.0},{"not_picked":["Metallicize+1","Brutality"],"picked":"Perfected Strike","floor":30.0},{"not_picked":["Thunderclap","Battle Trance"],"picked":"Perfected Strike","floor":31.0},{"not_picked":["Juggernaut","Exhume"],"picked":"Berserk","floor":33}],"player_experience":108606,"relics_obtained":[{"floor":6.0,"key":"Boot"},{"floor":9.0,"key":"Tiny Chest"},{"floor":11.0,"key":"Regal Pillow"},{"floor":13.0,"key":"Omamori"},{"floor":23.0,"key":"White Beast Statue"},{"floor":26.0,"key":"Strawberry"},{"floor":26.0,"key":"Potion Belt"},{"floor":28.0,"key":"Ornamental Fan"}],"event_choices":[{"cards_removed":["Defend_R"],"damage_healed":0.0,"max_hp_gain":0.0,"max_hp_loss":0.0,"gold_gain":0.0,"event_name":"Purifier","player_choice":"Purged","floor":2.0,"gold_loss":0.0,"damage_taken":0.0},{"damage_healed":0.0,"max_hp_gain":0.0,"max_hp_loss":0.0,"gold_gain":0.0,"event_name":"Vampires","player_choice":"Ignored","floor":19.0,"gold_loss":0.0,"damage_taken":0.0},{"damage_healed":0.0,"max_hp_gain":0.0,"max_hp_loss":0.0,"gold_gain":0.0,"event_name":"Accursed Blacksmith","player_choice":"Rummage","floor":20.0,"gold_loss":0.0,"damage_taken":0.0,"relics_obtained":["WarpedTongs"],"cards_obtained":["Pain"]}],"is_beta":false,"boss_relics":[{"not_picked":["Cursed Key","Black Star"],"picked":"Velvet Choker"},{"not_picked":["Pandora\u0027s Box","Runic Cube"],"picked":"Snecko Eye"}],"items_purged_floors":[],"is_endless":false,"potions_floor_spawned":[4,5,8,12,13,14,22,23,25,28,29,30,31,33],"killed_by":"3 Shapes","ascension_level":5}}