{"host":"9qk11wtevf51xvhl","time":1612048263,"event":{"mods":["BaseMod","Minty Spire (QoL Compilation)"],"gold_per_floor":[112,112,129,139,38,66,84,84,84,97,124,135,155,190,190,288,288,299,299,319,418,430,461,45,80,105,133,150,150,32,51,51,146,146,156,206,225,242,255,285,302,4,50,67,67,95,95,129,129,129],"floor_reached":51,"language":"ENG","playtime":4903,"items_purged":["Strike_B","Writhe","Strike_B","Strike_B"],"score":926,"play_id":"85e98848-247e-406c-95c4-48c3d6f9a848","local_time":"20210131001103","is_ascension_mode":true,"campfire_choices":[{"floor":8,"key":"REST"},{"data":"Redo","floor":15,"key":"SMITH"},{"data":"Storm","floor":32,"key":"SMITH"},{"data":"Discovery","floor":49,"key":"SMITH"}],"circlet_count":0,"master_deck":["Strike_B","Defend_B","Defend_B+1","Defend_B","Defend_B","Zap","Dualcast+1","Chaos","Rebound","Cold Snap","Leap","Redo+1","Reinforced Body","Defragment","Blizzard","Self Repair","Streamline","Storm+1","Go for the Eyes+1","Darkness","Auto Shields+1","Auto Shields+1","Buffer","Necronomicurse","Static Discharge","Coolheaded","Electrodynamics","White Noise","Defragment+1","Auto Shields+1","FTL+1","Conserve Battery+1","Force Field+1","Flash of Steel","Discovery+1","Mayhem"],"relics":["Philosopher\u0027s Stone","Turnip","Singing Bowl","Mercury Hourglass","PreservedInsect","Smiling Mask","SacredBark","Vajra","White Beast Statue","Lee\u0027s Waffle","Centennial Puzzle","WingedGreaves","Toy Ornithopter","Oddly Smooth Stone","Necronomicon","Inserter","Bird Faced Urn","Dream Catcher","HandDrill","War Paint","InkBottle","Dead Branch"],"acts_visited":["Exordium","TheCity","TheBeyond"],"potions_floor_usage":[16,18,28,31,31,33,36,37,41,50],"damage_taken":[{"damage":2,"enemies":"Cultist","floor":1,"turns":4},{"damage":1,"enemies":"Jaw Worm","floor":3,"turns":3},{"damage":4,"enemies":"Small Slimes","floor":4,"turns":3},{"damage":41,"enemies":"Gremlin Nob","floor":6,"turns":5},{"damage":15,"enemies":"3 Louse","floor":7,"turns":4},{"damage":0,"enemies":"Blue Slaver","floor":10,"turns":3},{"damage":3,"enemies":"Lagavulin","floor":11,"turns":7},{"damage":0,"enemies":"2 Fungi Beasts","floor":12,"turns":4},{"damage":5,"enemies":"Looter","floor":13,"turns":3},{"damage":0,"enemies":"3 Sentries","floor":14,"turns":5},{"damage":6,"enemies":"Hexaghost","floor":16,"turns":8},{"damage":15,"enemies":"3 Byrds","floor":18,"turns":6},{"damage":8,"enemies":"Spheric Guardian","floor":20,"turns":4},{"damage":30,"enemies":"Snecko","floor":22,"turns":6},{"damage":46,"enemies":"Book of Stabbing","floor":23,"turns":6},{"damage":55,"enemies":"Slavers","floor":25,"turns":4},{"damage":1,"enemies":"Gremlin Leader","floor":27,"turns":7},{"damage":8,"enemies":"Sentry and Sphere","floor":28,"turns":4},{"damage":10,"enemies":"Cultist and Chosen","floor":31,"turns":6},{"damage":30,"enemies":"Automaton","floor":33,"turns":9},{"damage":8,"enemies":"3 Shapes","floor":35,"turns":3},{"damage":0,"enemies":"Mind Bloom Boss Battle","floor":36,"turns":5},{"damage":8,"enemies":"3 Darklings","floor":37,"turns":4},{"damage":29,"enemies":"Transient","floor":38,"turns":5},{"damage":14,"enemies":"Sphere and 2 Shapes","floor":39,"turns":3},{"damage":9,"enemies":"Giant Head","floor":40,"turns":8},{"damage":10,"enemies":"4 Shapes","floor":41,"turns":2},{"damage":12,"enemies":"Maw","floor":44,"turns":7},{"damage":7,"enemies":"Nemesis","floor":46,"turns":4},{"damage":8,"enemies":"Giant Head","floor":48,"turns":7},{"damage":82,"enemies":"Awakened One","floor":50,"turns":8}],"seed_played":"-5912080823220749462","potions_obtained":[{"floor":4,"key":"Dexterity Potion"},{"floor":11,"key":"BlessingOfTheForge"},{"floor":12,"key":"GamblersBrew"},{"floor":25,"key":"Explosive Potion"},{"floor":27,"key":"FocusPotion"},{"floor":28,"key":"Fire Potion"},{"floor":31,"key":"Strength Potion"},{"floor":33,"key":"SkillPotion"},{"floor":35,"key":"Fire Potion"},{"floor":36,"key":"Fruit Juice"},{"floor":37,"key":"Swift Potion"},{"floor":38,"key":"DistilledChaos"},{"floor":39,"key":"Fire Potion"},{"floor":41,"key":"Swift Potion"}],"is_trial":false,"path_per_floor":["M","?","M","M","$","E","M","R","T","M","E","M","M","E","R","B",null,"M","?","M","?","M","E","$","E","T","E","M","?","$","M","R","B",null,"M","?","M","M","M","E","M","$","T","M","?","E","?","E","R","B",null],"character_chosen":"DEFECT","items_purchased":["Leap","Lee\u0027s Waffle","Centennial Puzzle","Darkness","Static Discharge","HandDrill","FairyPotion"],"campfire_rested":1,"item_purchase_floors":[5,24,24,24,30,42,42],"current_hp_per_floor":[73,70,69,65,65,26,11,34,34,34,31,33,28,28,28,31,81,73,73,72,72,49,12,90,42,42,48,52,36,36,43,43,25,90,89,100,100,88,84,98,98,98,98,104,99,101,91,103,103,42],"gold":129,"neow_bonus":"BOSS_RELIC","is_daily":false,"chose_seed":false,"campfire_upgraded":3,"win_rate":0.0,"timestamp":1612048263,"path_taken":["M","?","M","M","$","E","M","R","T","M","E","M","M","E","R","BOSS","M","?","M","?","M","E","$","E","T","E","M","?","$","?","R","BOSS","M","?","M","M","M","E","M","$","T","M","?","E","?","E","R","BOSS"],"items_purchased_type":["Card","Relic","Relic","Card","Card","Relic","Potion"],"build_version":"2020-12-22","purchased_purges":4,"victory":true,"max_hp_per_floor":[75,75,75,75,75,77,77,77,77,77,77,79,79,79,79,81,81,81,81,81,81,81,83,90,90,90,90,90,90,90,90,90,90,90,90,100,100,100,102,102,104,104,104,104,99,101,101,103,103,103],"card_choices":[{"not_picked":["Steam","Rip and Tear"],"picked":"Chaos","floor":1},{"not_picked":["Hello World","Leap"],"picked":"Rebound","floor":3},{"not_picked":["Rebound","Darkness"],"picked":"Cold Snap","floor":4},{"not_picked":["Barrage","Steam","Hologram"],"picked":"Singing Bowl","floor":6},{"not_picked":["Hologram","Gash"],"picked":"Redo","floor":7},{"not_picked":["Aggregate","Barrage"],"picked":"Reinforced Body","floor":10},{"not_picked":["Machine Learning","Conserve Battery"],"picked":"Defragment","floor":11},{"not_picked":["Consume","Stack","Cold Snap"],"picked":"Singing Bowl","floor":12},{"not_picked":["Gash","Turbo"],"picked":"Blizzard","floor":13},{"not_picked":["Seek","Double Energy"],"picked":"Self Repair","floor":14},{"not_picked":["Meteor Strike","Fission","Core Surge"],"picked":"Singing Bowl","floor":16},{"not_picked":["Go for the Eyes","Steam"],"picked":"Streamline","floor":18},{"not_picked":["Compile Driver+1","FTL+1"],"picked":"Storm","floor":20},{"not_picked":["Rebound","Sweeping Beam"],"picked":"Go for the Eyes+1","floor":22},{"not_picked":["Beam Cell","Rip and Tear","Rebound"],"picked":"Singing Bowl","floor":23},{"not_picked":["Barrage","Redo"],"picked":"Auto Shields+1","floor":25},{"not_picked":["Beam Cell+1","Hologram"],"picked":"Auto Shields+1","floor":27},{"not_picked":["Turbo","Rebound"],"picked":"Buffer","floor":28},{"not_picked":["Scrape","Steam"],"picked":"Coolheaded","floor":31},{"not_picked":["Machine Learning","Buffer"],"picked":"Electrodynamics","floor":33},{"not_picked":["Streamline","Beam Cell+1"],"picked":"White Noise","floor":35},{"not_picked":["Lockon+1","Redo+1"],"picked":"Defragment+1","floor":36},{"not_picked":["Cold Snap","Ball Lightning"],"picked":"Auto Shields+1","floor":37},{"not_picked":["Stack+1","Go for the Eyes+1"],"picked":"FTL+1","floor":38},{"not_picked":["Steam+1","Go for the Eyes+1","Compile Driver+1"],"picked":"Singing Bowl","floor":39},{"not_picked":["Redo","Stack+1"],"picked":"Conserve Battery+1","floor":40},{"not_picked":["Rainbow","Gash+1","Compile Driver+1"],"picked":"Singing Bowl","floor":41},{"not_picked":["Turbo","FTL"],"picked":"Force Field+1","floor":44},{"not_picked":["Go for the Eyes+1","Compile Driver+1","Hologram+1"],"picked":"Singing Bowl","floor":46},{"not_picked":["Trip","Jack Of All Trades"],"picked":"Flash of Steel","floor":47},{"not_picked":["Enlightenment","Trip"],"picked":"Discovery","floor":47},{"not_picked":["Violence","Madness"],"picked":"Mayhem","floor":47},{"not_picked":["Cold Snap+1","Steam","Reprogram+1"],"picked":"Singing Bowl","floor":48}],"player_experience":569780,"relics_obtained":[{"floor":6,"key":"Singing Bowl"},{"floor":9,"key":"Mercury Hourglass"},{"floor":11,"key":"PreservedInsect"},{"floor":14,"key":"Smiling Mask"},{"floor":23,"key":"White Beast Statue"},{"floor":25,"key":"WingedGreaves"},{"floor":26,"key":"Toy Ornithopter"},{"floor":27,"key":"Oddly Smooth Stone"},{"floor":29,"key":"Necronomicon"},{"floor":36,"key":"Bird Faced Urn"},{"floor":40,"key":"Dream Catcher"},{"floor":43,"key":"War Paint"},{"floor":46,"key":"InkBottle"},{"floor":48,"key":"Dead Branch"}],"event_choices":[{"damage_healed":0,"gold_gain":0,"player_choice":"Success","damage_taken":3,"relics_obtained":["Turnip"],"max_hp_gain":0,"max_hp_loss":0,"event_name":"Scrap Ooze","floor":2,"gold_loss":0},{"damage_healed":0,"gold_gain":0,"player_choice":"Opened","damage_taken":0,"relics_obtained":["Vajra"],"max_hp_gain":0,"max_hp_loss":0,"event_name":"The Mausoleum","floor":19,"gold_loss":0,"cards_obtained":["Writhe"]},{"damage_healed":0,"gold_gain":99,"player_choice":"Stole From Cult","damage_taken":0,"max_hp_gain":0,"max_hp_loss":0,"event_name":"Nest","floor":21,"gold_loss":0},{"damage_healed":0,"gold_gain":0,"player_choice":"Obtained Book","damage_taken":16,"max_hp_gain":0,"max_hp_loss":0,"event_name":"Cursed Tome","floor":29,"gold_loss":0},{"damage_healed":0,"gold_gain":0,"player_choice":"Fight","damage_taken":0,"max_hp_gain":0,"max_hp_loss":0,"event_name":"MindBloom","floor":36,"gold_loss":0},{"damage_healed":0,"gold_gain":0,"player_choice":"Max HP","damage_taken":0,"max_hp_gain":0,"max_hp_loss":5,"event_name":"Winding Halls","floor":45,"gold_loss":0},{"damage_healed":0,"gold_gain":0,"player_choice":"Memory 3","damage_taken":10,"max_hp_gain":0,"max_hp_loss":0,"event_name":"SensoryStone","floor":47,"gold_loss":0}],"is_beta":false,"boss_relics":[{"not_picked":["Snecko Eye","Velvet Choker"],"picked":"SacredBark"},{"not_picked":["Black Star","Sozu"],"picked":"Inserter"}],"items_purged_floors":[5,24,30,42],"is_endless":false,"potions_floor_spawned":[4,11,12,14,25,27,28,31,33,35,36,37,38,39,40,41,44,46,48],"ascension_level":2}}