{"host":"6xsbn6ynqlzwllfm","time":1612003340,"event":{"mods":["2.2 Compatiblity","BaseMod","Bestiary","Colored Map","Colored Powertips","Curses Come First","Highlight Path","Keyboard Shortcuts","Minty Spire (QoL Compilation)","Relic Stats","Slay the Relics Exporter","StSLib","SuperFastMode"],"gold_per_floor":[109,109,125,125,125,159,159,172,251,264,264,24,24,50,62,153,165,187,218,244,274,286,298,345,357,369,408,420,462,64,64,64],"floor_reached":31,"language":"ENG","playtime":818,"items_purged":["Strike_P"],"score":802,"play_id":"7e4aa4d7-3194-44a4-88dd-912210ad0cae","local_time":"20210130054220","is_ascension_mode":true,"campfire_choices":[{"data":"Consecrate","floor":7,"key":"SMITH"},{"data":"FlyingSleeves","floor":11,"key":"SMITH"},{"data":"BattleHymn","floor":13,"key":"SMITH"},{"data":"MasterReality","floor":15,"key":"SMITH"},{"floor":23,"key":"REST"},{"floor":25,"key":"REST"},{"data":"Vault","floor":28,"key":"SMITH"}],"circlet_count":0,"master_deck":["AscendersBane","Strike_P","Strike_P","Defend_P","Defend_P","Defend_P","Defend_P","Eruption","Vigilance","Consecrate+1","CutThroughFate","SashWhip+1","CarveReality","FlyingSleeves+1","FlurryOfBlows","BattleHymn+1","MasterReality+1","Vault+1","Evaluate","BowlingBash","Consecrate+1","Nirvana","JustLucky"],"relics":["PureWater","NeowsBlessing","Art of War","Mercury Hourglass","Lantern","MawBank","Busted Crown","Bag of Marbles","Pocketwatch","GoldenEye","Anchor","Melange"],"acts_visited":["Exordium","TheCity"],"potions_floor_usage":[14,18,20,24,31],"damage_taken":[{"damage":0,"enemies":"2 Louse","floor":1,"turns":1},{"damage":0,"enemies":"Cultist","floor":3,"turns":1},{"damage":0,"enemies":"3 Sentries","floor":6,"turns":1},{"damage":0,"enemies":"Small Slimes","floor":8,"turns":2},{"damage":3,"enemies":"Looter","floor":10,"turns":2},{"damage":17,"enemies":"Lagavulin","floor":14,"turns":6},{"damage":0,"enemies":"Slime Boss","floor":16,"turns":4},{"damage":6,"enemies":"2 Thieves","floor":18,"turns":3},{"damage":17,"enemies":"3 Byrds","floor":19,"turns":5},{"damage":4,"enemies":"Snecko","floor":20,"turns":5},{"damage":27,"enemies":"Snake Plant","floor":21,"turns":4},{"damage":29,"enemies":"Book of Stabbing","floor":24,"turns":6},{"damage":0,"enemies":"Gremlin Leader","floor":27,"turns":2},{"damage":24,"enemies":"Book of Stabbing","floor":29,"turns":5},{"damage":16,"enemies":"Slavers","floor":31,"turns":1}],"seed_played":"-8961602835094558347","potions_obtained":[{"floor":1,"key":"Swift Potion"},{"floor":8,"key":"PowerPotion"},{"floor":14,"key":"SmokeBomb"},{"floor":19,"key":"Regen Potion"},{"floor":21,"key":"DistilledChaos"},{"floor":27,"key":"Explosive Potion"}],"is_trial":false,"path_per_floor":["M","?","M","?","?","E","R","M","T","M","R","$","R","E","R","B",null,"M","M","M","M","?","R","E","R","T","E","R","E","$","E"],"character_chosen":"WATCHER","items_purchased":["Lantern","BattleHymn","BottledMiracle","Melange","Nirvana","JustLucky"],"campfire_rested":2,"item_purchase_floors":[12,12,30,30,30,30],"current_hp_per_floor":[61,66,66,66,66,66,66,66,66,63,63,63,63,46,46,46,66,60,43,51,24,24,45,16,37,37,37,37,13,13,0,0],"gold":64,"neow_bonus":"THREE_ENEMY_KILL","is_daily":false,"chose_seed":false,"campfire_upgraded":5,"win_rate":0.0,"timestamp":1612003340,"path_taken":["M","?","M","?","?","E","R","M","T","M","R","$","R","E","R","BOSS","M","M","M","?","?","R","E","R","T","E","R","E","$","E"],"items_purchased_type":["Relic","Card","Potion","Relic","Card","Card"],"build_version":"2020-12-22","purchased_purges":1,"victory":false,"max_hp_per_floor":[68,73,73,73,73,73,73,73,73,73,73,73,73,73,73,73,73,73,73,73,73,73,73,73,73,73,73,73,73,73,73,73],"relic_stats":{"Busted Crown":14,"counters":[15,48],"Melange":[0],"Art of War":[4],"MawBank":192,"GoldenEye":[4],"obtain_stats":[{"Lantern":12,"Anchor":29,"Busted Crown":17,"NeowsBlessing":0,"Melange":30,"Art of War":6,"Bag of Marbles":24,"PureWater":0,"MawBank":14,"GoldenEye":27,"Mercury Hourglass":9,"Pocketwatch":26},{"Lantern":5,"Anchor":14,"Busted Crown":7,"NeowsBlessing":0,"Melange":14,"Art of War":3,"Bag of Marbles":12,"PureWater":0,"MawBank":6,"GoldenEye":13,"Mercury Hourglass":4,"Pocketwatch":12},{"Lantern":7,"Anchor":47,"Busted Crown":17,"NeowsBlessing":0,"Melange":47,"Art of War":3,"Bag of Marbles":40,"PureWater":0,"MawBank":13,"GoldenEye":42,"Mercury Hourglass":5,"Pocketwatch":40}],"Mercury Hourglass":[156],"Pocketwatch":[5]},"card_choices":[{"not_picked":["Indignation","Study"],"picked":"Consecrate","floor":1},{"not_picked":["Prostrate","PathToVictory"],"picked":"CutThroughFate","floor":3},{"not_picked":["CrushJoints","LikeWater"],"picked":"CarveReality","floor":6},{"not_picked":["Collect","Pray"],"picked":"FlyingSleeves","floor":8},{"not_picked":["Evaluate","Crescendo"],"picked":"FlurryOfBlows","floor":10},{"not_picked":["Evaluate","Crescendo"],"picked":"MasterReality","floor":14},{"not_picked":["Alpha","Wish"],"picked":"Vault","floor":16},{"not_picked":[],"picked":"Evaluate","floor":18},{"not_picked":[],"picked":"BowlingBash","floor":21},{"not_picked":[],"picked":"Consecrate+1","floor":24}],"player_experience":1270429,"relics_obtained":[{"floor":6,"key":"Art of War"},{"floor":9,"key":"Mercury Hourglass"},{"floor":14,"key":"MawBank"},{"floor":24,"key":"Bag of Marbles"},{"floor":26,"key":"Pocketwatch"},{"floor":27,"key":"GoldenEye"},{"floor":29,"key":"Anchor"}],"event_choices":[{"damage_healed":0,"gold_gain":0,"player_choice":"Donut","damage_taken":0,"max_hp_gain":5,"max_hp_loss":0,"event_name":"Big Fish","floor":2,"gold_loss":0},{"damage_healed":0,"gold_gain":0,"cards_transformed":["Strike_P"],"player_choice":"Change","damage_taken":0,"max_hp_gain":0,"max_hp_loss":0,"event_name":"Living Wall","floor":4,"gold_loss":0,"cards_obtained":["SashWhip"]},{"damage_healed":0,"gold_gain":0,"player_choice":"Upgraded","damage_taken":0,"max_hp_gain":0,"max_hp_loss":0,"event_name":"Upgrade Shrine","floor":5,"gold_loss":0,"cards_upgraded":["SashWhip"]},{"damage_healed":0,"gold_gain":0,"player_choice":"Ignored","damage_taken":0,"max_hp_gain":0,"max_hp_loss":0,"event_name":"Cursed Tome","floor":22,"gold_loss":0}],"is_beta":false,"boss_relics":[{"not_picked":["Velvet Choker","Calling Bell"],"picked":"Busted Crown"}],"items_purged_floors":[30],"is_endless":false,"potions_floor_spawned":[1,8,14,19,21,27],"killed_by":"Slavers","ascension_level":20}}