{"host":"wjcpoqa0e6xb69oe","time":1612026512,"event":{"mods":["Act Like it!","BaseMod","Decade(王小明)","Downfall","HololiveMod","KinomotoSakuraMod(木之本樱)","Koishi","Lobotomy","Minty Spire (QoL Compilation)","StSLib","The Administrix","WarShipGirlsR/战舰少女R mod","Yuyuko"],"gold_per_floor":[90,90,108,108,25,50,85,112,135,164,164,204,204,222,222,313,313,329,329,365,376,376,413,43,43,43,43,71,83,132,166,166,276,276,295,49,58,80,103,165,200,241,241,280,115,150,150,202,202,309,309,332,351,351,385,419,461,461,501,539,558,596,596,636,282,282,367,367,405,218,244,272,315,357,357,415,458,467,530,550,591,591,591,695,695,724,733,451,503,522,569,569,623,665,693,693,725,810,844,844,967,967,967],"floor_reached":102,"language":"ZHS","playtime":10359,"items_purged":["expansioncontent:BronzeBeam+1"],"score":6530,"play_id":"624410dc-cfdf-49ab-a9bf-2973d3dde3d9","local_time":"20210131010832","daily_mods":["SealedDeck","Heirloom","DeadlyEvents","Elite Swarm"],"is_ascension_mode":true,"campfire_choices":[{"data":"Hololive_OvertimeWork","floor":11.0,"key":"SMITH"},{"data":"Hololive_CallHoshimachiSuisei","floor":13.0,"key":"SMITH"},{"data":"Hololive_Spy","floor":15.0,"key":"SMITH"},{"data":"Hololive_Yoholoon","floor":25.0,"key":"SMITH"},{"data":"Hololive_CallInugamiKorone","floor":27.0,"key":"SMITH"},{"data":"Hololive_CallFriendA","floor":32.0,"key":"SMITH"},{"data":"Hololive_CallAkiRosenthal","floor":47.0,"key":"SMITH"},{"data":"Hololive_CallOzoraSubaru","floor":49.0,"key":"SMITH"},{"floor":58.0,"key":"DIG"},{"floor":63.0,"key":"DIG"},{"floor":66.0,"key":"DIG"},{"floor":75.0,"key":"DIG"},{"floor":83.0,"key":"DIG"},{"floor":92,"key":"DIG"},{"data":"Hololive_CallHoshimachiSuisei","floor":96,"key":"SMITH"},{"data":"Hololive_CallHimemoriLuna","floor":100,"key":"SMITH"}],"circlet_count":0,"master_deck":["AscendersBane","Hololive_CallSakuraMiko","Hololive_CallUruhaRushia","Hololive_OvertimeWork+1","Hololive_CallHoshimachiSuisei+1","Hololive_CallMurasakiShion","Hololive_CallFriendA+1","Hololive_Spy+1","Hololive_CallAmaneKanata","Hololive_CallInugamiKorone+1","Hololive_CallAkaiHaato","Hololive_CallNatsuiroMatsuri","Hololive_CallMomosuzuNene+54","Hololive_Yoholoon+1","Hololive_DurableLive+1","Hololive_DDD+1","Hololive_Thief+1","Hololive_IdolExercise+1","Hololive_Nanodesu+1","Hololive_CandyCastle+1","Hololive_StarCraft+1","Hololive_FlyingPonyTail+1","Hololive_HighAtkLowDef+1","Hololive_CallAiraniIofifteen","Hololive_Rebirth+1","Hololive_CallArtia","Hololive_Thief+1","Hololive_ILoveYou+1","Hololive_Thief+1","Hololive_StrengthChampion+1","Hololive_MaximGun+1","Hololive_CallOzoraSubaru+1","Hololive_CallAkiRosenthal+1","Hololive_CallNekomataOkayu","Hololive_ASMR+1","Hololive_CallDoris+1","Hololive_IdolExercise+1","Hololive_OpenUp+1","Hololive_AWSL","Hololive_DurableLive+1","Hololive_DDD+1","Hololive_CallSpadeEcho","Hololive_CallHimemoriLuna+1","Hololive_CallTokinoSora","Hololive_CallHoshimachiSuisei+1","Hololive_Thief+1","Hololive_Thief+1","Hololive_Thief+1","Hololive_CallShishiroBotan","Hololive_Nanodesu+1","Hololive_HighAtkLowDef+1","Hololive_Psychosis+1","Hololive_IdolExercise+1","Hololive_FlyingPonyTail+1","Hololive_RevenueBasedLive+1","Hololive_StarCraft+1","Hololive_CallYozoraMel","Hololive_CallTsunomakiWatame","Hololive_Thief+1","Hololive_Thief+1","Hololive_IdolExercise+1","Hololive_Thief+1","Hololive_CallUsadaPekora","Hololive_Thief+1","Hololive_BeCareful+1","Hololive_Watashimo+1","Hololive_FlyingPonyTail+1","Hololive_MaximGun+1","Hololive_Thief+1","Hololive_Thief+1","Hololive_FlyingPonyTail+1","Hololive_CallOmaruPolka+1","Hololive_HighAtkLowDef+1"],"relics":["Hololive_TheStar","Gambling Chip","Boot","Molten Egg 2","Toxic Egg 2","Centennial Puzzle","Blue Candle","Question Card","Philosopher\u0027s Stone","Eternal Feather","Nunchaku","Lantern","Hololive_LightStick","War Paint","Kunai","White Beast Statue","InkBottle","Hololive_Finger","CeramicFish","Bag of Preparation","WingedGreaves","Bottled Tornado","Strawberry","Membership Card","Art of War","Shovel","Black Star","Bottled Flame","hexamod:BolsterEngine","Ice Cream","Akabeko","Chemical X","Vajra","HandDrill","Bag of Marbles","Shuriken","Hololive_FriedShrimpLion","CaptainsWheel","Cursed Key","Sling","Du-Vu Doll","Pen Nib","expansioncontent:StudyCardRelic"],"acts_visited":["Exordium"],"potions_floor_usage":[],"damage_taken":[{"damage":0.0,"enemies":"Jaw Worm","floor":1.0,"turns":2.0},{"damage":0.0,"enemies":"2 Louse","floor":3.0,"turns":2.0},{"damage":0.0,"enemies":"Gremlin Nob","floor":6.0,"turns":3.0},{"damage":0.0,"enemies":"Lagavulin","floor":7.0,"turns":3.0},{"damage":0.0,"enemies":"3 Sentries","floor":8.0,"turns":4.0},{"damage":0.0,"enemies":"Lagavulin","floor":10.0,"turns":3.0},{"damage":0.0,"enemies":"3 Sentries","floor":12.0,"turns":3.0},{"damage":0.0,"enemies":"Cultist","floor":14.0,"turns":2.0},{"damage":0.0,"enemies":"The Guardian","floor":16.0,"turns":3.0},{"damage":0.0,"enemies":"3 Byrds","floor":18.0,"turns":3.0},{"damage":0.0,"enemies":"Book of Stabbing","floor":20.0,"turns":4.0},{"damage":0.0,"enemies":"Shell Parasite","floor":21.0,"turns":2.0},{"damage":1.0,"enemies":"Slavers","floor":23.0,"turns":4.0},{"damage":0.0,"enemies":"Gremlin Leader","floor":28.0,"turns":4.0},{"damage":0.0,"enemies":"Snecko","floor":29.0,"turns":2.0},{"damage":0.0,"enemies":"Book of Stabbing","floor":30.0,"turns":4.0},{"damage":0.0,"enemies":"3 Cultists","floor":31.0,"turns":3.0},{"damage":0.0,"enemies":"Automaton","floor":33.0,"turns":4.0},{"damage":0.0,"enemies":"3 Shapes","floor":35.0,"turns":2.0},{"damage":0.0,"enemies":"3 Darklings","floor":38.0,"turns":3.0},{"damage":0.0,"enemies":"Writhing Mass","floor":39.0,"turns":4.0},{"damage":0.0,"enemies":"Reptomancer","floor":40.0,"turns":2.0},{"damage":0.0,"enemies":"4 Shapes","floor":41.0,"turns":4.0},{"damage":0.0,"enemies":"Giant Head","floor":42.0,"turns":3.0},{"damage":0.0,"enemies":"Reptomancer","floor":44.0,"turns":3.0},{"damage":0.0,"enemies":"Nemesis","floor":46.0,"turns":3.0},{"damage":0.0,"enemies":"Reptomancer","floor":48.0,"turns":3.0},{"damage":16.0,"enemies":"Awakened One","floor":50.0,"turns":5.0},{"damage":0.0,"enemies":"2 Louse","floor":52.0,"turns":2.0},{"damage":0.0,"enemies":"Cultist","floor":53.0,"turns":2.0},{"damage":0.0,"enemies":"Small Slimes","floor":55.0,"turns":1.0},{"damage":0.0,"enemies":"2 Fungi Beasts","floor":56.0,"turns":2.0},{"damage":0.0,"enemies":"Lagavulin","floor":57.0,"turns":2.0},{"damage":0.0,"enemies":"Gremlin Nob","floor":59.0,"turns":2.0},{"damage":0.0,"enemies":"Lagavulin","floor":60.0,"turns":2.0},{"damage":0.0,"enemies":"Gremlin Gang","floor":61.0,"turns":2.0},{"damage":0.0,"enemies":"3 Sentries","floor":62.0,"turns":3.0},{"damage":0.0,"enemies":"Lagavulin","floor":64.0,"turns":3.0},{"damage":0.0,"enemies":"Hexaghost","floor":67.0,"turns":2.0},{"damage":0.0,"enemies":"Chosen","floor":69.0,"turns":2.0},{"damage":0.0,"enemies":"Spheric Guardian","floor":71.0,"turns":1.0},{"damage":0.0,"enemies":"Snake Plant","floor":72.0,"turns":2.0},{"damage":0.0,"enemies":"Centurion and Healer","floor":73.0,"turns":3.0},{"damage":0.0,"enemies":"Book of Stabbing","floor":74.0,"turns":2.0},{"damage":0.0,"enemies":"Slavers","floor":76.0,"turns":2.0},{"damage":0.0,"enemies":"Book of Stabbing","floor":77.0,"turns":2.0},{"damage":0.0,"enemies":"Gremlin Leader","floor":79.0,"turns":2.0},{"damage":0.0,"enemies":"Sentry and Sphere","floor":80.0,"turns":2.0},{"damage":0.0,"enemies":"Book of Stabbing","floor":81.0,"turns":3.0},{"damage":0.0,"enemies":"Champ","floor":84.0,"turns":3.0},{"damage":0.0,"enemies":"3 Shapes","floor":86.0,"turns":2.0},{"damage":0,"enemies":"Nemesis","floor":89,"turns":2},{"damage":0,"enemies":"Orb Walker","floor":90,"turns":1},{"damage":0,"enemies":"Reptomancer","floor":91,"turns":1},{"damage":0,"enemies":"Giant Head","floor":93,"turns":2},{"damage":0,"enemies":"Reptomancer","floor":94,"turns":3},{"damage":0,"enemies":"4 Shapes","floor":95,"turns":1},{"damage":0,"enemies":"Nemesis","floor":97,"turns":3},{"damage":0,"enemies":"Transient","floor":98,"turns":3},{"damage":0,"enemies":"Giant Head","floor":99,"turns":1},{"damage":0,"enemies":"Donu and Deca","floor":101,"turns":3}],"seed_played":"3374521966233308946","potions_obtained":[{"floor":1.0,"key":"Fire Potion"},{"floor":6.0,"key":"AttackPotion"},{"floor":7.0,"key":"SkillPotion"},{"floor":12.0,"key":"AttackPotion"},{"floor":14.0,"key":"FairyPotion"},{"floor":20.0,"key":"Ancient Potion"},{"floor":29.0,"key":"Weak Potion"},{"floor":30.0,"key":"Regen Potion"},{"floor":31.0,"key":"Weak Potion"},{"floor":33.0,"key":"Energy Potion"},{"floor":50.0,"key":"Dexterity Potion"},{"floor":59.0,"key":"Slimebound:ThreeZeroPotion"},{"floor":61.0,"key":"Fruit Juice"},{"floor":62.0,"key":"Fire Potion"},{"floor":71.0,"key":"CultistPotion"}],"is_trial":true,"path_per_floor":["M","?","M","?","$","E","E","E","T","E","R","E","R","M","R","B",null,"M","T","E","M","?","E","$","R","T","R","E","M","E","M","R","B",null,"M","$","?","M","M","E","M","E","T","E","$","E","R","E","R","B",null,"M","M","?","M","M","E","R","E","E","M","E","R","E","$","R","B",null,"M","$","M","M","M","E","R","E","E","?","E","M","E","?","R","B",null,"M","?","$","E","M","E","R","E","E","M","R","E","M","E","R","B",null],"character_chosen":"Hololive_HololiveCharacter","items_purchased":["Hololive_Yoholoon","Hololive_LightStick","War Paint","Hololive_CallArtia","CeramicFish","Hololive_CallOzoraSubaru","Membership Card","Ice Cream","Akabeko","Chemical X","Hololive_Psychosis+1","HandDrill","Bag of Marbles","Hololive_RevenueBasedLive+1","Sling","Du-Vu Doll"],"campfire_rested":0,"item_purchase_floors":[5,24,24,24,36,36,45,65,65,65,65,70,70,70,88,88],"current_hp_per_floor":[27,27,27,27,27,27,27,27,27,27,27,27,27,27,27,27,29,29,29,29,29,29,28,28,30,30,30,30,30,30,30,30,30,30,30,30,30,30,30,30,30,30,30,37,37,37,37,38,38,23,35,36,37,37,38,39,40,44,45,46,52,53,53,54,54,54,55,55,56,56,57,58,59,60,60,61,62,62,63,64,65,65,65,66,66,67,67,67,68,69,70,70,71,72,73,73,74,75,76,76,77,77,77],"gold":967,"neow_bonus":"","is_daily":false,"chose_seed":false,"campfire_upgraded":10,"win_rate":0.0,"timestamp":1612026512,"path_taken":["M","?","M","?","$","E","?","E","T","E","R","E","R","M","R","BOSS","M","?","?","M","?","E","?","R","T","R","E","M","E","M","R","BOSS","M","?","?","M","M","E","M","E","T","E","?","E","R","E","R","BOSS","M","M","?","?","M","E","R","E","E","M","E","R","E","$","R","BOSS","M","$","M","M","M","E","R","E","E","?","E","?","E","?","R","BOSS","M","?","$","?","M","E","R","E","E","M","R","E","?","E","R","BOSS"],"items_purchased_type":["Card","Relic","Relic","Card","Relic","Card","Relic","Relic","Relic","Relic","Card","Relic","Relic","Card","Relic","Relic"],"build_version":"2020-12-22","purchased_purges":1,"victory":false,"max_hp_per_floor":[30,30,30,30,30,30,30,30,30,30,30,30,30,30,30,30,30,30,30,30,30,30,30,30,30,30,30,30,30,30,30,30,30,30,30,30,30,30,30,30,30,30,30,37,37,37,37,38,38,39,39,40,41,41,42,43,44,44,45,46,52,53,53,54,54,54,55,55,56,56,57,58,59,60,60,61,62,62,63,64,65,65,65,66,66,67,67,67,68,69,70,70,71,72,73,73,74,75,76,76,77,77,77],"card_choices":[{"not_picked":["Hololive_SoulCatcher","Hololive_CallUruhaRushia","Hololive_CallOmaruPolka"],"picked":"Hololive_CallNatsuiroMatsuri","floor":1.0},{"not_picked":["Hololive_Breathe","Hololive_DevilCharm","Hololive_HuntDinosaur"],"picked":"Hololive_CallMomosuzuNene","floor":3.0},{"not_picked":["Hololive_AWSL","Hololive_ASMR","Hololive_WolfAndLamb"],"picked":"Hololive_DurableLive","floor":6.0},{"not_picked":["Hololive_MaximGun+1","Hololive_Recruit","Hololive_HighAtkLowDef"],"picked":"Hololive_DDD","floor":7.0},{"not_picked":["Hololive_StarCraft+1","Hololive_WolfAndLamb+1","Hololive_FlareMind+1"],"picked":"Hololive_Thief+1","floor":8.0},{"not_picked":["Hololive_ASMR+1","Hololive_Rebirth+1","Hololive_Nanodesu+1"],"picked":"Hololive_IdolExercise+1","floor":10.0},{"not_picked":["Hololive_WolfAndLamb+1","Hololive_ASMR+1","Hololive_OpenUp+1"],"picked":"Hololive_Nanodesu+1","floor":12.0},{"not_picked":["Hololive_RevenueBasedLive+1","Hololive_CallHoshimachiSuisei","Hololive_CallSakuraMiko","Hololive_CallNatsuiroMatsuri"],"picked":"Hololive_CandyCastle+1","floor":14.0},{"not_picked":["Hololive_DurableLive+1","Hololive_IdolExercise+1","Hololive_OpenUp+1","Hololive_DDD+1"],"picked":"Hololive_StarCraft+1","floor":16.0},{"not_picked":["Hololive_CallMomosuzuNene","Hololive_Breathe+1","Hololive_Sequa+1","Hololive_HuntDinosaur+1"],"picked":"Hololive_FlyingPonyTail+1","floor":18.0},{"not_picked":["Hololive_OpenUp+1","Hololive_IdolExercise+1","Hololive_Rebirth+1","Hololive_AWSL"],"picked":"Hololive_HighAtkLowDef+1","floor":20.0},{"not_picked":["Hololive_FlyingPonyTail+1","Hololive_CocoNews+1","Hololive_Sequa+1","Hololive_Rebound+1"],"picked":"Hololive_CallAiraniIofifteen","floor":21.0},{"not_picked":["Hololive_DurableLive+1","Hololive_Nanodesu+1","Hololive_ScarfAndHalo+1","Hololive_WolfAndLamb+1"],"picked":"Hololive_Rebirth+1","floor":23.0},{"not_picked":["Hololive_IdolExercise+1","Hololive_DurableLive+1","Hololive_DiamondStrike+1","Hololive_ScarfAndHalo+1"],"picked":"Hololive_Thief+1","floor":28.0},{"not_picked":["Hololive_CallSakuraMiko","Hololive_Sequa+1","Hololive_CallMomosuzuNene","Hololive_Breathe+1"],"picked":"Hololive_ILoveYou+1","floor":29.0},{"not_picked":["Hololive_ScarfAndHalo+1","Hololive_MaximGun+1","Hololive_BeCareful+1","Hololive_Recruit+1"],"picked":"Hololive_Thief+1","floor":30.0},{"not_picked":["Hololive_Sequa+1","Hololive_RevenueBasedLive+1","Hololive_HuntDinosaur+1","Hololive_Trident+1"],"picked":"Hololive_StrengthChampion+1","floor":31.0},{"not_picked":["Hololive_BeCareful+1","Hololive_ScarfAndHalo+1","Hololive_FlareMind+1","Hololive_HighAtkLowDef+1"],"picked":"Hololive_MaximGun+1","floor":33.0},{"not_picked":["Hololive_HuntDinosaur+1","Hololive_CocoNews+1","Hololive_CallUruhaRushia","Hololive_Trident+1","Hololive_ILoveYou+1"],"picked":"SKIP","floor":35.0},{"not_picked":["Bandage Up+1","Discovery+1","expansioncontent:FaceSlap+1","Violence+1"],"picked":"Enlightenment+1","floor":37.0},{"not_picked":["Hololive_Sequa+1","Hololive_Drill+1","Hololive_OvertimeWork+1","Hololive_LuckPotion+1"],"picked":"Hololive_CallAkiRosenthal","floor":38.0},{"not_picked":["Hololive_Psychosis+1","Hololive_Breathe+1","Hololive_Drill+1","Hololive_CocoNews+1"],"picked":"Hololive_CallNekomataOkayu","floor":39.0},{"not_picked":["Hololive_MaximGun+1","Hololive_WolfAndLamb+1","Hololive_ScarfAndHalo+1","Hololive_FlareMind+1"],"picked":"Hololive_ASMR+1","floor":40.0},{"not_picked":["Hololive_FlyingPonyTail+1","Hololive_Watashimo+1","Hololive_DevilCharm+1","Hololive_CallMinatoAqua"],"picked":"Hololive_CallDoris+1","floor":41.0},{"not_picked":["Hololive_BeCareful+1","Hololive_Recruit+1","Hololive_ASMR+1","Hololive_DurableLive+1"],"picked":"Hololive_IdolExercise+1","floor":42.0},{"not_picked":["Hololive_Nanodesu+1","Hololive_ASMR+1","Hololive_HighAtkLowDef+1","Hololive_FlareMind+1"],"picked":"Hololive_OpenUp+1","floor":44.0},{"not_picked":["Hololive_WolfAndLamb+1","Hololive_FlareMind+1","Hololive_MaximGun+1","Hololive_Rebirth+1"],"picked":"Hololive_AWSL","floor":46.0},{"not_picked":["Hololive_Rebirth+1","Hololive_IdolExercise+1","Hololive_ASMR+1","Hololive_HighAtkLowDef+1"],"picked":"Hololive_DurableLive+1","floor":48.0},{"not_picked":["Hololive_Recruit+1","Hololive_FlareMind+1","Hololive_ScarfAndHalo+1","Hololive_OpenUp+1"],"picked":"Hololive_DDD+1","floor":50.0},{"not_picked":["Hololive_HuntDinosaur+1","Hololive_CocoNews+1","Hololive_Sequa+1","Hololive_Trident+1"],"picked":"Hololive_CallSpadeEcho","floor":52.0},{"not_picked":["Hololive_Psychosis+1","Hololive_OvertimeWork+1","Hololive_CallOmaruPolka","Hololive_CallShiroganeNoel"],"picked":"Hololive_CallHimemoriLuna","floor":53.0},{"not_picked":["Hololive_CallTokoyamiTowa","Hololive_HuntDinosaur+1","Hololive_CallSakuraMiko","Hololive_StrengthChampion+1"],"picked":"Hololive_CallTokinoSora","floor":55.0},{"not_picked":["Hololive_CallOzoraSubaru","Hololive_DurableLive+1","Hololive_Breathe+1","Hololive_CallRoboco"],"picked":"Hololive_CallHoshimachiSuisei","floor":56.0},{"not_picked":["Hololive_Recruit+1","Hololive_Nanodesu+1","Hololive_DDD+1","Hololive_MaximGun+1"],"picked":"Hololive_Thief+1","floor":57.0},{"not_picked":["Hololive_IdolExercise+1","Hololive_AWSL","Hololive_HighAtkLowDef+1","Hololive_WolfAndLamb+1"],"picked":"Hololive_Thief+1","floor":59.0},{"not_picked":["Hololive_FlareMind+1","Hololive_WolfAndLamb+1","Hololive_MaximGun+1","Hololive_AWSL"],"picked":"Hololive_Thief+1","floor":60.0},{"not_picked":["Hololive_Trident+1","Hololive_Rebound+1","Hololive_OvertimeWork+1","Hololive_Sequa+1"],"picked":"Hololive_CallShishiroBotan","floor":61.0},{"not_picked":["Hololive_BeCareful+1","Hololive_IdolExercise+1","Hololive_OpenUp+1","Hololive_MaximGun+1"],"picked":"Hololive_Nanodesu+1","floor":62.0},{"not_picked":["Hololive_WolfAndLamb+1","Hololive_DurableLive+1","Hololive_Nanodesu+1","Hololive_Recruit+1"],"picked":"Hololive_HighAtkLowDef+1","floor":64.0},{"not_picked":["Hololive_DDD+1","Hololive_ASMR+1","Hololive_Rebirth+1","Hololive_FlareMind+1"],"picked":"Hololive_IdolExercise+1","floor":67.0},{"not_picked":["Hololive_HuntDinosaur+1","Hololive_DevilCharm+1","Hololive_Trident+1","Hololive_LuckPotion+1"],"picked":"Hololive_FlyingPonyTail+1","floor":69.0},{"not_picked":["Hololive_Breathe+1","Hololive_CallHimemoriLuna","Hololive_Trident+1","Hololive_CallAmaneKanata"],"picked":"Hololive_StarCraft+1","floor":71.0},{"not_picked":["Hololive_CallUruhaRushia","Hololive_CallSpadeEcho","Hololive_CallNakiriAyame","Hololive_RevenueBasedLive+1"],"picked":"Hololive_CallYozoraMel","floor":72.0},{"not_picked":["Hololive_LuckPotion+1","Hololive_Rebound+1","Hololive_SummonFox+1","Hololive_Breathe+1"],"picked":"Hololive_CallTsunomakiWatame","floor":73.0},{"not_picked":["Hololive_IdolExercise+1","Hololive_DurableLive+1","Hololive_OpenUp+1","Hololive_AWSL"],"picked":"Hololive_Thief+1","floor":74.0},{"not_picked":["Hololive_Rebirth+1","Hololive_DiamondStrike+1","Hololive_Nanodesu+1","Hololive_WolfAndLamb+1"],"picked":"Hololive_Thief+1","floor":76.0},{"not_picked":["Hololive_Recruit+1","Hololive_MaximGun+1","Hololive_DurableLive+1","Hololive_StarCraft+1"],"picked":"Hololive_IdolExercise+1","floor":77.0},{"not_picked":["Hololive_DDD+1","Hololive_AWSL","Hololive_Rebirth+1","Hololive_Recruit+1"],"picked":"Hololive_Thief+1","floor":79.0},{"not_picked":["Hololive_RevenueBasedLive+1","Hololive_CallSakuraMiko","Hololive_CocoNews+1","Hololive_Rebound+1"],"picked":"Hololive_CallUsadaPekora","floor":80.0},{"not_picked":["Hololive_Rebirth+1","Hololive_DDD+1","Hololive_DurableLive+1","Hololive_HighAtkLowDef+1"],"picked":"Hololive_Thief+1","floor":81.0},{"not_picked":["Hololive_ASMR+1","Hololive_StarCraft+1","Hololive_ScarfAndHalo+1","Hololive_DiamondStrike+1"],"picked":"Hololive_BeCareful+1","floor":84.0},{"not_picked":["Hololive_StrengthChampion+1","Hololive_CocoNews+1","Hololive_Psychosis+1","Hololive_ManjiGathering+1"],"picked":"Hololive_Watashimo+1","floor":86.0},{"not_picked":["Hololive_OpenUp+1","Hololive_HighAtkLowDef+1","Hololive_AWSL","Hololive_Rebirth+1","Hololive_FlareMind+1"],"picked":"SKIP","floor":89},{"not_picked":["Hololive_RevenueBasedLive+1","Hololive_OvertimeWork+1","Hololive_Rebound+1","Hololive_Psychosis+1"],"picked":"Hololive_FlyingPonyTail+1","floor":90},{"not_picked":["Hololive_WolfAndLamb+1","Hololive_ScarfAndHalo+1","Hololive_AWSL","Hololive_IdolExercise+1"],"picked":"Hololive_MaximGun+1","floor":91},{"not_picked":["Hololive_StarCraft+1","Hololive_ASMR+1","Hololive_HighAtkLowDef+1","Hololive_WolfAndLamb+1"],"picked":"Hololive_Thief+1","floor":93},{"not_picked":["Hololive_BeCareful+1","Hololive_DurableLive+1","Hololive_ASMR+1","Hololive_Nanodesu+1"],"picked":"Hololive_Thief+1","floor":94},{"not_picked":["Hololive_Drill+1","Hololive_CocoNews+1","Hololive_LuckPotion+1","Hololive_Breathe+1"],"picked":"Hololive_FlyingPonyTail+1","floor":95},{"not_picked":["Hololive_DiamondStrike+1","Hololive_WolfAndLamb+1","Hololive_DDD+1","Hololive_AWSL","Hololive_FlareMind+1"],"picked":"SKIP","floor":97},{"not_picked":["Hololive_RevenueBasedLive+1","Hololive_CallMomosuzuNene","Hololive_CallYogiri","Hololive_CallHimemoriLuna"],"picked":"Hololive_CallOmaruPolka+1","floor":98},{"not_picked":["Hololive_Recruit+1","Hololive_FlareMind+1","Hololive_MaximGun+1","Hololive_Nanodesu+1","Hololive_Rebirth+1"],"picked":"SKIP","floor":99},{"not_picked":["Hololive_Nanodesu+1","Hololive_DiamondStrike+1","Hololive_MaximGun+1","Hololive_ASMR+1"],"picked":"Hololive_HighAtkLowDef+1","floor":101}],"player_experience":161638,"relics_obtained":[{"floor":6.0,"key":"Boot"},{"floor":7.0,"key":"Molten Egg 2"},{"floor":8.0,"key":"Toxic Egg 2"},{"floor":9.0,"key":"Centennial Puzzle"},{"floor":10.0,"key":"Blue Candle"},{"floor":12.0,"key":"Question Card"},{"floor":19.0,"key":"Eternal Feather"},{"floor":20.0,"key":"Nunchaku"},{"floor":23.0,"key":"Lantern"},{"floor":26.0,"key":"Kunai"},{"floor":28.0,"key":"White Beast Statue"},{"floor":30.0,"key":"InkBottle"},{"floor":40.0,"key":"Bag of Preparation"},{"floor":42.0,"key":"WingedGreaves"},{"floor":43.0,"key":"Bottled Tornado"},{"floor":44.0,"key":"Strawberry"},{"floor":46.0,"key":"Art of War"},{"floor":48.0,"key":"Shovel"},{"floor":58.0,"key":"Bottled Flame"},{"floor":63.0,"key":"hexamod:BolsterEngine"},{"floor":66.0,"key":"Vajra"},{"floor":75.0,"key":"Shuriken"},{"floor":83.0,"key":"CaptainsWheel"},{"floor":92,"key":"Pen Nib"}],"event_choices":[{"damage_healed":0.0,"max_hp_gain":0.0,"max_hp_loss":0.0,"gold_gain":0.0,"event_name":"The Cleric","player_choice":"Leave","floor":2.0,"gold_loss":0.0,"damage_taken":0.0},{"damage_healed":0.0,"max_hp_gain":0.0,"max_hp_loss":0.0,"gold_gain":0.0,"event_name":"Transmorgrifier","player_choice":"Ignored","floor":4.0,"gold_loss":0.0,"damage_taken":0.0},{"damage_healed":0.0,"max_hp_gain":0.0,"max_hp_loss":0.0,"gold_gain":0.0,"event_name":"Beggar","player_choice":"Ignored","floor":22.0,"gold_loss":0.0,"damage_taken":0.0},{"damage_healed":0.0,"max_hp_gain":0.0,"max_hp_loss":0.0,"gold_gain":0.0,"event_name":"SensoryStone","player_choice":"Memory 1","floor":37.0,"gold_loss":0.0,"damage_taken":0.0},{"damage_healed":0.0,"max_hp_gain":0.0,"max_hp_loss":0.0,"gold_gain":0.0,"event_name":"Golden Wing","player_choice":"Ignored","floor":54.0,"gold_loss":0.0,"damage_taken":0.0},{"damage_healed":0.0,"max_hp_gain":0.0,"max_hp_loss":0.0,"gold_gain":0.0,"event_name":"The Mausoleum","player_choice":"Opened","floor":78.0,"gold_loss":0.0,"damage_taken":0.0,"relics_obtained":["Hololive_FriedShrimpLion"],"cards_obtained":["Writhe"]},{"cards_removed":["Writhe"],"damage_healed":0.0,"max_hp_gain":0.0,"max_hp_loss":0.0,"gold_gain":0.0,"event_name":"Back to Basics","player_choice":"Elegance","floor":82.0,"gold_loss":0.0,"damage_taken":0.0},{"damage_healed":0.0,"max_hp_gain":0.0,"max_hp_loss":0.0,"gold_gain":0.0,"cards_transformed":["Enlightenment"],"event_name":"Transmorgrifier","player_choice":"Transformed","floor":87.0,"gold_loss":0.0,"damage_taken":0.0,"cards_obtained":["expansioncontent:BronzeBeam"]}],"is_beta":false,"boss_relics":[{"not_picked":["Velvet Choker","Sozu"],"picked":"Philosopher\u0027s Stone"},{"not_picked":["Hololive_ChaosS","Fusion Hammer"],"picked":"Hololive_Finger"},{"not_picked":["Snecko Eye","Astrolabe"],"picked":"Black Star"},{"not_picked":["Hololive_ChaosS","Busted Crown","Velvet Choker"]},{"not_picked":["Fusion Hammer","Runic Dome"],"picked":"Cursed Key"},{"not_picked":["Snecko Eye","Empty Cage"],"picked":"expansioncontent:StudyCardRelic"}],"items_purged_floors":[88],"is_endless":true,"potions_floor_spawned":[1,6,7,12,14,18,20,28,29,30,31,33,35,38,39,40,41,42,44,46,48,50,52,53,55,56,57,59,60,61,62,64,67,69,71,72,73,74,76,77,79,80,81,84,86,89,90,91,93,94,95,97,98,99,101],"ascension_level":19}}