{"host":"hk6dyp3pgs92n0l4","time":1612018429,"event":{"mods":["AchievementEnabler","BaseMod","Colored Powertips","Duelist Mod","GifTheSpireLib","Minty Spire (QoL Compilation)","StSLib","The Hierophant"],"gold_per_floor":[117,127,127,138,138,164,179,179,179,197,197,212,245,245,245,346,346,356,356,369,111,121,121,121,155,155,155,175,195,222,142,142,247,247,266,280,290,290,290],"floor_reached":38,"language":"ENG","playtime":1600,"items_purged":["Defend_B"],"score":471,"play_id":"a463fc68-8650-4ffe-ac7e-6da7d0344c80","local_time":"20210130065349","is_ascension_mode":true,"campfire_choices":[{"floor":8,"key":"REST"},{"data":"Electrodynamics","floor":11,"key":"SMITH"},{"floor":15,"key":"REST"},{"data":"Static Discharge","floor":23,"key":"SMITH"},{"data":"Defragment","floor":27,"key":"SMITH"},{"floor":32,"key":"REST"}],"circlet_count":0,"master_deck":["Strike_B","Strike_B","Defend_B+1","Defend_B","Zap","Dualcast","Self Repair","Consume","Defragment+1","Electrodynamics+1","Auto Shields","Static Discharge+1","Ball Lightning+1","Thunder Strike","Glacier","Double Energy+1","Capacitor","Go for the Eyes","Skim+1","Cold Snap+1","Amplify","Creative AI","Loop","Loop+1"],"relics":["Cracked Core","Blood Vial","Art of War","Tiny Chest","Question Card","SlaversCollar","Ancient Tea Set","TungstenRod","Bronze Scales","Boot","Lantern","Nuclear Battery"],"acts_visited":["Exordium","TheCity","TheBeyond"],"potions_floor_usage":[16,30,33,33,36],"damage_taken":[{"damage":13,"enemies":"2 Louse","floor":1,"turns":3},{"damage":6,"enemies":"Cultist","floor":2,"turns":4},{"damage":18,"enemies":"Small Slimes","floor":4,"turns":4},{"damage":31,"enemies":"Lagavulin","floor":6,"turns":7},{"damage":17,"enemies":"Looter","floor":7,"turns":3},{"damage":0,"enemies":"Large Slime","floor":10,"turns":4},{"damage":2,"enemies":"Lots of Slimes","floor":12,"turns":2},{"damage":16,"enemies":"3 Sentries","floor":13,"turns":3},{"damage":24,"enemies":"The Guardian","floor":16,"turns":9},{"damage":12,"enemies":"3 Byrds","floor":18,"turns":1},{"damage":19,"enemies":"Spheric Guardian","floor":20,"turns":3},{"damage":14,"enemies":"Snecko","floor":22,"turns":4},{"damage":25,"enemies":"Slavers","floor":25,"turns":3},{"damage":4,"enemies":"Centurion and Healer","floor":28,"turns":4},{"damage":0,"enemies":"3 Cultists","floor":29,"turns":3},{"damage":4,"enemies":"Book of Stabbing","floor":30,"turns":4},{"damage":39,"enemies":"Champ","floor":33,"turns":7},{"damage":7,"enemies":"3 Shapes","floor":35,"turns":4},{"damage":39,"enemies":"3 Darklings","floor":36,"turns":4},{"damage":40,"enemies":"Writhing Mass","floor":37,"turns":5},{"damage":19,"enemies":"Maw","floor":38,"turns":4}],"seed_played":"5131784265194688739","potions_obtained":[{"floor":1,"key":"AttackPotion"},{"floor":2,"key":"Dexterity Potion"},{"floor":4,"key":"FearPotion"},{"floor":16,"key":"DuplicationPotion"},{"floor":25,"key":"SkillPotion"},{"floor":35,"key":"SpeedPotion"}],"is_trial":false,"path_per_floor":["M","M","?","M","?","E","M","R","T","M","R","M","E","?","R","B",null,"M","?","M","$","M","R","T","E","T","R","M","M","E","?","R","B",null,"M","M","M","M"],"character_chosen":"DEFECT","items_purchased":["Capacitor","Ancient Tea Set"],"campfire_rested":3,"item_purchase_floors":[21,21],"current_hp_per_floor":[62,65,58,49,49,27,19,41,41,50,50,50,43,28,50,35,75,70,70,53,53,48,48,48,32,32,32,37,39,37,37,59,29,75,75,43,12,0,0],"gold":290,"neow_bonus":"RANDOM_COMMON_RELIC","is_daily":false,"chose_seed":false,"campfire_upgraded":3,"win_rate":0.0,"timestamp":1612018429,"path_taken":["M","M","?","M","?","E","M","R","T","?","R","M","E","?","R","BOSS","M","?","M","$","M","R","?","E","T","R","M","M","E","?","R","BOSS","M","?","M","M"],"items_purchased_type":["Card","Relic"],"build_version":"2020-12-22","purchased_purges":1,"victory":false,"max_hp_per_floor":[75,75,75,75,75,75,75,75,75,75,75,75,75,75,75,75,75,75,75,75,75,75,75,75,75,75,75,75,75,75,75,75,75,75,75,75,75,75,75],"card_choices":[{"not_picked":["Reinforced Body","Stack"],"picked":"Self Repair","floor":1},{"not_picked":["Gash","Hologram"],"picked":"Consume","floor":2},{"not_picked":["Go for the Eyes","Capacitor"],"picked":"Defragment","floor":4},{"not_picked":["Reinforced Body","Core Surge"],"picked":"Electrodynamics","floor":6},{"not_picked":["Scrape","Rebound"],"picked":"Auto Shields","floor":7},{"not_picked":["Stack","FTL","Rebound"],"picked":"SKIP","floor":10},{"not_picked":["Ball Lightning","FTL"],"picked":"Static Discharge","floor":12},{"not_picked":["Coolheaded","Glacier"],"picked":"Ball Lightning","floor":13},{"not_picked":["Reboot","Fission","Machine Learning"],"picked":"Thunder Strike","floor":16},{"not_picked":["Gash+1","Compile Driver","Hologram"],"picked":"Glacier","floor":18},{"not_picked":["Hologram","Leap","Core Surge"],"picked":"Double Energy+1","floor":20},{"not_picked":["Tempest","Double Energy","Compile Driver"],"picked":"Go for the Eyes","floor":22},{"not_picked":["Beam Cell","Coolheaded","Turbo"],"picked":"Skim+1","floor":25},{"not_picked":["Glacier+1","Streamline+1","Compile Driver+1"],"picked":"Cold Snap+1","floor":28},{"not_picked":["Scrape","Turbo","Barrage","Steam Power"],"picked":"SKIP","floor":29},{"not_picked":["Fusion+1","Conserve Battery+1","Turbo+1"],"picked":"Amplify","floor":30},{"not_picked":["Rainbow","Amplify","Multi-Cast"],"picked":"Creative AI","floor":33},{"not_picked":["Ball Lightning+1","Sweeping Beam","Steam Power"],"picked":"Loop","floor":35},{"not_picked":["Sweeping Beam","Steam+1","Chaos"],"picked":"Loop+1","floor":36},{"not_picked":["Sunder","Genetic Algorithm+1","Steam","Conserve Battery"],"picked":"SKIP","floor":37}],"player_experience":92990,"relics_obtained":[{"floor":6,"key":"Art of War"},{"floor":9,"key":"Tiny Chest"},{"floor":13,"key":"Question Card"},{"floor":24,"key":"TungstenRod"},{"floor":25,"key":"Bronze Scales"},{"floor":30,"key":"Boot"}],"event_choices":[{"cards_removed":["Strike_B"],"damage_healed":0,"gold_gain":0,"player_choice":"Card Removal","damage_taken":7,"max_hp_gain":0,"max_hp_loss":0,"event_name":"Golden Wing","floor":3,"gold_loss":0},{"cards_removed":["Defend_B"],"damage_healed":0,"gold_gain":0,"player_choice":"Purged","damage_taken":0,"max_hp_gain":0,"max_hp_loss":0,"event_name":"Purifier","floor":5,"gold_loss":0},{"damage_healed":0,"gold_gain":0,"player_choice":"Entered Light","damage_taken":15,"max_hp_gain":0,"max_hp_loss":0,"event_name":"Shining Light","floor":14,"gold_loss":0,"cards_upgraded":["Ball Lightning","Defend_B"]},{"cards_removed":["Strike_B"],"damage_healed":0,"gold_gain":0,"player_choice":"Elegance","damage_taken":0,"max_hp_gain":0,"max_hp_loss":0,"event_name":"Back to Basics","floor":19,"gold_loss":0},{"damage_healed":0,"gold_gain":0,"player_choice":"Paid Gold","damage_taken":0,"relics_obtained":["Lantern"],"max_hp_gain":0,"max_hp_loss":0,"event_name":"WeMeetAgain","floor":31,"gold_loss":80}],"is_beta":false,"boss_relics":[{"not_picked":["Snecko Eye","Fusion Hammer"],"picked":"SlaversCollar"},{"not_picked":["Busted Crown","Empty Cage"],"picked":"Nuclear Battery"}],"items_purged_floors":[21],"is_endless":false,"potions_floor_spawned":[1,2,4,16,18,25,29,35],"killed_by":"Maw","ascension_level":2}}