{"host":"ocll6kdfqxraqtza","time":1612030689,"event":{"mods":["2.2 Compatiblity","Act Like it!","Aspiration","BaseMod","Better Third Choice","Gensokyo","Hallownest","Hermit","Hubris","Jorbs\u0027s Wanderer Trilogy","Luminous","Marisa（霧雨　魔理沙）","Minty Spire (QoL Compilation)","Reimu（博??梦）","Replay The Spire","Shade Mod","StSLib","The Alterego","The Bug Knight","The Cursed","The Hierophant","The Marked","The Runesmith","TheBandit","Wandering Minibosses"],"gold_per_floor":[109,181,41,51,51,51,70,87,110,145,145,174,104,122,122,221,221,236,255,255,265,10,10,21,21,48,79,79,296,296,323,323,323,323],"floor_reached":33,"language":"ENG","playtime":1354,"items_purged":[],"score":307,"play_id":"59f361e9-d406-44f1-ba4f-41990904101b","local_time":"20210131021809","is_ascension_mode":true,"campfire_choices":[{"data":"TheCursedMod:Hemoplague","floor":6,"key":"SMITH"},{"data":"Deflect","floor":11,"key":"SMITH"},{"data":"TheCursedMod:Stigma","floor":15,"key":"SMITH"},{"floor":23,"key":"REST"},{"data":"Apotheosis","floor":28,"key":"SMITH"},{"floor":30,"key":"REST"},{"floor":32,"key":"REST"}],"circlet_count":0,"master_deck":["TheCursedMod:Strike_TheCursed+1","TheCursedMod:Defend_TheCursed","TheCursedMod:CursedWand+1","TheCursedMod:CleanUpWorkshop","TheCursedMod:Dregs","TheCursedMod:RapidMovement","TheCursedMod:TroublousMinions","TheCursedMod:Hemoplague+1","Heel Hook+1","Deflect+1","ReplayTheSpireMod:The Works","TheCursedMod:SoulCrush","TheCursedMod:SpitefulStrike","TheCursedMod:WearCloak","TheCursedMod:Stigma+1","TheCursedMod:Hemoplague","TheCursedMod:OutForBlood","CurseOfTheBell","TheCursedMod:Wield+1","TheCursedMod:TroublousMinions+1","TheCursedMod:Evocation+1","Apotheosis+1","Madness","ReplayTheSpireMod:Private Reserves","TheCursedMod:CircleOfBlood","Sucker Punch","Glass Knife+1","Survivor","TheCursedMod:LuckyCharm+1","TheCursedMod:SpitefulPray+1","TheCursedMod:CursedBlade+1"],"relics":["TheCursedMod:FourLeafCloverCharm","Orichalcum","StoneCalendar","Regal Pillow","Nunchaku","Calling Bell","Durian","Iron Hammer","hubris:SlimyHat","ReplayTheSpireMod:ShopPack","Runesmith:AutoHammer","Replay:Mystery Machine","Peace Pipe","Whetstone"],"acts_visited":["Gensokyo:Gensokyo","Gensokyo:Gensokyoer"],"potions_floor_usage":[16,16,21,29,31],"damage_taken":[{"damage":1,"enemies":"Gensokyo:2_Kodama","floor":1,"turns":4},{"damage":0,"enemies":"Gensokyo:3_Fairies","floor":4,"turns":5},{"damage":7,"enemies":"Gensokyo:Gryphon","floor":7,"turns":4},{"damage":3,"enemies":"Gensokyo:2_Rabbits","floor":8,"turns":5},{"damage":19,"enemies":"Gensokyo:Cirno","floor":10,"turns":6},{"damage":6,"enemies":"Gensokyo:Aya","floor":12,"turns":6},{"damage":0,"enemies":"Gensokyo:Kitsune","floor":14,"turns":3},{"damage":19,"enemies":"Gensokyo:Yukari","floor":16,"turns":7},{"damage":12,"enemies":"Gensokyo:Chomper","floor":18,"turns":4},{"damage":4,"enemies":"Gensokyo:CosmicMonolith","floor":19,"turns":6},{"damage":39,"enemies":"Gensokyo:Swordslinger","floor":21,"turns":5},{"damage":12,"enemies":"Gensokyo:Slime_Group","floor":24,"turns":7},{"damage":30,"enemies":"Gensokyo:Tenshi","floor":27,"turns":7},{"damage":16,"enemies":"Gensokyo:Wraith","floor":29,"turns":5},{"damage":32,"enemies":"Gensokyo:Koishi","floor":31,"turns":6},{"damage":100,"enemies":"Gensokyo:Eternal_Rivals","floor":33,"turns":6}],"seed_played":"5327847719084998451","potions_obtained":[{"floor":2,"key":"Regen Potion"},{"floor":2,"key":"SteroidPotion"},{"floor":4,"key":"SpeedPotion"},{"floor":10,"key":"Dexterity Potion"},{"floor":12,"key":"ColorlessPotion"},{"floor":16,"key":"PowerPotion"},{"floor":19,"key":"Venom Potion"},{"floor":24,"key":"DistilledChaos"},{"floor":29,"key":"Strength Potion"}],"is_trial":false,"path_per_floor":["M","?","?","M","?","R","M","M","T","E","R","E","?","M","R","B",null,"M","M","$","M","COS","R","M","?","T","E","R","M","R","E","R","B"],"character_chosen":"THE_CURSED","items_purchased":[],"campfire_rested":3,"item_purchase_floors":[],"current_hp_per_floor":[74,74,74,74,74,74,67,64,64,45,45,39,39,39,39,35,80,68,64,64,25,25,64,52,52,52,24,24,8,47,19,58,0,0],"gold":323,"neow_bonus":"BOSS_RELIC","is_daily":false,"chose_seed":false,"campfire_upgraded":4,"win_rate":0.0,"timestamp":1612030689,"path_taken":["M","?","?","M","?","R","?","M","T","E","R","E","?","M","R","BOSS","M","M","?","M","COS","R","M","?","T","E","R","M","R","E","R","BOSS"],"items_purchased_type":[],"build_version":"2020-12-22","purchased_purges":0,"victory":false,"max_hp_per_floor":[75,75,75,75,75,75,75,75,75,75,75,75,75,75,75,75,80,80,80,80,80,80,80,80,80,80,80,80,80,80,80,80,80,80],"card_choices":[{"not_picked":["TheCursedMod:CircleOfFlame","TheCursedMod:BlessingInDisguise"],"picked":"TheCursedMod:RapidMovement","floor":1},{"not_picked":["TheCursedMod:SpreadPlague","TheCursedMod:ReleasedKnowledge"],"picked":"TheCursedMod:TroublousMinions","floor":2},{"not_picked":["TheCursedMod:Stigma","TheCursedMod:SurpriseAttack"],"picked":"TheCursedMod:Hemoplague","floor":4},{"not_picked":["TheCursedMod:RapidMovement","TheCursedMod:FleshFromBone"],"picked":"TheCursedMod:SoulCrush","floor":7},{"not_picked":["TheCursedMod:CircleOfCorruption","TheCursedMod:SmokeScreen"],"picked":"TheCursedMod:SpitefulStrike","floor":8},{"not_picked":["TheCursedMod:Obscuration","TheCursedMod:ShockAndAwe"],"picked":"TheCursedMod:WearCloak","floor":10},{"not_picked":["TheCursedMod:CursedBlade","TheCursedMod:ManaBullet"],"picked":"TheCursedMod:Stigma","floor":12},{"not_picked":["TheCursedMod:CircleOfCorruption","TheCursedMod:SpitefulStrike"],"picked":"TheCursedMod:Hemoplague","floor":14},{"not_picked":["TheCursedMod:CollectTribute","TheCursedMod:AntiAging"],"picked":"TheCursedMod:OutForBlood","floor":16},{"not_picked":["TheCursedMod:Hemoplague+1","TheCursedMod:Stretching"],"picked":"TheCursedMod:Wield+1","floor":18},{"not_picked":["TheCursedMod:CursedShiv","TheCursedMod:Stigma"],"picked":"TheCursedMod:TroublousMinions+1","floor":19},{"not_picked":["TheCursedMod:Stretching","TheCursedMod:CursedBlade"],"picked":"TheCursedMod:Evocation+1","floor":21},{"not_picked":["Transmutation","ReplayUltimateDefense"],"picked":"Apotheosis","floor":22},{"not_picked":["Deep Breath","Specialist"],"picked":"Madness","floor":22},{"not_picked":["ReplayTheSpireMod:Trickstab","Forethought"],"picked":"ReplayTheSpireMod:Private Reserves","floor":22},{"not_picked":["TheCursedMod:Torture","TheCursedMod:CircleOfCorruption"],"picked":"TheCursedMod:CircleOfBlood","floor":24},{"not_picked":["TheCursedMod:ShockAndAwe","TheCursedMod:VitalStrike+1"],"picked":"TheCursedMod:LuckyCharm+1","floor":27},{"not_picked":["TheCursedMod:TacticalStrike","TheCursedMod:VitalStrike"],"picked":"TheCursedMod:SpitefulPray+1","floor":29},{"not_picked":["TheCursedMod:AntiAging","TheCursedMod:LuckyCharm"],"picked":"TheCursedMod:CursedBlade+1","floor":31}],"player_experience":480001,"relics_obtained":[{"floor":2,"key":"Orichalcum"},{"floor":10,"key":"Regal Pillow"},{"floor":12,"key":"Nunchaku"},{"floor":17,"key":"Durian"},{"floor":17,"key":"Iron Hammer"},{"floor":17,"key":"hubris:SlimyHat"},{"floor":26,"key":"Runesmith:AutoHammer"},{"floor":27,"key":"Replay:Mystery Machine"},{"floor":31,"key":"Whetstone"}],"event_choices":[],"is_beta":false,"boss_relics":[{"not_picked":["Runic Dome","Astrolabe"],"picked":"Calling Bell"}],"items_purged_floors":[],"is_endless":false,"potions_floor_spawned":[4,10,12,14,16,19,24,29],"killed_by":"Gensokyo:Eternal_Rivals","ascension_level":1}}