{"host":"yrnalve8h0i0utgz","time":1612050792,"event":{"mods":["BaseMod","Bestiary","Minty Spire (QoL Compilation)","StSLib","SuperFastMode"],"gold_per_floor":[112,62,76,76,1,1,36,36,88,117,117,133,133,157,157,257,257,272,187,201,217,228,228,243,243,243,269,280,280,292,292,292,394,394,411,411,461,473,80,114,114,139,139,139,39,50,50,50,50],"floor_reached":48,"language":"ENG","playtime":1714,"items_purged":["Strike_R","Rupture+1","Infernal Blade+1"],"score":708,"play_id":"98327c32-5189-422b-acba-8c4488f3a643","local_time":"20210131005312","is_ascension_mode":true,"campfire_choices":[{"data":"Havoc","floor":6,"key":"SMITH"},{"data":"Sentinel","floor":8,"key":"SMITH"},{"floor":11,"key":"REST"},{"data":"Pummel","floor":15,"key":"SMITH"},{"floor":23,"key":"REST"},{"floor":25,"key":"REST"},{"data":"Barricade","floor":29,"key":"SMITH"},{"floor":32,"key":"REST"},{"data":"Perfected Strike+1","floor":41,"key":"PURGE"},{"data":"Body Slam","floor":44,"key":"SMITH"}],"circlet_count":0,"master_deck":["Defend_R+1","Defend_R+1","Bash","Cleave","Sentinel+1","Pummel+1","Headbutt","Shockwave","Barricade+1","Shrug It Off","Armaments+1","Rampage","Demon Form","Reaper","Ghostly Armor","Body Slam+1","Finesse","Iron Wave+1","Impervious","Impervious"],"relics":["SlaversCollar","CaptainsWheel","Vajra","Gambling Chip","Odd Mushroom","Sozu","Shuriken","Kunai","The Courier","Astrolabe","Peace Pipe","Singing Bowl","War Paint","Mummified Hand"],"acts_visited":["Exordium","TheCity","TheBeyond"],"potions_floor_usage":[16,42],"damage_taken":[{"damage":0,"enemies":"Small Slimes","floor":1,"turns":3},{"damage":11,"enemies":"Jaw Worm","floor":3,"turns":4},{"damage":30,"enemies":"3 Sentries","floor":7,"turns":7},{"damage":16,"enemies":"Gremlin Nob","floor":10,"turns":4},{"damage":1,"enemies":"2 Louse","floor":12,"turns":2},{"damage":23,"enemies":"The Mushroom Lair","floor":14,"turns":3},{"damage":8,"enemies":"Slime Boss","floor":16,"turns":10},{"damage":0,"enemies":"3 Byrds","floor":18,"turns":7},{"damage":12,"enemies":"Chosen","floor":20,"turns":3},{"damage":33,"enemies":"Snake Plant","floor":21,"turns":4},{"damage":17,"enemies":"Centurion and Healer","floor":22,"turns":7},{"damage":10,"enemies":"Shelled Parasite and Fungi","floor":24,"turns":6},{"damage":8,"enemies":"Book of Stabbing","floor":27,"turns":6},{"damage":3,"enemies":"Snecko","floor":28,"turns":5},{"damage":4,"enemies":"Cultist and Chosen","floor":30,"turns":9},{"damage":37,"enemies":"Automaton","floor":33,"turns":8},{"damage":16,"enemies":"3 Shapes","floor":35,"turns":3},{"damage":0,"enemies":"Mind Bloom Boss Battle","floor":37,"turns":6},{"damage":10,"enemies":"Orb Walker","floor":38,"turns":4},{"damage":0,"enemies":"Giant Head","floor":40,"turns":6},{"damage":43,"enemies":"Reptomancer","floor":42,"turns":9},{"damage":60,"enemies":"Transient","floor":46,"turns":5},{"damage":10,"enemies":"Writhing Mass","floor":48,"turns":2}],"seed_played":"-6797319015823762157","potions_obtained":[{"floor":7,"key":"Swift Potion"},{"floor":14,"key":"DuplicationPotion"}],"is_trial":false,"path_per_floor":["M","?","M","?","$","R","E","R","T","E","R","M","?","?","R","B",null,"M","?","M","M","M","R","M","R","T","E","M","R","M","?","R","B",null,"M","?","?","M","$","E","R","E","T","R","$","M","?","M"],"character_chosen":"IRONCLAD","items_purchased":["Singing Bowl","Body Slam","Finesse"],"campfire_rested":4,"item_purchase_floors":[39,39,39],"current_hp_per_floor":[80,80,69,74,74,74,44,44,44,28,53,52,52,29,29,21,69,69,69,57,24,7,32,22,47,47,39,36,36,32,32,57,20,69,74,74,85,82,82,85,85,65,65,65,65,7,7,0,0],"gold":50,"neow_bonus":"BOSS_RELIC","is_daily":false,"chose_seed":false,"campfire_upgraded":5,"win_rate":0.0,"timestamp":1612050792,"path_taken":["M","?","M","?","$","R","E","R","T","E","R","M","?","?","R","BOSS","M","?","M","M","M","R","M","R","T","E","M","R","M","?","R","BOSS","M","?","?","M","$","E","R","E","T","R","$","?","?","M"],"items_purchased_type":["Relic","Card","Card"],"build_version":"2020-12-22","purchased_purges":3,"victory":false,"max_hp_per_floor":[80,80,80,85,85,85,85,85,85,85,85,85,85,85,85,85,85,85,85,85,85,85,85,85,85,85,85,85,85,85,85,85,85,85,85,85,85,85,85,85,85,85,85,85,85,87,87,87,87],"card_choices":[{"not_picked":["Wild Strike","Feel No Pain"],"picked":"Havoc","floor":1},{"not_picked":["Flame Barrier","Sentinel"],"picked":"Cleave","floor":3},{"not_picked":["Bloodletting","Havoc"],"picked":"Sentinel","floor":7},{"not_picked":["Bloodletting","Havoc"],"picked":"Pummel","floor":10},{"not_picked":["Spot Weakness","Cleave"],"picked":"Headbutt","floor":12},{"not_picked":["Ghostly Armor","Clash"],"picked":"Shockwave","floor":14},{"not_picked":["Juggernaut","Limit Break"],"picked":"Barricade","floor":16},{"not_picked":["Sword Boomerang","Thunderclap","Uppercut+1"],"picked":"SKIP","floor":18},{"not_picked":["Clothesline+1","Seeing Red","True Grit"],"picked":"SKIP","floor":20},{"not_picked":["Blood for Blood+1","Headbutt"],"picked":"Shrug It Off","floor":21},{"not_picked":["Anger","Thunderclap+1","Burning Pact"],"picked":"SKIP","floor":22},{"not_picked":["Perfected Strike+1","Sword Boomerang"],"picked":"Armaments+1","floor":24},{"not_picked":["Offering","Searing Blow+1","Clothesline"],"picked":"SKIP","floor":27},{"not_picked":["Disarm","Wild Strike+1","Rage+1"],"picked":"SKIP","floor":28},{"not_picked":["Clash","Immolate","Second Wind"],"picked":"SKIP","floor":30},{"not_picked":["Berserk","Demon Form"],"picked":"Reaper","floor":33},{"not_picked":["Power Through+1","Headbutt+1","Twin Strike"],"picked":"SKIP","floor":35},{"not_picked":["Wild Strike+1","Heavy Blade+1"],"picked":"Ghostly Armor","floor":38},{"not_picked":["Inflame","Spot Weakness+1"],"picked":"Iron Wave+1","floor":40},{"not_picked":["Combust","Dual Wield"],"picked":"Impervious","floor":42},{"not_picked":["Thunderclap+1","Anger+1","Pommel Strike"],"picked":"Singing Bowl","floor":46}],"player_experience":240757,"relics_obtained":[{"floor":7,"key":"CaptainsWheel"},{"floor":9,"key":"Vajra"},{"floor":10,"key":"Gambling Chip"},{"floor":14,"key":"Odd Mushroom"},{"floor":26,"key":"Kunai"},{"floor":27,"key":"The Courier"},{"floor":37,"key":"Peace Pipe"},{"floor":40,"key":"War Paint"},{"floor":42,"key":"Mummified Hand"}],"event_choices":[{"cards_removed":["Strike_R"],"damage_healed":0,"gold_gain":0,"player_choice":"Card Removal","damage_taken":0,"max_hp_gain":0,"max_hp_loss":0,"event_name":"The Cleric","floor":2,"gold_loss":50},{"damage_healed":0,"gold_gain":0,"player_choice":"Donut","damage_taken":0,"max_hp_gain":5,"max_hp_loss":0,"event_name":"Big Fish","floor":4,"gold_loss":0},{"damage_healed":0,"gold_gain":0,"player_choice":"Ignored","damage_taken":0,"max_hp_gain":0,"max_hp_loss":0,"event_name":"Liars Game","floor":13,"gold_loss":0},{"damage_healed":0,"gold_gain":0,"player_choice":"Fought Mushrooms","damage_taken":0,"max_hp_gain":0,"max_hp_loss":0,"event_name":"Mushrooms","floor":14,"gold_loss":0},{"damage_healed":0,"gold_gain":0,"player_choice":"Obtained Relic","damage_taken":0,"relics_obtained":["Shuriken"],"max_hp_gain":0,"max_hp_loss":0,"event_name":"Addict","floor":19,"gold_loss":85},{"damage_healed":0,"gold_gain":0,"cards_transformed":["Strike_R","Strike_R"],"player_choice":"Became Test Subject","damage_taken":0,"max_hp_gain":0,"max_hp_loss":0,"event_name":"Drug Dealer","floor":31,"gold_loss":0,"cards_obtained":["Rampage","Demon Form"]},{"cards_removed":["Havoc"],"damage_healed":0,"gold_gain":0,"player_choice":"Removed Skill","damage_taken":0,"max_hp_gain":0,"max_hp_loss":0,"event_name":"Falling","floor":36,"gold_loss":0},{"damage_healed":0,"gold_gain":0,"player_choice":"Fight","damage_taken":0,"max_hp_gain":0,"max_hp_loss":0,"event_name":"MindBloom","floor":37,"gold_loss":0},{"damage_healed":0,"gold_gain":0,"player_choice":"Copied","damage_taken":0,"max_hp_gain":0,"max_hp_loss":0,"event_name":"Duplicator","floor":47,"gold_loss":0,"cards_obtained":["Impervious"]}],"is_beta":false,"boss_relics":[{"not_picked":["Mark of Pain","Runic Dome"],"picked":"Sozu"},{"not_picked":["Snecko Eye","Tiny House"],"picked":"Astrolabe"}],"items_purged_floors":[5,39,45],"is_endless":false,"potions_floor_spawned":[7,14,18,20,21,27,35,37,46],"killed_by":"Writhing Mass","ascension_level":5}}