{"host":"cdkrzjeeka80pjqp","time":1612048492,"event":{"mods":["AchievementEnabler","BaseMod","Block Reminder","Colored Map","Colored Powertips","Highlight Path","Minty Spire (QoL Compilation)","Relic Stats"],"gold_per_floor":[118,118,118,128,143,173,173,186,212,243,262,291,306,87,87,192,192,209,109,125,158,169,199,214,247,247,97,123,137,165,182,182,279,279,290,290,290,309,609,641,641,666,666,666,666,666,666],"floor_reached":46,"language":"ENG","playtime":4744,"items_purged":["Strike_P","Defend_P","Defend_P"],"score":776,"play_id":"90343dfe-5e79-47c9-a703-370e21f4755e","local_time":"20210131001452","is_ascension_mode":true,"campfire_choices":[{"data":"Eruption","floor":7.0,"key":"SMITH"},{"data":"TalkToTheHand","floor":15.0,"key":"SMITH"},{"floor":32,"key":"REST"},{"floor":41,"key":"REST"},{"floor":45,"key":"REST"}],"circlet_count":0,"master_deck":["Strike_P+1","Strike_P+1","Defend_P","Eruption+1","Vigilance","FlyingSleeves","BattleHymn","BowlingBash","LikeWater","ClearTheMind","TalkToTheHand+1","Protect","DevaForm","LikeWater","Establishment+1","Meditate","WindmillStrike+1","Protect+1","Indignation","EmptyBody","Perseverance","Madness","Madness"],"relics":["HolyWater","NeowsBlessing","Anchor","Bag of Preparation","Bag of Marbles","Potion Belt","PreservedInsect","Red Mask","Boot","Ancient Tea Set","Blue Candle","Juzu Bracelet","Oddly Smooth Stone","Black Star","Whetstone","Strawberry","Turnip","Regal Pillow"],"acts_visited":["Exordium","TheCity","TheBeyond"],"potions_floor_usage":[33,33,35,38,40,42],"damage_taken":[{"damage":0.0,"enemies":"Small Slimes","floor":1.0,"turns":1.0},{"damage":0.0,"enemies":"Cultist","floor":4.0,"turns":1.0},{"damage":0.0,"enemies":"Jaw Worm","floor":5.0,"turns":1.0},{"damage":22.0,"enemies":"Lagavulin","floor":6.0,"turns":6.0},{"damage":0.0,"enemies":"Large Slime","floor":8.0,"turns":4.0},{"damage":12.0,"enemies":"3 Sentries","floor":10.0,"turns":5.0},{"damage":0.0,"enemies":"Exordium Thugs","floor":11.0,"turns":2.0},{"damage":0.0,"enemies":"Gremlin Nob","floor":12.0,"turns":2.0},{"damage":0.0,"enemies":"Lots of Slimes","floor":13.0,"turns":4.0},{"damage":0.0,"enemies":"Slime Boss","floor":16.0,"turns":6.0},{"damage":7.0,"enemies":"2 Thieves","floor":18.0,"turns":5.0},{"damage":0.0,"enemies":"Chosen","floor":20.0,"turns":5.0},{"damage":30.0,"enemies":"Masked Bandits","floor":21.0,"turns":5.0},{"damage":6.0,"enemies":"Snake Plant","floor":22.0,"turns":6.0},{"damage":6.0,"enemies":"Book of Stabbing","floor":23.0,"turns":4.0},{"damage":1.0,"enemies":"Centurion and Healer","floor":24.0,"turns":6.0},{"damage":6.0,"enemies":"Gremlin Leader","floor":25.0,"turns":6.0},{"damage":2,"enemies":"Book of Stabbing","floor":28,"turns":5},{"damage":0,"enemies":"Snecko","floor":29,"turns":6},{"damage":2,"enemies":"Gremlin Leader","floor":30,"turns":6},{"damage":0,"enemies":"Sentry and Sphere","floor":31,"turns":4},{"damage":10,"enemies":"Champ","floor":33,"turns":8},{"damage":14,"enemies":"3 Darklings","floor":35,"turns":4},{"damage":0,"enemies":"3 Shapes","floor":38,"turns":4},{"damage":36,"enemies":"Giant Head","floor":40,"turns":7},{"damage":17,"enemies":"Nemesis","floor":42,"turns":5},{"damage":85,"enemies":"Reptomancer","floor":46,"turns":4}],"seed_played":"9116197142464822591","potions_obtained":[{"floor":8.0,"key":"SpeedPotion"},{"floor":10.0,"key":"Energy Potion"},{"floor":11.0,"key":"SteroidPotion"},{"floor":12.0,"key":"ColorlessPotion"},{"floor":16.0,"key":"StancePotion"},{"floor":20.0,"key":"Fruit Juice"},{"floor":21.0,"key":"CultistPotion"},{"floor":23.0,"key":"AttackPotion"},{"floor":25.0,"key":"AttackPotion"},{"floor":31,"key":"Dexterity Potion"},{"floor":33,"key":"EssenceOfSteel"},{"floor":38,"key":"ColorlessPotion"}],"is_trial":false,"path_per_floor":["M","?","?","M","M","E","R","M","T","E","M","E","M","$","R","B",null,"M","$","M","?","M","E","M","E","T","$","E","M","E","M","R","B",null,"M","?","?","M","?","E","R","E","T","?","R","E"],"character_chosen":"WATCHER","items_purchased":["PreservedInsect","EmptyBody"],"campfire_rested":3,"item_purchase_floors":[14,27],"current_hp_per_floor":[72,72,72,72,72,50,50,50,50,38,38,38,38,38,38,38,72,65,65,70,40,34,28,27,21,21,21,19,19,17,17,40,30,77,63,53,53,53,53,24,49,32,32,32,72,0,0],"gold":666,"neow_bonus":"THREE_ENEMY_KILL","is_daily":false,"chose_seed":false,"campfire_upgraded":2,"win_rate":0.0,"timestamp":1612048492,"path_taken":["M","?","?","?","?","E","R","?","T","E","M","E","M","$","R","BOSS","M","$","M","?","M","E","M","E","T","$","E","M","E","M","R","BOSS","M","?","?","M","?","E","R","E","T","?","R","E"],"items_purchased_type":["Relic","Card"],"build_version":"2020-12-22","purchased_purges":3,"victory":false,"max_hp_per_floor":[72,72,72,72,72,72,72,72,72,72,72,72,72,72,72,72,72,72,72,77,77,77,77,77,77,77,77,77,77,77,77,77,77,77,77,77,77,77,77,84,84,84,84,84,84,84,84],"relic_stats":{"Regal Pillow":15,"counters":[27,122],"Blue Candle":[0],"PreservedInsect":404,"Turnip":[0],"Bag of Preparation":[44],"Juzu Bracelet":2,"Black Star":2,"Whetstone":["Strike_P","Strike_P"],"Boot":[26],"obtain_stats":[{"Potion Belt":12,"Regal Pillow":42,"NeowsBlessing":0,"Blue Candle":26,"Oddly Smooth Stone":30,"PreservedInsect":14,"Bag of Preparation":9,"Juzu Bracelet":28,"Whetstone":40,"Boot":23,"Ancient Tea Set":25,"Anchor":6,"Strawberry":40,"HolyWater":17,"Turnip":42,"Bag of Marbles":10,"Red Mask":21,"Black Star":34,"PureWater":0},{"Potion Belt":8,"Regal Pillow":26,"NeowsBlessing":0,"Blue Candle":17,"Oddly Smooth Stone":20,"PreservedInsect":9,"Bag of Preparation":5,"Juzu Bracelet":18,"Whetstone":25,"Boot":15,"Ancient Tea Set":17,"Anchor":4,"Strawberry":25,"HolyWater":10,"Turnip":26,"Bag of Marbles":6,"Red Mask":13,"Black Star":22,"PureWater":0},{"Potion Belt":22,"Regal Pillow":118,"NeowsBlessing":0,"Blue Candle":69,"Oddly Smooth Stone":86,"PreservedInsect":26,"Bag of Preparation":13,"Juzu Bracelet":74,"Whetstone":113,"Boot":57,"Ancient Tea Set":69,"Anchor":9,"Strawberry":113,"HolyWater":32,"Turnip":118,"Bag of Marbles":18,"Red Mask":47,"Black Star":98,"PureWater":0}]},"card_choices":[{"not_picked":["Evaluate","EmptyFist"],"picked":"FlyingSleeves","floor":1.0},{"not_picked":["WaveOfTheHand","CarveReality"],"picked":"BattleHymn","floor":4.0},{"not_picked":["Prostrate","Consecrate"],"picked":"BowlingBash","floor":5.0},{"not_picked":["EmptyBody","BattleHymn"],"picked":"LikeWater","floor":6.0},{"not_picked":["Weave","Halt"],"picked":"ClearTheMind","floor":8.0},{"not_picked":["ReachHeaven","EmptyBody"],"picked":"TalkToTheHand","floor":10.0},{"not_picked":["Fasting2","DeceiveReality"],"picked":"Protect","floor":11.0},{"not_picked":["Crescendo","Consecrate"],"picked":"DevaForm","floor":12.0},{"not_picked":["JustLucky","FlurryOfBlows"],"picked":"LikeWater","floor":13.0},{"not_picked":["MasterReality","Devotion"],"picked":"Establishment","floor":16.0},{"not_picked":["MentalFortress","JustLucky"],"picked":"Meditate","floor":18.0},{"not_picked":["Evaluate+1","BowlingBash"],"picked":"WindmillStrike+1","floor":20.0},{"not_picked":["Crescendo","Evaluate+1"],"picked":"Protect+1","floor":21.0},{"not_picked":["SashWhip+1","SignatureMove"],"picked":"Indignation","floor":22.0},{"not_picked":["WreathOfFlame","FlyingSleeves","Tantrum"],"picked":"SKIP","floor":23.0},{"not_picked":["Sanctity","Prostrate+1","WreathOfFlame"],"picked":"SKIP","floor":24.0},{"not_picked":["SpiritShield","ForeignInfluence","Prostrate"],"picked":"SKIP","floor":25.0},{"not_picked":["EmptyBody","Alpha","WaveOfTheHand+1"],"picked":"SKIP","floor":28},{"not_picked":["EmptyBody","FollowUp","FearNoEvil+1"],"picked":"SKIP","floor":29},{"not_picked":["CutThroughFate","Fasting2"],"picked":"Perseverance","floor":30},{"not_picked":["FlyingSleeves","BowlingBash","ThirdEye"],"picked":"SKIP","floor":31},{"not_picked":["EmptyFist+1","Evaluate","SandsOfTime"],"picked":"SKIP","floor":35},{"not_picked":["SandsOfTime","Study+1","Consecrate+1"],"picked":"SKIP","floor":38},{"not_picked":["Blasphemy","Halt","CutThroughFate+1"],"picked":"SKIP","floor":40},{"not_picked":["JustLucky","Prostrate+1","WindmillStrike"],"picked":"SKIP","floor":42}],"player_experience":401791,"relics_obtained":[{"floor":6.0,"key":"Anchor"},{"floor":9.0,"key":"Bag of Preparation"},{"floor":10.0,"key":"Bag of Marbles"},{"floor":12.0,"key":"Potion Belt"},{"floor":21.0,"key":"Red Mask"},{"floor":23.0,"key":"Boot"},{"floor":25.0,"key":"Ancient Tea Set"},{"floor":26,"key":"Blue Candle"},{"floor":28,"key":"Juzu Bracelet"},{"floor":30,"key":"Oddly Smooth Stone"},{"floor":40,"key":"Whetstone"},{"floor":40,"key":"Strawberry"},{"floor":42,"key":"Turnip"},{"floor":42,"key":"Regal Pillow"}],"event_choices":[{"cards_removed":["Strike_P"],"damage_healed":0.0,"max_hp_gain":0.0,"max_hp_loss":0.0,"gold_gain":0.0,"event_name":"Living Wall","player_choice":"Forget","floor":2.0,"gold_loss":0.0,"damage_taken":0.0},{"cards_removed":["Defend_P"],"damage_healed":0.0,"max_hp_gain":0.0,"max_hp_loss":0.0,"gold_gain":0.0,"event_name":"Bonfire Elementals","player_choice":"Offered Basic","floor":3.0,"gold_loss":0.0,"damage_taken":0.0},{"damage_healed":0.0,"max_hp_gain":0.0,"max_hp_loss":0.0,"gold_gain":0.0,"event_name":"Masked Bandits","player_choice":"Fought Bandits","floor":21.0,"gold_loss":0.0,"damage_taken":0.0},{"damage_healed":0,"gold_gain":0,"player_choice":"Embrace Madness","damage_taken":10,"max_hp_gain":0,"max_hp_loss":0,"event_name":"Winding Halls","floor":36,"gold_loss":0,"cards_obtained":["Madness","Madness"]},{"damage_healed":0,"gold_gain":0,"player_choice":"Upgraded","damage_taken":0,"max_hp_gain":0,"max_hp_loss":0,"event_name":"Upgrade Shrine","floor":37,"gold_loss":0,"cards_upgraded":["Establishment"]},{"damage_healed":0,"gold_gain":300,"player_choice":"Gold","damage_taken":0,"max_hp_gain":0,"max_hp_loss":0,"event_name":"Wheel of Change","floor":39,"gold_loss":0},{"damage_healed":0,"gold_gain":0,"player_choice":"Ignored","damage_taken":0,"max_hp_gain":0,"max_hp_loss":0,"event_name":"The Moai Head","floor":44,"gold_loss":0}],"is_beta":false,"boss_relics":[{"not_picked":["Busted Crown","Calling Bell"],"picked":"HolyWater"},{"not_picked":["Snecko Eye","Sozu"],"picked":"Black Star"}],"items_purged_floors":[14,19,27],"is_endless":false,"potions_floor_spawned":[8,10,11,12,16,20,21,23,25,31,33,38],"killed_by":"Reptomancer","ascension_level":3}}