{"host":"nxnzcl474ro3ewbj","time":1612045148,"event":{"mods":["2.2 Compatiblity","Act Like it!","BaseMod","Better Third Choice","Better-Laid Plans","Colored Map","Custom Start","Highlight Path","Keyboard Shortcuts","Minty Spire (QoL Compilation)","Quick Restart","Rare Cards Sparkle","Relic Stats","Shop Mod","Slay the Relics Exporter","StSLib","SuperFastMode"],"gold_per_floor":[114,114,126,126,3,29,29,61,61,110,140,140,167,186,186,260,260,270,288,213,213,213,213],"floor_reached":22,"language":"KOR","playtime":337,"items_purged":[],"score":435,"play_id":"3263feaf-1784-489b-8745-d06c6eaf856e","local_time":"20210131071908","is_ascension_mode":true,"campfire_choices":[{"data":"Spot Weakness","floor":7.0,"key":"SMITH"},{"data":"Feed","floor":12.0,"key":"SMITH"},{"data":"Bludgeon","floor":15.0,"key":"SMITH"}],"circlet_count":0,"master_deck":["AscendersBane","Strike_R","Strike_R","Strike_R","Strike_R","Defend_R","Defend_R","Defend_R","Defend_R","Bash","Armaments+1","Spot Weakness+1","Evolve","Body Slam","Feed+1","Bludgeon+1","Reaper"],"relics":["Burning Blood","NeowsBlessing","Matryoshka","HornCleat","Centennial Puzzle","Toy Ornithopter","Juzu Bracelet","Bag of Marbles","Singing Bowl","Ancient Tea Set","SlaversCollar"],"acts_visited":["Exordium","TheCity"],"potions_floor_usage":[22],"damage_taken":[{"damage":0.0,"enemies":"Jaw Worm","floor":1.0,"turns":1.0},{"damage":0.0,"enemies":"Cultist","floor":3.0,"turns":1.0},{"damage":0.0,"enemies":"3 Sentries","floor":6.0,"turns":2.0},{"damage":22.0,"enemies":"Gremlin Nob","floor":8.0,"turns":4.0},{"damage":13.0,"enemies":"Lagavulin","floor":11.0,"turns":5.0},{"damage":22.0,"enemies":"Gremlin Nob","floor":13.0,"turns":4.0},{"damage":0.0,"enemies":"2 Louse","floor":14.0,"turns":1.0},{"damage":17.0,"enemies":"Hexaghost","floor":16.0,"turns":7.0},{"damage":23.0,"enemies":"Shell Parasite","floor":18.0,"turns":5.0},{"damage":49.0,"enemies":"Spheric Guardian","floor":19.0,"turns":6.0},{"damage":47,"enemies":"3 Cultists","floor":22,"turns":6}],"seed_played":"-7733804163925139719","potions_obtained":[{"floor":1.0,"key":"BlessingOfTheForge"},{"floor":11.0,"key":"SpeedPotion"},{"floor":14.0,"key":"LiquidMemories"},{"floor":19.0,"key":"EssenceOfSteel"}],"is_trial":false,"path_per_floor":["M","?","M","?","$","E","R","E","T","T","E","R","E","M","R","B",null,"M","M","?","?","M"],"character_chosen":"IRONCLAD","items_purchased":["Spot Weakness","Evolve"],"campfire_rested":0,"item_purchase_floors":[5,5],"current_hp_per_floor":[74,74,75,75,75,75,75,59,59,59,52,52,38,46,46,40,69,54,17,17,4,0,0],"gold":213,"neow_bonus":"THREE_ENEMY_KILL","is_daily":false,"chose_seed":false,"campfire_upgraded":3,"win_rate":0.0,"timestamp":1612045148,"path_taken":["M","?","?","?","$","E","R","E","T","?","E","R","E","M","R","BOSS","M","M","?","?","M"],"items_purchased_type":["Card","Card"],"build_version":"2020-12-22","purchased_purges":0,"victory":false,"max_hp_per_floor":[75,75,75,75,75,75,75,75,75,75,75,75,77,79,79,79,79,81,87,87,87,91,91],"relic_stats":{"Centennial Puzzle":[18],"Singing Bowl":8,"counters":[11,42],"Juzu Bracelet":0,"obtain_stats":[{"SlaversCollar":17,"Centennial Puzzle":8,"Matryoshka":2,"HornCleat":6,"NeowsBlessing":0,"Singing Bowl":11,"Juzu Bracelet":10,"Bag of Marbles":10,"Ancient Tea Set":13,"Burning Blood":0,"Toy Ornithopter":9},{"SlaversCollar":8,"Centennial Puzzle":4,"Matryoshka":1,"HornCleat":3,"NeowsBlessing":0,"Singing Bowl":5,"Juzu Bracelet":4,"Bag of Marbles":4,"Ancient Tea Set":6,"Burning Blood":0,"Toy Ornithopter":4},{"SlaversCollar":25,"Centennial Puzzle":8,"Matryoshka":1,"HornCleat":4,"NeowsBlessing":0,"Singing Bowl":13,"Juzu Bracelet":8,"Bag of Marbles":8,"Ancient Tea Set":17,"Burning Blood":0,"Toy Ornithopter":8}],"Burning Blood":49,"Toy Ornithopter":10},"card_choices":[{"not_picked":["Metallicize","Clash"],"picked":"Warcry","floor":1.0},{"not_picked":["Searing Blow","Burning Pact"],"picked":"Armaments","floor":3.0},{"not_picked":["Clothesline","Flame Barrier"],"picked":"Body Slam","floor":6.0},{"not_picked":["Hemokinesis","Burning Pact"],"picked":"Feed","floor":8.0},{"not_picked":["Cleave","Havoc"],"picked":"Bludgeon","floor":11.0},{"not_picked":["Seeing Red","Wild Strike","Disarm"],"picked":"Singing Bowl","floor":13.0},{"not_picked":["Rupture","Sword Boomerang","Dark Embrace"],"picked":"Singing Bowl","floor":14.0},{"not_picked":["Berserk","Juggernaut"],"picked":"Reaper","floor":16.0},{"not_picked":["Clash+1","Blood for Blood","Shockwave"],"picked":"Singing Bowl","floor":18.0},{"not_picked":["Wild Strike","Anger","Seeing Red"],"picked":"Singing Bowl","floor":19.0}],"player_experience":82906,"relics_obtained":[{"floor":6.0,"key":"HornCleat"},{"floor":8.0,"key":"Centennial Puzzle"},{"floor":9.0,"key":"Toy Ornithopter"},{"floor":10.0,"key":"Juzu Bracelet"},{"floor":10.0,"key":"Bag of Marbles"},{"floor":11.0,"key":"Singing Bowl"},{"floor":13.0,"key":"Ancient Tea Set"}],"event_choices":[{"cards_removed":["Warcry"],"damage_healed":0.0,"max_hp_gain":0.0,"max_hp_loss":0.0,"gold_gain":0.0,"event_name":"WeMeetAgain","player_choice":"Gave Card","floor":2.0,"gold_loss":0.0,"damage_taken":0.0,"relics_obtained":["Matryoshka"]},{"damage_healed":0.0,"max_hp_gain":0.0,"max_hp_loss":0.0,"gold_gain":0.0,"event_name":"Living Wall","player_choice":"Grow","floor":4.0,"gold_loss":0.0,"damage_taken":0.0,"cards_upgraded":["Armaments"]},{"cards_removed":["Strike_R"],"damage_healed":0.0,"max_hp_gain":0.0,"max_hp_loss":0.0,"gold_gain":0.0,"event_name":"Beggar","player_choice":"Gave Gold","floor":20.0,"gold_loss":75.0,"damage_taken":0.0},{"damage_healed":0.0,"max_hp_gain":0.0,"max_hp_loss":0.0,"gold_gain":0.0,"event_name":"Wheel of Change","player_choice":"Damaged","floor":21.0,"gold_loss":0.0,"damage_taken":13.0}],"is_beta":false,"boss_relics":[{"not_picked":["Runic Pyramid","Cursed Key"],"picked":"SlaversCollar"}],"items_purged_floors":[],"is_endless":false,"potions_floor_spawned":[1,11,14,19],"killed_by":"3 Cultists","ascension_level":17}}