{"host":"sp1f3sybb350mzsh","time":1612000719,"event":{"mods":["AchievementEnabler","BaseMod","Bestiary","Colored Map","Colored Powertips","Filter the Spire","Minty Spire (QoL Compilation)","Puzzle Mod","Relic Stats","StSLib"],"gold_per_floor":[118,128,140,140,159,159,193,193,193,222,222,222,250,220,220,325,375,346,364,364,364],"floor_reached":20,"language":"ENG","playtime":894,"items_purged":[],"score":182,"play_id":"78307118-b68f-448b-a876-b50135361380","local_time":"20210130035839","is_ascension_mode":false,"campfire_choices":[{"data":"Streamline","floor":6.0,"key":"SMITH"},{"data":"Rip and Tear","floor":8,"key":"SMITH"},{"floor":11,"key":"REST"},{"floor":15,"key":"REST"}],"circlet_count":0,"master_deck":["Strike_B","Strike_B","Strike_B","Defend_B","Defend_B","Defend_B","Defend_B","Zap","Dualcast","Rebound","Fusion","Aggregate","Streamline+1","Rip and Tear+1","Compile Driver","Capacitor+1","Amplify","Beam Cell","Force Field+1","Force Field","Chaos+1","Steam"],"relics":["Snecko Eye","Prayer Wheel","TungstenRod","Odd Mushroom","Girya","Tiny House"],"acts_visited":["Exordium","TheCity"],"potions_floor_usage":[],"damage_taken":[{"damage":10.0,"enemies":"Cultist","floor":1.0,"turns":4.0},{"damage":0.0,"enemies":"Small Slimes","floor":2.0,"turns":3.0},{"damage":2.0,"enemies":"Jaw Worm","floor":3.0,"turns":4.0},{"damage":11.0,"enemies":"Red Slaver","floor":5.0,"turns":3.0},{"damage":16,"enemies":"Gremlin Nob","floor":7,"turns":3},{"damage":23,"enemies":"The Mushroom Lair","floor":10,"turns":4},{"damage":14,"enemies":"3 Sentries","floor":13,"turns":6},{"damage":14,"enemies":"Slime Boss","floor":16,"turns":8},{"damage":31,"enemies":"2 Thieves","floor":18,"turns":5},{"damage":26,"enemies":"3 Byrds","floor":19,"turns":9},{"damage":9,"enemies":"Snake Plant","floor":20,"turns":3}],"seed_played":"-7482440351557324749","potions_obtained":[{"floor":2.0,"key":"Dexterity Potion"},{"floor":10,"key":"Dexterity Potion"},{"floor":14,"key":"Swift Potion"}],"is_trial":false,"path_per_floor":["M","M","M","?","M","R","E","R","T","?","R","?","E","?","R","B",null,"M","M","M"],"character_chosen":"DEFECT","items_purchased":[],"campfire_rested":2,"item_purchase_floors":[],"current_hp_per_floor":[65,65,63,56,45,45,29,29,29,6,28,28,14,14,36,22,80,49,23,14,14],"gold":364,"neow_bonus":"BOSS_RELIC","is_daily":false,"chose_seed":false,"campfire_upgraded":2,"win_rate":0.0,"timestamp":1612000719,"path_taken":["M","M","M","?","M","R","E","R","T","?","R","?","E","?","R","BOSS","M","M","M"],"items_purchased_type":[],"build_version":"2020-12-22","purchased_purges":0,"victory":false,"max_hp_per_floor":[75,75,75,75,75,75,75,75,75,75,75,75,75,75,75,75,80,80,80,80,80],"relic_stats":{"counters":[11,52],"Snecko Eye":[75,101,92,89],"Prayer Wheel":2,"obtain_stats":[{"Girya":13,"Tiny House":17,"Snecko Eye":0,"Prayer Wheel":7,"Odd Mushroom":10,"Cracked Core":0,"TungstenRod":9},{"Girya":7,"Tiny House":8,"Snecko Eye":0,"Prayer Wheel":5,"Odd Mushroom":6,"Cracked Core":0,"TungstenRod":5},{"Girya":27,"Tiny House":35,"Snecko Eye":0,"Prayer Wheel":17,"Odd Mushroom":21,"Cracked Core":0,"TungstenRod":17}],"TungstenRod":25},"card_choices":[{"not_picked":["Redo","Steam"],"picked":"Rebound","floor":1.0},{"not_picked":["Steam","Coolheaded"],"picked":"Fusion","floor":2.0},{"not_picked":["Stack","Redo"],"picked":"Aggregate","floor":3.0},{"not_picked":["Tempest","Conserve Battery"],"picked":"Streamline","floor":5.0},{"not_picked":["Storm","Rebound"],"picked":"Rip and Tear","floor":7},{"not_picked":["FTL","Barrage"],"picked":"Compile Driver","floor":10},{"not_picked":["Conserve Battery","Self Repair"],"picked":"Capacitor","floor":13},{"not_picked":["Hyperbeam","Seek"],"picked":"Amplify","floor":16},{"not_picked":["Tempest","Go for the Eyes"],"picked":"Beam Cell","floor":17},{"not_picked":["Leap+1","Beam Cell"],"picked":"Force Field+1","floor":18},{"not_picked":["Steam Power","Hello World"],"picked":"Force Field","floor":18},{"not_picked":["Barrage","Darkness"],"picked":"Chaos+1","floor":19},{"not_picked":["Redo","Rebound"],"picked":"Steam","floor":19}],"player_experience":147783,"relics_obtained":[{"floor":7,"key":"Prayer Wheel"},{"floor":9,"key":"TungstenRod"},{"floor":10,"key":"Odd Mushroom"},{"floor":13,"key":"Girya"}],"event_choices":[{"cards_removed":["Strike_B"],"damage_healed":0.0,"max_hp_gain":0.0,"max_hp_loss":0.0,"gold_gain":0.0,"event_name":"Golden Wing","player_choice":"Card Removal","floor":4.0,"gold_loss":0.0,"damage_taken":7.0},{"damage_healed":0,"gold_gain":0,"player_choice":"Fought Mushrooms","damage_taken":0,"max_hp_gain":0,"max_hp_loss":0,"event_name":"Mushrooms","floor":10,"gold_loss":0},{"damage_healed":0,"gold_gain":0,"player_choice":"Ignored","damage_taken":0,"max_hp_gain":0,"max_hp_loss":0,"event_name":"Liars Game","floor":12,"gold_loss":0},{"damage_healed":0,"gold_gain":0,"player_choice":"Bought 2 Potions","damage_taken":0,"max_hp_gain":0,"max_hp_loss":0,"event_name":"The Woman in Blue","floor":14,"gold_loss":0}],"is_beta":false,"boss_relics":[{"not_picked":["SlaversCollar","Runic Pyramid"],"picked":"Tiny House"}],"items_purged_floors":[],"is_endless":false,"potions_floor_spawned":[2,10,16,19],"killed_by":"Snake Plant","ascension_level":0}}