{"host":"vrsxkkch9ccrec7k","time":1612007294,"event":{"mods":["Act Like it!","BaseMod","Bestiary","Better Altar","Better Match","Better Note","Better Sensory Stone","Better Skull","Better Third Choice","Better Vampires","Downfall","Minty Spire (QoL Compilation)","Permanent Neow","Relic Stats","Shop Mod","StSLib"],"gold_per_floor":[99,117,117,130,3,3,3,3,35,50,69,89,102,116,129,233,233,233,253,268,280,10,10,10,43,43,58,58,85,85,95,110,210,210,210,220,102,116,135,167,191,204,221,221,64,97,97,124,24,24],"floor_reached":51,"language":"ENG","playtime":3938,"items_purged":["Guardian:Strike_Guardian","Guardian:Strike_Guardian","Guardian:Strike_Guardian"],"score":1146,"play_id":"4657e87a-de08-459e-8ceb-8cdc04ea4bad","local_time":"20210130064814","is_ascension_mode":true,"campfire_choices":[{"data":"Guardian:TwinSlam","floor":1,"key":"SMITH"},{"data":"Guardian:PolyBeam","floor":6,"key":"SMITH"},{"data":"Guardian:ArmoredProtocol","floor":8,"key":"SMITH"},{"data":"Guardian:BronzeArmor","floor":18,"key":"SMITH"},{"data":"Guardian:FloatingOrbs","floor":26,"key":"SMITH"},{"floor":30,"key":"REST"},{"data":"Guardian:GemFire","floor":35,"key":"SMITH"},{"floor":47,"key":"REST"},{"floor":49,"key":"REST"}],"circlet_count":0,"master_deck":["Guardian:Strike_Guardian","Guardian:Defend_Guardian+1","Guardian:Defend_Guardian","Guardian:Defend_Guardian","Guardian:Defend_Guardian","Guardian:CurlUp","Guardian:TwinSlam+1","Guardian:PolyBeam+1","Guardian:Reroute","Guardian:FuturePlans","Guardian:ArmoredProtocol+1","Guardian:BronzeArmor+1","Guardian:RevengeProtocol","Guardian:RollAttack","Guardian:StasisEngine","Guardian:FloatingOrbs+1","Guardian:TimeBomb+1","Guardian:RollAttack+1","Guardian:Planning+1","Guardian:FloatingOrbs","Guardian:GemFire+1","Guardian:Gem_White","Guardian:DecasProtection","Guardian:EvasiveProtocol+1","Guardian:PolyBeam+1","Guardian:Repulse+1","Guardian:SphericShield","Guardian:Recover+1"],"relics":["Guardian:ModeShifter","Strawberry","Shuriken","sneckomod:SneckoTalon","Slimebound:StickyStick","Art of War","War Paint","sneckomod:BlankCard","Ornamental Fan","SlaversCollar","Sling","Dream Catcher","Ancient Tea Set","Medical Kit","Bottled Tornado","Sundial","downfall:HeartBlessingGreen"],"acts_visited":["Exordium","TheCity","TheBeyond"],"potions_floor_usage":[9,14,20,25,27,29,36,39,40,46,48,50],"damage_taken":[{"damage":7,"enemies":"Jaw Worm","floor":2,"turns":4},{"damage":1,"enemies":"Cultist","floor":4,"turns":3},{"damage":5,"enemies":"downfall:FleeingMerchant","floor":5,"turns":4},{"damage":4,"enemies":"Gremlin Nob","floor":9,"turns":5},{"damage":0,"enemies":"2 Louse","floor":10,"turns":2},{"damage":0,"enemies":"Exordium Wildlife","floor":11,"turns":2},{"damage":0,"enemies":"Blue Slaver","floor":12,"turns":3},{"damage":13,"enemies":"Large Slime","floor":13,"turns":7},{"damage":1,"enemies":"Lots of Slimes","floor":14,"turns":3},{"damage":8,"enemies":"Blue Slaver","floor":15,"turns":3},{"damage":13,"enemies":"WA_ARCHETYPE_RETAIN","floor":16,"turns":7},{"damage":2,"enemies":"3 Byrds","floor":19,"turns":4},{"damage":0,"enemies":"Spheric Guardian","floor":20,"turns":5},{"damage":13,"enemies":"Snecko","floor":21,"turns":6},{"damage":10,"enemies":"downfall:FleeingMerchant","floor":22,"turns":4},{"damage":10,"enemies":"Gremlin Leader","floor":25,"turns":7},{"damage":10,"enemies":"Shelled Parasite and Fungi","floor":27,"turns":5},{"damage":4,"enemies":"Book of Stabbing","floor":29,"turns":4},{"damage":18,"enemies":"Snake Plant","floor":31,"turns":4},{"damage":7,"enemies":"Chosen and Byrds","floor":32,"turns":4},{"damage":13,"enemies":"IC_MUSHROOM_ARCHETYPE","floor":33,"turns":5},{"damage":15,"enemies":"3 Darklings","floor":36,"turns":4},{"damage":0,"enemies":"downfall:FleeingMerchant","floor":37,"turns":3},{"damage":10,"enemies":"Orb Walker","floor":38,"turns":4},{"damage":19,"enemies":"Writhing Mass","floor":39,"turns":6},{"damage":12,"enemies":"Reptomancer","floor":40,"turns":3},{"damage":8,"enemies":"Spire Growth","floor":42,"turns":4},{"damage":11,"enemies":"Jaw Worm Horde","floor":43,"turns":3},{"damage":0,"enemies":"Nemesis","floor":46,"turns":5},{"damage":0,"enemies":"Giant Head","floor":48,"turns":6},{"damage":13,"enemies":"DF_ARCHETYPE_ORBS","floor":50,"turns":9}],"seed_played":"367660350498704697","potions_obtained":[{"floor":2,"key":"Block Potion"},{"floor":4,"key":"EssenceOfSteel"},{"floor":10,"key":"Explosive Potion"},{"floor":13,"key":"hexamod:SoulburnPotion"},{"floor":19,"key":"EssenceOfSteel"},{"floor":21,"key":"DuplicationPotion"},{"floor":25,"key":"SteroidPotion"},{"floor":27,"key":"SteroidPotion"},{"floor":33,"key":"FearPotion"},{"floor":38,"key":"Regen Potion"},{"floor":39,"key":"LiquidBronze"},{"floor":40,"key":"Swift Potion"}],"is_trial":false,"path_per_floor":["R","M","?","M","$","R","T","R","E","M","M","M","M","M","M","B",null,"R","M","M","M","$","?","T","E","R","M","?","E","R","M","M","B",null,"R","M","$","M","M","E","T","M","M","?","$","E","R","E","R","B",null],"character_chosen":"GUARDIAN","items_purchased":["Guardian:ArmoredProtocol","Slimebound:StickyStick","Sling","Slimebound:ThreeZeroPotion","Guardian:DecasProtection","Medical Kit"],"campfire_rested":3,"item_purchase_floors":[5,22,37,37,37,45],"current_hp_per_floor":[80,73,78,77,72,72,79,79,75,75,75,75,62,61,53,40,85,85,83,83,70,60,60,60,50,50,40,40,36,66,48,41,28,82,82,67,67,57,53,41,41,33,22,22,22,22,52,52,82,69],"gold":24,"neow_bonus":"TEN_PERCENT_HP_BONUS","is_daily":false,"chose_seed":false,"campfire_upgraded":6,"win_rate":0.0,"timestamp":1612007294,"path_taken":["R","M","?","M","?","R","T","R","E","M","M","M","M","M","M","BOSS","R","M","M","M","$","?","T","E","R","M","?","E","R","?","M","BOSS","R","M","$","M","M","E","T","M","M","?","$","E","R","E","R","BOSS"],"items_purchased_type":["Card","Relic","Relic","Potion","Card","Relic"],"build_version":"2020-12-22","purchased_purges":3,"victory":true,"max_hp_per_floor":[88,88,93,93,93,93,100,100,100,100,100,100,100,100,100,100,100,100,100,100,100,100,100,100,100,100,100,100,100,100,100,100,100,100,100,100,100,100,100,100,100,100,100,100,100,100,100,100,100,100],"relic_stats":{"Dream Catcher":2,"counters":[31,137],"Shuriken":[54],"Ornamental Fan":[132],"Sundial":[2],"Art of War":[7],"War Paint":["Guardian:Defend_Guardian","Guardian:TimeBomb"],"Medical Kit":[1],"obtain_stats":[{"sneckomod:BlankCard":28,"Guardian:ModeShifter":0,"downfall:HeartBlessingGreen":49,"War Paint":25,"Bottled Tornado":46,"sneckomod:SneckoTalon":17,"Sling":37,"Ancient Tea Set":41,"Medical Kit":45,"SlaversCollar":34,"Dream Catcher":40,"Shuriken":9,"Slimebound:StickyStick":22,"Ornamental Fan":29,"Sundial":48,"Strawberry":7,"Art of War":24},{"sneckomod:BlankCard":17,"Guardian:ModeShifter":0,"downfall:HeartBlessingGreen":30,"War Paint":16,"Bottled Tornado":29,"sneckomod:SneckoTalon":11,"Sling":23,"Ancient Tea Set":26,"Medical Kit":28,"SlaversCollar":21,"Dream Catcher":26,"Shuriken":4,"Slimebound:StickyStick":15,"Ornamental Fan":18,"Sundial":30,"Strawberry":3,"Art of War":15},{"sneckomod:BlankCard":74,"Guardian:ModeShifter":0,"downfall:HeartBlessingGreen":128,"War Paint":69,"Bottled Tornado":122,"sneckomod:SneckoTalon":43,"Sling":97,"Ancient Tea Set":110,"Medical Kit":117,"SlaversCollar":91,"Dream Catcher":110,"Shuriken":16,"Slimebound:StickyStick":62,"Ornamental Fan":78,"Sundial":128,"Strawberry":11,"Art of War":62}]},"card_choices":[{"not_picked":["Guardian:Gem_Lightblue","Guardian:GuardianWhirl"],"picked":"Guardian:PolyBeam","floor":2},{"not_picked":["Guardian:Repulse","Guardian:WalkerClaw"],"picked":"Guardian:Reroute","floor":4},{"not_picked":["Guardian:PrimingBeam","Guardian:Recover"],"picked":"Guardian:FuturePlans","floor":5},{"not_picked":["Guardian:ArmoredProtocol","Guardian:VentSteam"],"picked":"Guardian:BronzeArmor","floor":9},{"not_picked":["Guardian:Suspension","Guardian:TemporalShield"],"picked":"Guardian:Gem_Red","floor":10},{"not_picked":["Guardian:Orbwalk","Guardian:Gem_Lightblue"],"picked":"Guardian:RevengeProtocol","floor":11},{"not_picked":["Guardian:ShieldCharger","Guardian:ChargeCore"],"picked":"Guardian:Gem_Green","floor":12},{"not_picked":["Guardian:Gem_Lightblue","Guardian:EvasiveProtocol"],"picked":"Guardian:RollAttack","floor":13},{"not_picked":["Guardian:PrimingBeam","Guardian:Gem_Green"],"picked":"Guardian:Gem_White","floor":14},{"not_picked":["Guardian:PrimingBeam","Guardian:Incinerate","Guardian:ChargeCore"],"picked":"SKIP","floor":15},{"not_picked":["Guardian:RevengeProtocol","Guardian:FierceBash"],"picked":"Guardian:StasisEngine","floor":16},{"not_picked":["Guardian:Gem_Green","Guardian:CrystalBeam"],"picked":"Guardian:FloatingOrbs","floor":19},{"not_picked":["Guardian:Suspension","Guardian:PiercingHide"],"picked":"Guardian:Gem_Lightblue","floor":20},{"not_picked":["Guardian:WalkerClaw","Guardian:Gem_Lightblue"],"picked":"Guardian:TimeBomb","floor":21},{"not_picked":["Guardian:HyperBeam_Guardian","Guardian:PrimingBeam"],"picked":"Guardian:RollAttack+1","floor":22},{"not_picked":["Guardian:Suspension","Guardian:Gem_Blue"],"picked":"Guardian:Planning+1","floor":25},{"not_picked":["Guardian:RefractedBeam","Guardian:PolyBeam"],"picked":"Guardian:FloatingOrbs","floor":27},{"not_picked":["Guardian:PiercingHide+1","Guardian:FierceBash"],"picked":"Guardian:Gem_Blue","floor":29},{"not_picked":["Guardian:Harden","Guardian:Incinerate","Guardian:Recover"],"picked":"SKIP","floor":31},{"not_picked":["Guardian:TemporalStrike","Guardian:SentryBeam"],"picked":"Guardian:Gem_Crimson","floor":32},{"not_picked":["Guardian:HyperBeam_Guardian","Guardian:CompilePackage"],"picked":"Guardian:GemFire","floor":33},{"not_picked":["Guardian:Gem_Blue","Guardian:TemporalStrike"],"picked":"Guardian:Gem_White","floor":36},{"not_picked":["Guardian:ShieldCharger+1","Guardian:Gem_Crimson","Guardian:Recover+1"],"picked":"SKIP","floor":37},{"not_picked":["Guardian:BronzeOrb+1","Guardian:SentryBeam"],"picked":"Guardian:EvasiveProtocol+1","floor":38},{"not_picked":["Guardian:Gem_Green","Guardian:TemporalShield+1","Guardian:Gem_Blue"],"picked":"SKIP","floor":39},{"not_picked":["Guardian:TimeBomb","Guardian:TemporalStrike"],"picked":"Guardian:PolyBeam+1","floor":40},{"not_picked":["Guardian:Gem_Lightblue","Guardian:TemporalStrike","Guardian:ShieldCharger+1"],"picked":"SKIP","floor":42},{"not_picked":["Guardian:ArmoredProtocol+1","Guardian:PiercingHide"],"picked":"Guardian:Gem_Orange","floor":43},{"not_picked":["Guardian:ShieldCharger+1","Guardian:Gem_Green","Guardian:CrystalBeam+1"],"picked":"SKIP","floor":46},{"not_picked":["Guardian:Gem_Blue","Guardian:Planning+1"],"picked":"Guardian:Repulse+1","floor":47},{"not_picked":["Guardian:Suspension","Guardian:Repulse+1"],"picked":"Guardian:SphericShield","floor":48},{"not_picked":["Guardian:ChargeCore+1","Guardian:TemporalStrike"],"picked":"Guardian:Recover+1","floor":49}],"player_experience":1826139,"relics_obtained":[{"floor":7,"key":"Strawberry"},{"floor":9,"key":"Shuriken"},{"floor":24,"key":"Art of War"},{"floor":25,"key":"War Paint"},{"floor":29,"key":"Ornamental Fan"},{"floor":40,"key":"Dream Catcher"},{"floor":41,"key":"Ancient Tea Set"},{"floor":46,"key":"Bottled Tornado"},{"floor":48,"key":"Sundial"}],"event_choices":[{"damage_healed":0,"gold_gain":0,"player_choice":"Donut","damage_taken":0,"max_hp_gain":5,"max_hp_loss":0,"event_name":"Big Fish","floor":3,"gold_loss":0},{"damage_healed":0,"gold_gain":0,"player_choice":"Ignored","damage_taken":0,"max_hp_gain":0,"max_hp_loss":0,"event_name":"Ghosts","floor":23,"gold_loss":0},{"damage_healed":0,"gold_gain":0,"player_choice":"Ignored","damage_taken":0,"max_hp_gain":0,"max_hp_loss":0,"event_name":"Mysterious Sphere","floor":44,"gold_loss":0}],"is_beta":false,"boss_relics":[{"not_picked":["Tiny House","Sozu"],"picked":"sneckomod:SneckoTalon"},{"not_picked":["Calling Bell","Fusion Hammer"],"picked":"SlaversCollar"}],"items_purged_floors":[5,22,37],"is_endless":false,"potions_floor_spawned":[2,4,10,13,19,21,25,27,33,38,39,40],"ascension_level":8}}