{"host":"vyjryxuuuxkt43k4","time":1612015307,"event":{"mods":["AchievementEnabler","BaseMod","Colored Map","DeckTracker","Keyboard Shortcuts","Minty Spire (QoL Compilation)","Permanent Neow","Quick Restart","Rare Cards Sparkle","StSLib","SuperFastMode","everything is the same but u backflip on backflip"],"gold_per_floor":[118,135,145,145,145,145,44,79,125,125,156,172,122,132,132,231,231,243,18,33,46,56,56,56,56,56,56,66,76,87,100,100,200,200,211,226,240,115,115,148,148,182,236,266,266,292,292,44,44,44,44],"floor_reached":50,"language":"KOR","playtime":2793,"items_purged":["Strike_P","Strike_P","Defend_P"],"score":906,"play_id":"bcdc8a49-5108-4a16-ada0-c561708597ea","local_time":"20210130230147","is_ascension_mode":true,"campfire_choices":[{"data":"Eruption","floor":6.0,"key":"SMITH"},{"data":"MentalFortress","floor":10.0,"key":"SMITH"},{"floor":15.0,"key":"REST"},{"data":"Vengeance","floor":23.0,"key":"SMITH"},{"data":"Devotion","floor":25.0,"key":"SMITH"},{"data":"WheelKick","floor":27.0,"key":"SMITH"},{"data":"EmptyFist","floor":32.0,"key":"SMITH"},{"data":"TalkToTheHand","floor":41.0,"key":"SMITH"},{"data":"Omniscience","floor":45.0,"key":"SMITH"},{"data":"WaveOfTheHand","floor":47.0,"key":"SMITH"},{"floor":49.0,"key":"RECALL"}],"circlet_count":0,"master_deck":["Defend_P","Eruption+1","Vigilance","InnerPeace","MentalFortress+1","FollowUp","DeceiveReality","FlurryOfBlows","FlurryOfBlows","Devotion+1","EmptyFist+1","WheelKick+1","Vengeance+1","EmptyBody+1","Adaptation+1","Prostrate+1","Adaptation+1","Omniscience+1","TalkToTheHand+1","WaveOfTheHand+1","Consecrate+1","Indignation","MentalFortress"],"relics":["PureWater","Anchor","Omamori","Happy Flower","Singing Bowl","Coffee Dripper","Eternal Feather","Empty Cage","Matryoshka","Pen Nib","TeardropLocket","Mummified Hand","Peace Pipe","Yang"],"acts_visited":["Exordium","TheCity","TheBeyond"],"potions_floor_usage":[],"damage_taken":[{"damage":0.0,"enemies":"Small Slimes","floor":1.0,"turns":2.0},{"damage":0.0,"enemies":"2 Louse","floor":2.0,"turns":3.0},{"damage":9.0,"enemies":"Cultist","floor":3.0,"turns":5.0},{"damage":10.0,"enemies":"Lagavulin","floor":8.0,"turns":7.0},{"damage":31.0,"enemies":"Gremlin Nob","floor":11.0,"turns":6.0},{"damage":0.0,"enemies":"3 Louse","floor":12.0,"turns":1.0},{"damage":0.0,"enemies":"Blue Slaver","floor":14.0,"turns":2.0},{"damage":1.0,"enemies":"Slime Boss","floor":16.0,"turns":9.0},{"damage":17.0,"enemies":"2 Thieves","floor":18.0,"turns":4.0},{"damage":0.0,"enemies":"Spheric Guardian","floor":20.0,"turns":3.0},{"damage":0.0,"enemies":"Centurion and Healer","floor":21.0,"turns":4.0},{"damage":0.0,"enemies":"3 Cultists","floor":22.0,"turns":5.0},{"damage":0.0,"enemies":"Snecko","floor":28.0,"turns":4.0},{"damage":1.0,"enemies":"Snake Plant","floor":29.0,"turns":3.0},{"damage":0.0,"enemies":"Sentry and Sphere","floor":30.0,"turns":3.0},{"damage":0.0,"enemies":"Centurion and Healer","floor":31.0,"turns":4.0},{"damage":6.0,"enemies":"Automaton","floor":33.0,"turns":8.0},{"damage":45.0,"enemies":"3 Darklings","floor":35.0,"turns":3.0},{"damage":1.0,"enemies":"Orb Walker","floor":36.0,"turns":2.0},{"damage":0.0,"enemies":"Transient","floor":37.0,"turns":5.0},{"damage":0.0,"enemies":"Giant Head","floor":40.0,"turns":6.0},{"damage":0.0,"enemies":"Nemesis","floor":42.0,"turns":5.0},{"damage":0.0,"enemies":"Giant Head","floor":44.0,"turns":6.0},{"damage":0.0,"enemies":"Reptomancer","floor":46.0,"turns":3.0},{"damage":79,"enemies":"Time Eater","floor":50,"turns":11}],"seed_played":"7236473866135014427","potions_obtained":[{"floor":1.0,"key":"Weak Potion"},{"floor":3.0,"key":"Explosive Potion"},{"floor":11.0,"key":"Swift Potion"},{"floor":14.0,"key":"CultistPotion"},{"floor":20.0,"key":"Block Potion"},{"floor":29.0,"key":"BlessingOfTheForge"},{"floor":30.0,"key":"Regen Potion"},{"floor":31.0,"key":"Strength Potion"},{"floor":35.0,"key":"Ambrosia"},{"floor":37.0,"key":"Fire Potion"},{"floor":46.0,"key":"Energy Potion"}],"is_trial":false,"path_per_floor":["M","M","M","?","?","R","$","E","T","R","E","M","?","M","R","B",null,"M","$","M","M","M","R","?","R","T","R","M","M","M","M","R","B",null,"M","M","M","$","?","E","R","E","T","E","R","E","R","$","R","B"],"character_chosen":"WATCHER","items_purchased":["FollowUp","WheelKick","BottledMiracle","Yang"],"campfire_rested":1,"item_purchase_floors":[7,19,19,48],"current_hp_per_floor":[65,65,56,49,42,42,42,32,32,32,1,1,1,3,25,24,62,45,45,45,45,45,45,45,45,45,54,56,57,57,57,69,63,74,35,34,36,36,72,72,72,72,72,72,72,72,72,72,72,0,0],"gold":44,"neow_bonus":"REMOVE_CARD","is_daily":false,"chose_seed":false,"campfire_upgraded":9,"win_rate":0.0,"timestamp":1612015307,"path_taken":["M","M","M","?","?","R","$","E","T","R","E","M","?","M","R","BOSS","M","$","M","M","M","R","?","R","T","R","M","M","M","M","R","BOSS","M","M","M","$","?","E","R","E","T","E","R","E","R","$","R","BOSS"],"items_purchased_type":["Card","Card","Potion","Relic"],"build_version":"2020-12-22","purchased_purges":3,"victory":false,"max_hp_per_floor":[72,72,72,72,72,72,72,72,72,72,72,72,72,74,74,74,74,74,74,74,74,74,74,74,74,74,74,76,78,78,78,78,78,78,80,80,82,82,72,72,72,72,72,72,72,72,72,72,72,72,72],"card_choices":[{"not_picked":["Weave","JustLucky","Prostrate"],"picked":"SKIP","floor":1.0},{"not_picked":["PathToVictory","CrushJoints"],"picked":"InnerPeace","floor":2.0},{"not_picked":["BowlingBash","ClearTheMind"],"picked":"MentalFortress","floor":3.0},{"not_picked":["CutThroughFate","FollowUp"],"picked":"DeceiveReality","floor":8.0},{"not_picked":["CutThroughFate","SashWhip"],"picked":"FlurryOfBlows","floor":11.0},{"not_picked":["Prostrate","BowlingBash"],"picked":"FlurryOfBlows","floor":12.0},{"not_picked":["Nirvana","FlyingSleeves","Halt"],"picked":"Singing Bowl","floor":14.0},{"not_picked":["Judgement","DevaForm"],"picked":"Devotion","floor":16.0},{"not_picked":["Evaluate","EmptyBody"],"picked":"EmptyFist","floor":18.0},{"not_picked":["Weave","CutThroughFate"],"picked":"Vengeance","floor":20.0},{"not_picked":["ClearTheMind","Crescendo+1"],"picked":"EmptyBody+1","floor":21.0},{"not_picked":["Wallop+1","ClearTheMind"],"picked":"Adaptation+1","floor":22.0},{"not_picked":["SashWhip","Perseverance","WheelKick"],"picked":"Singing Bowl","floor":28.0},{"not_picked":["FlurryOfBlows","EmptyBody","CutThroughFate"],"picked":"Singing Bowl","floor":29.0},{"not_picked":["FearNoEvil+1","Evaluate"],"picked":"Prostrate+1","floor":30.0},{"not_picked":["Protect","BowlingBash+1"],"picked":"Adaptation+1","floor":31.0},{"not_picked":["DevaForm","SpiritShield"],"picked":"Omniscience","floor":33.0},{"not_picked":["Conclude+1","WreathOfFlame","FlurryOfBlows"],"picked":"Singing Bowl","floor":35.0},{"not_picked":["WreathOfFlame+1","WheelKick"],"picked":"TalkToTheHand","floor":36.0},{"not_picked":["DeceiveReality+1","FlyingSleeves+1","FollowUp"],"picked":"Singing Bowl","floor":37.0},{"not_picked":["JustLucky+1","Adaptation+1"],"picked":"WaveOfTheHand","floor":40.0},{"not_picked":["SashWhip","Swivel"],"picked":"Consecrate+1","floor":42.0},{"not_picked":["EmptyBody","FearNoEvil"],"picked":"Indignation","floor":44.0},{"not_picked":["Halt","Wish"],"picked":"MentalFortress","floor":46.0}],"player_experience":519008,"relics_obtained":[{"floor":8.0,"key":"Omamori"},{"floor":9.0,"key":"Happy Flower"},{"floor":11.0,"key":"Singing Bowl"},{"floor":26.0,"key":"Eternal Feather"},{"floor":40.0,"key":"Matryoshka"},{"floor":42.0,"key":"Pen Nib"},{"floor":43.0,"key":"TeardropLocket"},{"floor":44.0,"key":"Mummified Hand"},{"floor":46.0,"key":"Peace Pipe"}],"event_choices":[{"damage_healed":0.0,"max_hp_gain":0.0,"max_hp_loss":0.0,"gold_gain":0.0,"event_name":"Scrap Ooze","player_choice":"Success","floor":4.0,"gold_loss":0.0,"damage_taken":7.0,"relics_obtained":["Anchor"]},{"cards_removed":["Defend_P"],"damage_healed":0.0,"max_hp_gain":0.0,"max_hp_loss":0.0,"gold_gain":0.0,"event_name":"Golden Wing","player_choice":"Card Removal","floor":5.0,"gold_loss":0.0,"damage_taken":7.0},{"damage_healed":0.0,"max_hp_gain":0.0,"max_hp_loss":0.0,"gold_gain":0.0,"event_name":"World of Goop","player_choice":"Left Gold","floor":13.0,"gold_loss":50.0,"damage_taken":0.0},{"damage_healed":72.0,"max_hp_gain":0.0,"max_hp_loss":10.0,"gold_gain":0.0,"event_name":"The Moai Head","player_choice":"Heal","floor":39.0,"gold_loss":0.0,"damage_taken":0.0}],"is_beta":false,"boss_relics":[{"not_picked":["SlaversCollar","Tiny House"],"picked":"Coffee Dripper"},{"not_picked":["Velvet Choker","Astrolabe"],"picked":"Empty Cage"}],"items_purged_floors":[7,19,38],"is_endless":false,"potions_floor_spawned":[1,3,11,14,20,29,30,31,35,37,46],"killed_by":"Time Eater","ascension_level":6}}