{"host":"31s8hzukbhz1k6i6","time":1612050165,"event":{"mods":["AchievementEnabler","BaseMod","Bestiary","Colored Map","Filter the Spire","Minty Spire (QoL Compilation)","Relic Stats","ojb\u0027s Info Mod"],"gold_per_floor":[112,112,387,408,112,156,156,196,196,196,196,234,257,257,257,353,353,373,393,406,406,49,49,63,97,97,97,133,78,78,78,78,168,168,184,184,205,205,41,41,74,90,90,115,135,158,177,220,220,220,220,220,220,9,47,47,47],"floor_reached":56,"language":"ENG","playtime":5080,"items_purged":["Regret","Strike_G"],"score":2076,"play_id":"24ac52c2-ca6c-4525-b777-f20d43483b3f","local_time":"20210130154245","is_ascension_mode":true,"campfire_choices":[{"data":"Bouncing Flask","floor":7.0,"key":"SMITH"},{"data":"Deadly Poison","floor":11.0,"key":"SMITH"},{"data":"Tools of the Trade","floor":15.0,"key":"SMITH"},{"data":"Catalyst","floor":23.0,"key":"SMITH"},{"floor":27.0,"key":"REST"},{"floor":30.0,"key":"REST"},{"data":"Neutralize","floor":32.0,"key":"SMITH"},{"data":"Footwork","floor":40.0,"key":"SMITH"},{"floor":49.0,"key":"RECALL"},{"floor":53.0,"key":"REST"}],"circlet_count":0,"master_deck":["AscendersBane","Strike_G+1","Strike_G+1","Strike_G+1","Defend_G+1","Defend_G+1","Defend_G+1","Defend_G+1","Defend_G+1","Survivor","Neutralize+1","Deadly Poison+1","Bouncing Flask+1","Poisoned Stab","Dagger Spray","Die Die Die","Tools of the Trade+1","Die Die Die","Catalyst+1","Finesse","Caltrops+1","Tactician+1","Backflip+1","Bullet Time+1","Footwork+1","Crippling Poison+1","Corpse Explosion+1","Backflip+1","Tactician+1","Deflect+1","PiercingWail+1","Catalyst+1","Secret Technique+1","Catalyst+1"],"relics":["Ring of the Snake","NeowsBlessing","Golden Idol","ClockworkSouvenir","Whetstone","Omamori","WarpedTongs","Akabeko","Runic Pyramid","Nunchaku","Lantern","Toxic Egg 2","Bottled Lightning","Mercury Hourglass","Cursed Key","Bag of Preparation","Orrery","Pantograph","Dream Catcher","TungstenRod"],"acts_visited":["Exordium","TheCity","TheBeyond","TheEnding"],"potions_floor_usage":[56],"damage_taken":[{"damage":0.0,"enemies":"Jaw Worm","floor":1.0,"turns":1.0},{"damage":0.0,"enemies":"2 Louse","floor":4.0,"turns":1.0},{"damage":0.0,"enemies":"Lagavulin","floor":6.0,"turns":1.0},{"damage":21.0,"enemies":"3 Sentries","floor":8.0,"turns":10.0},{"damage":12.0,"enemies":"Lagavulin","floor":12.0,"turns":7.0},{"damage":0.0,"enemies":"Cultist","floor":13.0,"turns":3.0},{"damage":2.0,"enemies":"The Guardian","floor":16.0,"turns":9.0},{"damage":3.0,"enemies":"3 Byrds","floor":18.0,"turns":4.0},{"damage":11.0,"enemies":"2 Thieves","floor":19.0,"turns":2.0},{"damage":0.0,"enemies":"Snecko","floor":20.0,"turns":4.0},{"damage":9.0,"enemies":"Snake Plant","floor":24.0,"turns":3.0},{"damage":12.0,"enemies":"Gremlin Leader","floor":25.0,"turns":5.0},{"damage":21.0,"enemies":"Slavers","floor":28.0,"turns":3.0},{"damage":9.0,"enemies":"Collector","floor":33.0,"turns":5.0},{"damage":0.0,"enemies":"Orb Walker","floor":35.0,"turns":2.0},{"damage":9.0,"enemies":"3 Shapes","floor":37.0,"turns":2.0},{"damage":4.0,"enemies":"Nemesis","floor":41.0,"turns":5.0},{"damage":0.0,"enemies":"3 Darklings","floor":42.0,"turns":3.0},{"damage":0.0,"enemies":"Jaw Worm Horde","floor":44.0,"turns":2.0},{"damage":4.0,"enemies":"Transient","floor":45.0,"turns":6.0},{"damage":0.0,"enemies":"3 Darklings","floor":46.0,"turns":3.0},{"damage":1.0,"enemies":"Writhing Mass","floor":47.0,"turns":4.0},{"damage":0.0,"enemies":"Giant Head","floor":48.0,"turns":6.0},{"damage":4.0,"enemies":"Awakened One","floor":50.0,"turns":12.0},{"damage":28.0,"enemies":"Time Eater","floor":51.0,"turns":5.0},{"damage":21.0,"enemies":"Shield and Spear","floor":55.0,"turns":7.0},{"damage":60,"enemies":"The Heart","floor":56,"turns":5}],"seed_played":"-7982508286866984870","potions_obtained":[{"floor":6.0,"key":"Strength Potion"},{"floor":13.0,"key":"CultistPotion"},{"floor":24.0,"key":"EntropicBrew"},{"floor":25.0,"key":"FearPotion"},{"floor":33.0,"key":"SpeedPotion"},{"floor":37.0,"key":"DistilledChaos"}],"is_trial":false,"path_per_floor":["M","?","?","M","$","E","R","E","T","?","R","E","M","?","R","B",null,"M","M","M","?","$","R","M","E","T","R","E","$","R","?","R","B",null,"M","?","M","?","$","R","E","M","T","M","M","M","M","E","R","B","B",null,"R","$","E","B"],"character_chosen":"THE_SILENT","items_purchased":["ClockworkSouvenir","Fire Potion","Lantern","Finesse","Backflip+1","Orrery","Secret Technique+1"],"campfire_rested":3,"item_purchase_floors":[5,5,22,22,29,39,54],"current_hp_per_floor":[59,59,59,59,59,59,59,38,38,38,38,26,26,26,26,24,51,48,37,37,37,37,37,28,16,16,34,13,13,31,31,31,22,51,51,51,42,42,42,42,38,38,38,38,34,34,33,33,33,54,32,53,60,60,39,0,0],"gold":47,"neow_bonus":"THREE_ENEMY_KILL","is_daily":false,"chose_seed":false,"campfire_upgraded":6,"win_rate":0.0,"timestamp":1612050165,"path_taken":["M","?","?","?","?","E","R","E","T","?","R","E","?","?","R","BOSS","M","?","M","?","$","R","M","E","T","R","E","$","R","?","R","BOSS","M","?","?","?","?","R","E","M","T","M","M","?","M","E","R","BOSS","BOSS","R","$","E","BOSS"],"items_purchased_type":["Relic","Potion","Relic","Card","Card","Relic","Card"],"build_version":"2020-12-22","purchased_purges":2,"victory":false,"max_hp_per_floor":[66,60,60,60,60,60,60,60,60,60,60,60,60,60,60,60,60,60,60,60,60,60,60,60,60,60,60,60,60,60,60,60,60,60,60,60,60,60,60,60,60,60,60,60,60,60,60,60,60,60,60,60,60,60,60,60,60],"relic_stats":{"counters":[27,120],"Golden Idol":187,"Bag of Preparation":[22],"Whetstone":["Strike_G","Strike_G"],"Cursed Key":0,"WarpedTongs":[86],"Mercury Hourglass":[239],"Nunchaku":[10],"Dream Catcher":1,"Pantograph":52,"obtain_stats":[{"Lantern":22,"NeowsBlessing":0,"Golden Idol":2,"Omamori":8,"Bag of Preparation":38,"Whetstone":6,"Cursed Key":34,"Akabeko":12,"ClockworkSouvenir":5,"WarpedTongs":10,"Mercury Hourglass":28,"Nunchaku":21,"Dream Catcher":48,"Pantograph":41,"Orrery":39,"Bottled Lightning":26,"Toxic Egg 2":25,"TungstenRod":55,"Ring of the Snake":0,"Runic Pyramid":17},{"Lantern":10,"NeowsBlessing":0,"Golden Idol":1,"Omamori":4,"Bag of Preparation":16,"Whetstone":3,"Cursed Key":14,"Akabeko":5,"ClockworkSouvenir":2,"WarpedTongs":4,"Mercury Hourglass":13,"Nunchaku":10,"Dream Catcher":23,"Pantograph":17,"Orrery":16,"Bottled Lightning":12,"Toxic Egg 2":12,"TungstenRod":26,"Ring of the Snake":0,"Runic Pyramid":7},{"Lantern":42,"NeowsBlessing":0,"Golden Idol":1,"Omamori":13,"Bag of Preparation":62,"Whetstone":3,"Cursed Key":58,"Akabeko":20,"ClockworkSouvenir":2,"WarpedTongs":13,"Mercury Hourglass":53,"Nunchaku":42,"Dream Catcher":91,"Pantograph":67,"Orrery":62,"Bottled Lightning":50,"Toxic Egg 2":50,"TungstenRod":115,"Ring of the Snake":0,"Runic Pyramid":32}],"TungstenRod":18,"Ring of the Snake":[54]},"card_choices":[{"not_picked":["Blur","PiercingWail"],"picked":"Deadly Poison","floor":1.0},{"not_picked":["Blade Dance","Dodge and Roll"],"picked":"Bouncing Flask","floor":4.0},{"not_picked":["Dagger Throw","Quick Slash"],"picked":"Poisoned Stab","floor":6.0},{"not_picked":["Riddle With Holes","Skewer"],"picked":"Dagger Spray","floor":8.0},{"not_picked":["PiercingWail","Endless Agony"],"picked":"Die Die Die","floor":12.0},{"not_picked":["Acrobatics","Poisoned Stab"],"picked":"Tools of the Trade","floor":13.0},{"not_picked":["A Thousand Cuts","Envenom"],"picked":"Die Die Die","floor":16.0},{"not_picked":["Noxious Fumes+1","Finisher"],"picked":"Catalyst","floor":18.0},{"not_picked":["Noxious Fumes","Acrobatics","Cloak And Dagger"],"picked":"SKIP","floor":19.0},{"not_picked":["Poisoned Stab","Deadly Poison","All Out Attack"],"picked":"SKIP","floor":20.0},{"not_picked":["Bane","A Thousand Cuts"],"picked":"Caltrops+1","floor":24.0},{"not_picked":["Acrobatics+1","Bouncing Flask+1","Quick Slash"],"picked":"SKIP","floor":25.0},{"not_picked":["Backflip+1","Backstab"],"picked":"Tactician+1","floor":28.0},{"not_picked":["Phantasmal Killer+1","Doppelganger+1"],"picked":"Bullet Time+1","floor":33.0},{"not_picked":["Slice","Terror+1"],"picked":"Footwork","floor":35.0},{"not_picked":["Acrobatics+1","Caltrops","Bane"],"picked":"SKIP","floor":37.0},{"not_picked":["Heel Hook+1","Outmaneuver+1"],"picked":"Corpse Explosion+1","floor":39.0},{"not_picked":["Caltrops","Quick Slash"],"picked":"Backflip+1","floor":39.0},{"not_picked":["Finisher","All Out Attack"],"picked":"Tactician+1","floor":41.0},{"not_picked":["Caltrops","Underhanded Strike","Riddle With Holes"],"picked":"SKIP","floor":42.0},{"not_picked":["Poisoned Stab","Dash","Noxious Fumes"],"picked":"SKIP","floor":44.0},{"not_picked":["Bane","Unload"],"picked":"Deflect+1","floor":45.0},{"not_picked":["Reflex+1","Backflip+1","Dash"],"picked":"SKIP","floor":46.0},{"not_picked":["Dagger Throw","Poisoned Stab"],"picked":"PiercingWail+1","floor":47.0},{"not_picked":["Deadly Poison+1","Outmaneuver+1"],"picked":"Catalyst+1","floor":48.0},{"not_picked":["Quick Slash+1","Well Laid Plans"],"picked":"Catalyst+1","floor":55.0}],"player_experience":190940,"relics_obtained":[{"floor":6.0,"key":"Whetstone"},{"floor":8.0,"key":"Omamori"},{"floor":12.0,"key":"Akabeko"},{"floor":25.0,"key":"Toxic Egg 2"},{"floor":26.0,"key":"Bottled Lightning"},{"floor":28.0,"key":"Mercury Hourglass"},{"floor":38.0,"key":"Bag of Preparation"},{"floor":41.0,"key":"Pantograph"},{"floor":48.0,"key":"Dream Catcher"},{"floor":55.0,"key":"TungstenRod"}],"event_choices":[{"damage_healed":0.0,"max_hp_gain":0.0,"max_hp_loss":6.0,"gold_gain":0.0,"event_name":"Golden Idol","player_choice":"Lose Max HP","floor":2.0,"gold_loss":0.0,"damage_taken":0.0,"relics_obtained":["Golden Idol"]},{"damage_healed":0.0,"max_hp_gain":0.0,"max_hp_loss":0.0,"gold_gain":275.0,"event_name":"Golden Shrine","player_choice":"Desecrate","floor":3.0,"gold_loss":0.0,"damage_taken":0.0,"cards_obtained":["Regret"]},{"damage_healed":0.0,"max_hp_gain":0.0,"max_hp_loss":0.0,"gold_gain":0.0,"event_name":"Accursed Blacksmith","player_choice":"Rummage","floor":10.0,"gold_loss":0.0,"damage_taken":0.0,"relics_obtained":["WarpedTongs"],"cards_obtained":["Pain"]},{"cards_removed":["Strike_G"],"damage_healed":0.0,"max_hp_gain":0.0,"max_hp_loss":0.0,"gold_gain":0.0,"event_name":"Bonfire Elementals","player_choice":"Offered Basic","floor":14.0,"gold_loss":0.0,"damage_taken":0.0},{"damage_healed":0.0,"max_hp_gain":0.0,"max_hp_loss":0.0,"gold_gain":0.0,"event_name":"The Mausoleum","player_choice":"Opened","floor":21.0,"gold_loss":0.0,"damage_taken":0.0,"relics_obtained":["Nunchaku"],"cards_obtained":["Writhe"]},{"damage_healed":0.0,"max_hp_gain":0.0,"max_hp_loss":0.0,"gold_gain":0.0,"event_name":"Back to Basics","player_choice":"Simplicity","floor":31.0,"gold_loss":0.0,"damage_taken":0.0,"cards_upgraded":["Strike_G","Defend_G","Defend_G","Defend_G","Defend_G","Defend_G"]},{"damage_healed":0.0,"max_hp_gain":0.0,"max_hp_loss":0.0,"gold_gain":0.0,"event_name":"Match and Keep!","player_choice":"1 cards matched","floor":36.0,"gold_loss":0.0,"damage_taken":0.0,"cards_obtained":["Crippling Poison"]},{"damage_healed":0.0,"max_hp_gain":0.0,"max_hp_loss":0.0,"gold_gain":0.0,"event_name":"Wheel of Change","player_choice":"Relic","floor":38.0,"gold_loss":0.0,"damage_taken":0.0}],"is_beta":false,"boss_relics":[{"not_picked":["Coffee Dripper","WristBlade"],"picked":"Runic Pyramid"},{"not_picked":["Tiny House","SacredBark"],"picked":"Cursed Key"}],"items_purged_floors":[5,22],"is_endless":false,"potions_floor_spawned":[6,13,16,18,20,24,25,33,37,41,45,47],"killed_by":"The Heart","ascension_level":20}}