{"host":"guzbs4v8630hpsy6","time":1612028700,"event":{"mods":["2.2 Compatiblity","AchievementEnabler","BaseMod","Block Reminder","DeckTracker","Highlight Path","Minty Spire (QoL Compilation)","Relic Stats","SuperFastMode"],"gold_per_floor":[109,128,147,147,147,180,180,196,196,196,6,6,50,77,77,77,77,95,138,157,175,175,175,213,213,213,267,267,308,308,348,348,348,348],"floor_reached":33,"language":"ENG","playtime":2358,"items_purged":["Strike_B"],"score":567,"play_id":"0af61a64-9729-4038-b2a1-21844ee38115","local_time":"20210131014500","is_ascension_mode":true,"campfire_choices":[{"data":"Sweeping Beam","floor":7.0,"key":"SMITH"},{"floor":12.0,"key":"REST"},{"floor":15.0,"key":"REST"},{"floor":23,"key":"REST"},{"floor":28,"key":"REST"},{"floor":30,"key":"REST"},{"data":"Go for the Eyes","floor":32,"key":"SMITH"}],"circlet_count":0,"master_deck":["AscendersBane","Defend_B","Defend_B","Defend_B","Defend_B","Zap","Dualcast","Compile Driver","Ball Lightning","Cold Snap","Sweeping Beam+1","FTL","Go for the Eyes+1","Hologram","Conserve Battery","Barrage+1","Bite","Bite","Bite","Bite","Bite","Coolheaded","Doom and Gloom"],"relics":["Cracked Core","Tiny Chest","Golden Idol","Boot","Bronze Scales","Orichalcum","PreservedInsect","Inserter","Red Mask","Prayer Wheel","Peace Pipe","Question Card","Pen Nib","Oddly Smooth Stone","Centennial Puzzle"],"acts_visited":["Exordium","TheCity"],"potions_floor_usage":[18,29,31],"damage_taken":[{"damage":11.0,"enemies":"Jaw Worm","floor":1.0,"turns":4.0},{"damage":1.0,"enemies":"2 Louse","floor":2.0,"turns":2.0},{"damage":5.0,"enemies":"Small Slimes","floor":3.0,"turns":3.0},{"damage":14.0,"enemies":"3 Sentries","floor":6.0,"turns":6.0},{"damage":13.0,"enemies":"Exordium Thugs","floor":8.0,"turns":4.0},{"damage":0.0,"enemies":"Gremlin Nob","floor":10.0,"turns":1.0},{"damage":23.0,"enemies":"Lagavulin","floor":13.0,"turns":5.0},{"damage":8.0,"enemies":"Hexaghost","floor":16.0,"turns":8.0},{"damage":0,"enemies":"Spheric Guardian","floor":18,"turns":3},{"damage":18,"enemies":"Masked Bandits","floor":19,"turns":3},{"damage":2,"enemies":"Chosen","floor":20,"turns":5},{"damage":11,"enemies":"Centurion and Healer","floor":21,"turns":6},{"damage":24,"enemies":"Gremlin Leader","floor":24,"turns":5},{"damage":28,"enemies":"Book of Stabbing","floor":29,"turns":4},{"damage":7,"enemies":"Gremlin Leader","floor":31,"turns":6},{"damage":40,"enemies":"Automaton","floor":33,"turns":4}],"seed_played":"-3801772106350550191","potions_obtained":[{"floor":1.0,"key":"Ancient Potion"},{"floor":3.0,"key":"Fire Potion"},{"floor":6.0,"key":"SmokeBomb"},{"floor":13.0,"key":"Explosive Potion"},{"floor":21,"key":"SteroidPotion"},{"floor":31,"key":"Weak Potion"}],"is_trial":false,"path_per_floor":["M","M","M","?","?","E","R","M","T","E","$","R","E","T","R","B",null,"M","?","M","M","T","R","E","?","T","T","R","E","R","E","R","B"],"character_chosen":"DEFECT","items_purchased":["FTL","DuplicationPotion"],"campfire_rested":5,"item_purchase_floors":[11,11],"current_hp_per_floor":[53,52,47,47,40,26,26,13,13,13,13,32,9,9,28,20,55,55,37,35,24,24,43,19,19,19,19,32,14,27,30,30,0,0],"gold":348,"neow_bonus":"RANDOM_COMMON_RELIC","is_daily":false,"chose_seed":false,"campfire_upgraded":2,"win_rate":0.0,"timestamp":1612028700,"path_taken":["M","M","M","?","?","E","R","M","T","E","?","R","E","?","R","BOSS","M","?","M","M","?","R","E","?","T","?","R","E","R","E","R","BOSS"],"items_purchased_type":["Card","Potion"],"build_version":"2020-12-22","purchased_purges":1,"victory":false,"max_hp_per_floor":[71,71,71,66,66,66,66,66,66,66,66,66,66,66,66,66,66,66,66,66,66,66,66,66,46,46,46,46,46,46,46,46,46,46],"relic_stats":{"Inserter":[18],"counters":[16,69],"Golden Idol":89,"PreservedInsect":141,"Pen Nib":[3],"Orichalcum":[174],"Boot":[47],"Question Card":2,"Peace Pipe":0,"Centennial Puzzle":[3],"Bronze Scales":[136],"Tiny Chest":2,"Prayer Wheel":0,"obtain_stats":[{"Inserter":17,"Golden Idol":4,"Oddly Smooth Stone":29,"PreservedInsect":14,"Pen Nib":27,"Orichalcum":13,"Boot":6,"Question Card":26,"Peace Pipe":24,"Centennial Puzzle":31,"Bronze Scales":9,"Tiny Chest":0,"Prayer Wheel":22,"Red Mask":19,"Cracked Core":0},{"Inserter":8,"Golden Idol":3,"Oddly Smooth Stone":14,"PreservedInsect":7,"Pen Nib":13,"Orichalcum":7,"Boot":4,"Question Card":13,"Peace Pipe":13,"Centennial Puzzle":15,"Bronze Scales":5,"Tiny Chest":0,"Prayer Wheel":12,"Red Mask":10,"Cracked Core":0},{"Inserter":33,"Golden Idol":9,"Oddly Smooth Stone":59,"PreservedInsect":25,"Pen Nib":55,"Orichalcum":25,"Boot":15,"Question Card":55,"Peace Pipe":55,"Centennial Puzzle":65,"Bronze Scales":19,"Tiny Chest":0,"Prayer Wheel":50,"Red Mask":39,"Cracked Core":0}]},"card_choices":[{"not_picked":["Fusion","Chaos"],"picked":"Compile Driver","floor":1.0},{"not_picked":["Stack","Aggregate"],"picked":"Ball Lightning","floor":2.0},{"not_picked":["Beam Cell","Steam"],"picked":"Cold Snap","floor":3.0},{"not_picked":["Streamline","Leap"],"picked":"Sweeping Beam","floor":6.0},{"not_picked":["Redo","Rebound","Gash"],"picked":"SKIP","floor":8.0},{"not_picked":["Meteor Strike","Heatsinks"],"picked":"Go for the Eyes","floor":13.0},{"not_picked":["Aggregate","Stack","Rip and Tear"],"picked":"SKIP","floor":18},{"not_picked":["Blizzard","Rebound"],"picked":"Hologram","floor":19},{"not_picked":["Leap","Lockon"],"picked":"Conserve Battery","floor":20},{"not_picked":["Rip and Tear","Reprogram","Rebound+1"],"picked":"SKIP","floor":21},{"not_picked":["Skim+1","Go for the Eyes+1"],"picked":"Barrage+1","floor":24},{"not_picked":["Gash","Barrage","Stack"],"picked":"Coolheaded","floor":29},{"not_picked":["Hologram","FTL","Gash"],"picked":"Doom and Gloom","floor":31}],"player_experience":557562,"relics_obtained":[{"floor":6.0,"key":"Boot"},{"floor":9.0,"key":"Bronze Scales"},{"floor":13.0,"key":"Orichalcum"},{"floor":14.0,"key":"PreservedInsect"},{"floor":19,"key":"Red Mask"},{"floor":22,"key":"Prayer Wheel"},{"floor":24,"key":"Peace Pipe"},{"floor":26,"key":"Question Card"},{"floor":27,"key":"Pen Nib"},{"floor":29,"key":"Oddly Smooth Stone"},{"floor":31,"key":"Centennial Puzzle"}],"event_choices":[{"damage_healed":0.0,"max_hp_gain":0.0,"max_hp_loss":5.0,"gold_gain":0.0,"event_name":"Golden Idol","player_choice":"Lose Max HP","floor":4.0,"gold_loss":0.0,"damage_taken":0.0,"relics_obtained":["Golden Idol"]},{"cards_removed":["Strike_B"],"damage_healed":0.0,"max_hp_gain":0.0,"max_hp_loss":0.0,"gold_gain":0.0,"event_name":"Golden Wing","player_choice":"Card Removal","floor":5.0,"gold_loss":0.0,"damage_taken":7.0},{"damage_healed":0,"gold_gain":0,"player_choice":"Fought Bandits","damage_taken":0,"max_hp_gain":0,"max_hp_loss":0,"event_name":"Masked Bandits","floor":19,"gold_loss":0},{"damage_healed":0,"gold_gain":0,"player_choice":"Became a vampire","damage_taken":0,"max_hp_gain":0,"max_hp_loss":20,"event_name":"Vampires","floor":25,"gold_loss":0,"cards_obtained":["Bite","Bite","Bite","Bite","Bite"]}],"is_beta":false,"boss_relics":[{"not_picked":["Philosopher\u0027s Stone","Fusion Hammer"],"picked":"Inserter"}],"items_purged_floors":[11],"is_endless":false,"potions_floor_spawned":[1,3,6,13,21,31],"killed_by":"Automaton","ascension_level":14}}