{"host":"ev1lr8i7g3zmocd6","time":1612027391,"event":{"mods":["AchievementEnabler","BaseMod","Better Note","BetterRewards","Minty Spire (QoL Compilation)","Permanent Neow","Quick Restart","Relic Stats","StSLib","SuperFastMode"],"gold_per_floor":[110,123,123,136,136,136,164,164,191,191,191],"floor_reached":10,"language":"KOR","playtime":243,"items_purged":[],"score":69,"play_id":"4e6abe2f-6880-4912-96eb-c34431fe3d53","local_time":"20210131022311","is_ascension_mode":true,"campfire_choices":[{"data":"Bash","floor":6,"key":"SMITH"},{"data":"Corruption","floor":8,"key":"SMITH"}],"circlet_count":0,"master_deck":["Strike_R","Strike_R","Strike_R","Strike_R","Strike_R","Defend_R","Defend_R","Defend_R","Defend_R","Bash+1","Clothesline","Second Wind","Corruption+1"],"relics":["Burning Blood","Mummified Hand","Akabeko","Thread and Needle","Ancient Tea Set"],"acts_visited":["Exordium"],"potions_floor_usage":[],"damage_taken":[{"damage":11,"enemies":"2 Louse","floor":1,"turns":3},{"damage":6,"enemies":"Jaw Worm","floor":2,"turns":3},{"damage":5,"enemies":"Small Slimes","floor":4,"turns":3},{"damage":40,"enemies":"Lagavulin","floor":7,"turns":7},{"damage":4,"enemies":"3 Sentries","floor":10,"turns":4}],"seed_played":"8232442612898120334","potions_obtained":[{"floor":4,"key":"Dexterity Potion"},{"floor":7,"key":"Fire Potion"}],"is_trial":false,"path_per_floor":["M","M","?","M","?","R","E","R","T","E"],"character_chosen":"IRONCLAD","items_purchased":["Mummified Hand"],"campfire_rested":0,"item_purchase_floors":[0],"current_hp_per_floor":[53,53,35,36,62,62,28,28,28,24,24],"gold":191,"neow_bonus":"","is_daily":false,"chose_seed":false,"campfire_upgraded":2,"win_rate":0.0,"timestamp":1612027391,"path_taken":["M","M","?","M","?","R","E","R","T","E"],"items_purchased_type":["Relic"],"build_version":"2020-12-22","purchased_purges":0,"victory":false,"max_hp_per_floor":[80,80,80,80,80,80,80,80,80,80,80],"relic_stats":{"counters":[24,100],"Mummified Hand":[1],"obtain_stats":[{"Happy Flower":23,"Astrolabe":17,"Oddly Smooth Stone":31,"Thread and Needle":7,"Orichalcum":13,"MawBank":9,"Ancient Tea Set":9,"Burning Blood":0,"White Beast Statue":15,"Akabeko":3,"Blood Vial":0,"Shovel":0,"Sundial":6,"Mummified Hand":0,"MutagenicStrength":19,"WingedGreaves":29,"Mark of Pain":34,"Necronomicon":22,"Kunai":24,"StrikeDummy":0},{"Happy Flower":11,"Astrolabe":8,"Oddly Smooth Stone":14,"Thread and Needle":23,"Orichalcum":7,"MawBank":6,"Ancient Tea Set":23,"Burning Blood":0,"White Beast Statue":7,"Akabeko":21,"Blood Vial":0,"Shovel":0,"Sundial":4,"Mummified Hand":19,"MutagenicStrength":9,"WingedGreaves":14,"Mark of Pain":15,"Necronomicon":10,"Kunai":11,"StrikeDummy":0},{"Happy Flower":44,"Astrolabe":31,"Oddly Smooth Stone":57,"Thread and Needle":96,"Orichalcum":22,"MawBank":18,"Ancient Tea Set":96,"Burning Blood":0,"White Beast Statue":22,"Akabeko":86,"Blood Vial":0,"Shovel":0,"Sundial":12,"Mummified Hand":80,"MutagenicStrength":35,"WingedGreaves":57,"Mark of Pain":67,"Necronomicon":39,"Kunai":44,"StrikeDummy":0}],"Burning Blood":126},"card_choices":[{"not_picked":["Heavy Blade","Dark Embrace"],"picked":"Clothesline","floor":1},{"not_picked":["Iron Wave","Headbutt"],"picked":"Second Wind","floor":2},{"not_picked":["Flex","Armaments","Clothesline"],"picked":"SKIP","floor":4},{"not_picked":["True Grit","Wild Strike"],"picked":"Corruption","floor":7}],"player_experience":140246,"relics_obtained":[{"floor":7,"key":"Thread and Needle"},{"floor":9,"key":"Ancient Tea Set"}],"event_choices":[{"damage_healed":0,"gold_gain":0,"player_choice":"Success","damage_taken":18,"relics_obtained":["Akabeko"],"max_hp_gain":0,"max_hp_loss":0,"event_name":"Scrap Ooze","floor":3,"gold_loss":0},{"damage_healed":26,"gold_gain":0,"player_choice":"Banana","damage_taken":0,"max_hp_gain":0,"max_hp_loss":0,"event_name":"Big Fish","floor":5,"gold_loss":0}],"is_beta":false,"boss_relics":[],"items_purged_floors":[],"is_endless":false,"potions_floor_spawned":[4,7],"killed_by":"3 Sentries","ascension_level":1}}