{"host":"8is2j71l4wmybkoi","time":1612007615,"event":{"mods":["AchievementEnabler","BaseMod","Colored Map","Minty Spire (QoL Compilation)","Rare Cards Sparkle","StSLib","SuperFastMode"],"gold_per_floor":[109,119,132,132,146,176,195,195,222,222,222,245,268,268,268,392,392,417,400,32,45,45,45],"floor_reached":22,"language":"KOR","playtime":767,"items_purged":["Strike_B"],"score":285,"play_id":"218214bd-ef6b-49d1-9aa4-5e1ed5557274","local_time":"20210130205335","is_ascension_mode":true,"campfire_choices":[{"floor":8.0,"key":"REST"},{"data":"Zap","floor":11.0,"key":"SMITH"},{"data":"Hologram","floor":15.0,"key":"SMITH"}],"circlet_count":0,"master_deck":["AscendersBane","Strike_B","Strike_B","Strike_B","Defend_B","Defend_B+1","Defend_B","Defend_B","Zap+1","Dualcast","Compile Driver","Ball Lightning","Leap+1","Barrage","Coolheaded","Sweeping Beam","Genetic Algorithm","Hologram+1","Creative AI","Capacitor","Stack+1"],"relics":["Cracked Core","MealTicket","War Paint","Anchor","Golden Idol","Nuclear Battery","Calipers"],"acts_visited":["Exordium","TheCity"],"potions_floor_usage":[22],"damage_taken":[{"damage":7.0,"enemies":"2 Louse","floor":1.0,"turns":3.0},{"damage":2.0,"enemies":"Jaw Worm","floor":2.0,"turns":3.0},{"damage":0.0,"enemies":"Cultist","floor":3.0,"turns":3.0},{"damage":17.0,"enemies":"Blue Slaver","floor":5.0,"turns":3.0},{"damage":30.0,"enemies":"Lagavulin","floor":6.0,"turns":7.0},{"damage":0.0,"enemies":"3 Louse","floor":7.0,"turns":1.0},{"damage":14.0,"enemies":"Exordium Wildlife","floor":12.0,"turns":5.0},{"damage":0.0,"enemies":"2 Fungi Beasts","floor":13.0,"turns":3.0},{"damage":28.0,"enemies":"The Guardian","floor":16.0,"turns":15.0},{"damage":27.0,"enemies":"Shell Parasite","floor":18.0,"turns":6.0},{"damage":5.0,"enemies":"2 Thieves","floor":19.0,"turns":4.0},{"damage":45.0,"enemies":"Sentry and Sphere","floor":21.0,"turns":8.0},{"damage":14,"enemies":"Snake Plant","floor":22,"turns":3}],"seed_played":"-3991298800175304974","potions_obtained":[{"floor":6.0,"key":"Explosive Potion"},{"floor":7.0,"key":"LiquidBronze"},{"floor":12.0,"key":"Dexterity Potion"},{"floor":13.0,"key":"Weak Potion"},{"floor":16.0,"key":"EssenceOfDarkness"},{"floor":18.0,"key":"Block Potion"}],"is_trial":false,"path_per_floor":["M","M","M","?","M","E","M","R","T","?","R","M","M","?","R","B",null,"M","M","$","M","M"],"character_chosen":"DEFECT","items_purchased":["Calipers"],"campfire_rested":1,"item_purchase_floors":[20],"current_hp_per_floor":[61,59,59,56,39,9,9,31,31,31,31,17,17,79,79,51,72,45,40,55,10,0,0],"gold":45,"neow_bonus":"THREE_CARDS","is_daily":false,"chose_seed":false,"campfire_upgraded":2,"win_rate":0.0,"timestamp":1612007615,"path_taken":["M","M","M","?","M","E","M","R","T","?","R","M","M","?","R","BOSS","M","?","$","M","M"],"items_purchased_type":["Relic"],"build_version":"2020-12-22","purchased_purges":1,"victory":false,"max_hp_per_floor":[75,75,75,75,75,75,75,75,75,69,69,69,69,79,79,79,79,79,79,79,79,79,79],"card_choices":[{"not_picked":["Redo","Force Field"],"picked":"Compile Driver","floor":0.0},{"not_picked":["Barrage","Redo"],"picked":"Ball Lightning","floor":1.0},{"not_picked":["Redo","Loop"],"picked":"Leap","floor":2.0},{"not_picked":["Ball Lightning","Loop"],"picked":"Multi-Cast","floor":3.0},{"not_picked":["White Noise","Redo"],"picked":"Barrage","floor":5.0},{"not_picked":["Reinforced Body","Gash"],"picked":"Coolheaded","floor":6.0},{"not_picked":["Barrage","Beam Cell"],"picked":"Sweeping Beam","floor":7.0},{"not_picked":["Auto Shields","Conserve Battery"],"picked":"Genetic Algorithm","floor":12.0},{"not_picked":["Coolheaded","Compile Driver"],"picked":"Hologram","floor":13.0},{"not_picked":["Seek","Rainbow"],"picked":"Creative AI","floor":16.0},{"not_picked":["Go for the Eyes","Streamline"],"picked":"Capacitor","floor":18.0},{"not_picked":["Steam Power+1","Cold Snap"],"picked":"Stack+1","floor":19.0},{"not_picked":["Rebound","Sweeping Beam","Compile Driver"],"picked":"SKIP","floor":21.0}],"player_experience":849036,"relics_obtained":[{"floor":6.0,"key":"War Paint"},{"floor":9.0,"key":"Anchor"}],"event_choices":[{"damage_healed":0.0,"max_hp_gain":0.0,"max_hp_loss":0.0,"gold_gain":0.0,"event_name":"Scrap Ooze","player_choice":"Success","floor":4.0,"gold_loss":0.0,"damage_taken":3.0,"relics_obtained":["MealTicket"]},{"damage_healed":0.0,"max_hp_gain":0.0,"max_hp_loss":6.0,"gold_gain":0.0,"event_name":"Golden Idol","player_choice":"Lose Max HP","floor":10.0,"gold_loss":0.0,"damage_taken":0.0,"relics_obtained":["Golden Idol"]},{"cards_removed":["Multi-Cast"],"damage_healed":52.0,"max_hp_gain":10.0,"max_hp_loss":0.0,"gold_gain":0.0,"event_name":"Bonfire Elementals","player_choice":"Offered Rare","floor":14.0,"gold_loss":0.0,"damage_taken":0.0}],"is_beta":false,"boss_relics":[{"not_picked":["Tiny House","Runic Pyramid"],"picked":"Nuclear Battery"}],"items_purged_floors":[20],"is_endless":false,"potions_floor_spawned":[6,7,12,13,16,18],"killed_by":"Snake Plant","ascension_level":10}}