{"host":"5f8yr5jxnqok2jdo","time":1612023694,"event":{"mods":["AchievementEnabler","BaseMod","Better Altar","Better Match","Better Note","Better Skull","Better Third Choice","Block Reminder","Colored Map","Colored Powertips","DeckTracker","Displayed Cursed Tome","Filter the Spire","Googly Eyes","Highlight Path","Key Reminder","Minty Spire (QoL Compilation)","Quick Restart","Rare Cards Sparkle","Relic Sorter","Relic Stats","ShortenTheSpire","Spire Arcade","Spire Birthday Party","StSLib","Steal the Spire","SuperFastMode","Uncapped","Unceasing Turn Reminder","everything is the same but u backflip on backflip","slay the spire mod where everything is the same but ironclad has a cowboy hat"],"gold_per_floor":[119,119,119,138,55,88,88,38,38,38,70,89,107,119,119,220,220,235,30,30,64,81,81,81],"floor_reached":23,"language":"ENG","playtime":696,"items_purged":["Strike_R","Defend_R"],"score":336,"play_id":"bc85f030-8048-4297-a194-c5e76dcf53b7","local_time":"20210130172134","is_ascension_mode":true,"campfire_choices":[{"data":"Flame Barrier","floor":7,"key":"SMITH"},{"data":"Clothesline","floor":10,"key":"SMITH"},{"data":"Disarm","floor":15,"key":"SMITH"}],"circlet_count":0,"master_deck":["AscendersBane","Strike_R","Strike_R","Strike_R","Defend_R","Defend_R","Defend_R","Bash+1","Flame Barrier+1","Clothesline+1","Battle Trance","Shrug It Off","Disarm+1","Juggernaut","Pommel Strike+1","Blasphemy+1"],"relics":["Burning Blood","NeowsBlessing","Smiling Mask","keyreminder:keyreminder","Self Forming Clay","Oddly Smooth Stone","Sozu","Sling","Red Mask"],"acts_visited":["Exordium","TheCity"],"potions_floor_usage":[],"damage_taken":[{"damage":0,"enemies":"Jaw Worm","floor":1,"turns":1},{"damage":0,"enemies":"2 Louse","floor":4,"turns":1},{"damage":0,"enemies":"Lagavulin","floor":6,"turns":1},{"damage":23,"enemies":"Gremlin Nob","floor":11,"turns":4},{"damage":0,"enemies":"Cultist","floor":12,"turns":3},{"damage":0,"enemies":"Red Slaver","floor":13,"turns":4},{"damage":3,"enemies":"Lots of Slimes","floor":14,"turns":7},{"damage":17,"enemies":"The Guardian","floor":16,"turns":17},{"damage":10,"enemies":"Spheric Guardian","floor":18,"turns":5},{"damage":32,"enemies":"Masked Bandits","floor":21,"turns":6},{"damage":7,"enemies":"3 Byrds","floor":22,"turns":4},{"damage":30,"enemies":"Slavers","floor":23,"turns":4}],"seed_played":"8415699148243032242","potions_obtained":[{"floor":6,"key":"LiquidBronze"},{"floor":12,"key":"Dexterity Potion"},{"floor":14,"key":"ColorlessPotion"}],"is_trial":false,"path_per_floor":["M","?","?","M","$","E","R","$","T","R","E","M","M","M","R","B",null,"M","$","?","?","M","E"],"character_chosen":"IRONCLAD","items_purchased":["Flame Barrier","Clothesline","Sling"],"campfire_rested":0,"item_purchase_floors":[5,5,19],"current_hp_per_floor":[78,71,71,77,77,80,80,80,80,80,63,69,75,78,78,67,77,73,73,73,47,46,16,16],"gold":81,"neow_bonus":"THREE_ENEMY_KILL","is_daily":false,"chose_seed":false,"campfire_upgraded":3,"win_rate":0.0,"timestamp":1612023694,"path_taken":["M","?","?","?","$","E","R","?","T","R","E","M","M","?","R","BOSS","M","$","?","?","M","E"],"items_purchased_type":["Card","Card","Relic"],"build_version":"2020-12-22","purchased_purges":2,"victory":false,"max_hp_per_floor":[80,80,80,80,80,80,80,80,80,80,80,80,80,80,80,80,80,80,80,80,80,80,80,80],"relic_stats":{"Sozu":1,"counters":[12,57],"Self Forming Clay":[51],"Smiling Mask":75,"obtain_stats":[{"keyreminder:keyreminder":6,"Sozu":17,"NeowsBlessing":0,"Self Forming Clay":9,"Oddly Smooth Stone":11,"Red Mask":21,"Smiling Mask":6,"Sling":19,"Burning Blood":0},{"keyreminder:keyreminder":3,"Sozu":8,"NeowsBlessing":0,"Self Forming Clay":3,"Oddly Smooth Stone":4,"Red Mask":10,"Smiling Mask":3,"Sling":9,"Burning Blood":0},{"keyreminder:keyreminder":3,"Sozu":38,"NeowsBlessing":0,"Self Forming Clay":3,"Oddly Smooth Stone":7,"Red Mask":49,"Smiling Mask":3,"Sling":43,"Burning Blood":0}],"Burning Blood":63},"card_choices":[{"not_picked":["Armaments","Combust","Sword Boomerang"],"picked":"SKIP","floor":1},{"not_picked":["Sword Boomerang","Wild Strike","Warcry"],"picked":"SKIP","floor":4},{"not_picked":["Wild Strike","Barricade"],"picked":"Battle Trance","floor":6},{"not_picked":["Fire Breathing","Iron Wave","Perfected Strike"],"picked":"SKIP","floor":11},{"not_picked":["Inflame","Headbutt"],"picked":"Shrug It Off","floor":12},{"not_picked":["Sever Soul","Clothesline"],"picked":"Disarm","floor":13},{"not_picked":["Anger","Heavy Blade","Thunderclap"],"picked":"SKIP","floor":14},{"not_picked":["Limit Break","Double Tap"],"picked":"Juggernaut","floor":16},{"not_picked":["Armaments+1","Rampage"],"picked":"Pommel Strike+1","floor":18},{"not_picked":["Hemokinesis","Searing Blow+1","Carnage"],"picked":"SKIP","floor":22}],"player_experience":359152,"relics_obtained":[{"floor":6,"key":"Smiling Mask"},{"floor":9,"key":"Self Forming Clay"},{"floor":11,"key":"Oddly Smooth Stone"},{"floor":21,"key":"Red Mask"}],"event_choices":[{"cards_removed":["Strike_R"],"damage_healed":0,"gold_gain":0,"player_choice":"Card Removal","damage_taken":7,"max_hp_gain":0,"max_hp_loss":0,"event_name":"Golden Wing","floor":2,"gold_loss":0},{"damage_healed":0,"gold_gain":0,"player_choice":"Upgraded","damage_taken":0,"max_hp_gain":0,"max_hp_loss":0,"event_name":"Upgrade Shrine","floor":3,"gold_loss":0,"cards_upgraded":["Bash"]},{"cards_removed":["Battle Trance"],"damage_healed":0,"gold_gain":0,"player_choice":"Take \u0026 Give","damage_taken":0,"max_hp_gain":0,"max_hp_loss":0,"event_name":"betterNote:BetterNote","floor":20,"gold_loss":0,"cards_obtained":["Blasphemy"]},{"damage_healed":0,"gold_gain":0,"player_choice":"Fought Bandits","damage_taken":0,"max_hp_gain":0,"max_hp_loss":0,"event_name":"Masked Bandits","floor":21,"gold_loss":0}],"is_beta":false,"boss_relics":[{"not_picked":["SlaversCollar","SacredBark"],"picked":"Sozu"}],"items_purged_floors":[8,19],"is_endless":false,"potions_floor_spawned":[6,12,14,22],"killed_by":"Slavers","ascension_level":10}}