{"host":"xm0tf1maiknh0fp9","time":1612032862,"event":{"mods":["BaseMod","Colored Map","Colored Powertips","Googly Eyes","Minty Spire (QoL Compilation)","Replay The Spire","StSLib"],"gold_per_floor":[109,34,34,51,63,98,98,133,133,133,33,33,33,43,43,146,146,157,157,173,60,72,72,72,72,98,132,144,172,184,111,123,232,244,270,282,294,24,35,67,67,67,67,83,83,100,100,116,116,116,116],"floor_reached":50,"language":"ENG","playtime":1524,"items_purged":["Strike_P","Strike_P","Alpha"],"score":655,"play_id":"9f709a8b-76eb-4a20-b22d-ebef85302361","local_time":"20210130135422","is_ascension_mode":true,"campfire_choices":[{"floor":10.0,"key":"REST"},{"data":"Defend_P","floor":15.0,"key":"PURGE"},{"data":"Adaptation+1","floor":23.0,"key":"PURGE"},{"data":"Eruption","floor":28.0,"key":"PURGE"},{"floor":32.0,"key":"REST"},{"floor":41.0,"key":"REST"},{"floor":45,"key":"REST"},{"data":"Consecrate+1","floor":47,"key":"PURGE"},{"data":"Defend_P","floor":49,"key":"PURGE"}],"circlet_count":0,"master_deck":["Defend_P","Vigilance","Blasphemy+1","WheelKick+1","Halt","Tantrum","Ragnarok","Pray+1","CrushJoints+1","Flash of Steel","Brilliance"],"relics":["PureWater","Peace Pipe","Bird Faced Urn","Lizard Tail","Astrolabe","Turnip","Pantograph","Dream Catcher","MawBank","HornCleat","VioletLotus","Ring of Chaos","ReplayTheSpireMod:Ring of Addiction","White Beast Statue","Chameleon Ring","Divine Protection","Replay:Bottled Eggs"],"acts_visited":["Exordium","TheCity","TheBeyond"],"potions_floor_usage":[44,46,50,50],"damage_taken":[{"damage":16.0,"enemies":"Small Slimes","floor":1.0,"turns":3.0},{"damage":0.0,"enemies":"Cultist","floor":4.0,"turns":2.0},{"damage":12.0,"enemies":"Jaw Worm","floor":5.0,"turns":2.0},{"damage":35.0,"enemies":"Lagavulin","floor":6.0,"turns":4.0},{"damage":9.0,"enemies":"Gremlin Nob","floor":8.0,"turns":3.0},{"damage":0.0,"enemies":"Large Slime","floor":14.0,"turns":3.0},{"damage":0.0,"enemies":"Fading Forest","floor":16.0,"turns":11.0},{"damage":0.0,"enemies":"Spheric Guardian","floor":18.0,"turns":1.0},{"damage":0.0,"enemies":"Shell Parasite","floor":20.0,"turns":1.0},{"damage":15.0,"enemies":"Shelled Parasite and Fungi","floor":22.0,"turns":2.0},{"damage":4.0,"enemies":"Replay:Snechameleon","floor":27.0,"turns":2.0},{"damage":12.0,"enemies":"Chosen and Byrds","floor":29.0,"turns":2.0},{"damage":57.0,"enemies":"Collector","floor":33.0,"turns":6.0},{"damage":42.0,"enemies":"3 Darklings","floor":35.0,"turns":4.0},{"damage":11.0,"enemies":"Orb Walker","floor":39.0,"turns":2.0},{"damage":15.0,"enemies":"Nemesis","floor":40.0,"turns":3.0},{"damage":0,"enemies":"Writhing Mass","floor":44,"turns":3},{"damage":0,"enemies":"Transient","floor":46,"turns":5},{"damage":6,"enemies":"3 Darklings","floor":48,"turns":3},{"damage":100164,"enemies":"Replay:Hell Engine","floor":50,"turns":6}],"seed_played":"-4145437605418271352","potions_obtained":[{"floor":1.0,"key":"ColorlessPotion"},{"floor":5.0,"key":"ColorlessPotion"},{"floor":8.0,"key":"Energy Potion"},{"floor":22.0,"key":"EntropicBrew"},{"floor":29.0,"key":"Explosive Potion"},{"floor":33.0,"key":"Dexterity Potion"},{"floor":35.0,"key":"DuplicationPotion"},{"floor":37.0,"key":"StancePotion"},{"floor":37.0,"key":"Swift Potion"},{"floor":40.0,"key":"Strength Potion"},{"floor":44,"key":"Energy Potion"},{"floor":46,"key":"FairyPotion"}],"is_trial":false,"path_per_floor":["M","$","?","M","M","E","?","E","T","R","$","?","$","M","R_BF","B",null,"M","?","M","?","M","R","T","$","T","E","R","M","?","?","R","B",null,"M","?","?","$","M","E","R","?","T","M","R","M","R","M","R","B"],"character_chosen":"WATCHER","items_purchased":["Brilliance"],"campfire_rested":4,"item_purchase_floors":[38],"current_hp_per_floor":[56,56,56,56,44,9,33,24,24,45,45,45,45,45,45,53,72,72,72,72,72,57,57,57,57,57,53,53,41,28,28,51,19,77,35,35,35,35,24,9,32,32,32,32,55,55,55,49,49,0,0],"gold":116,"neow_bonus":"ONE_RANDOM_RARE_CARD","is_daily":false,"chose_seed":false,"campfire_upgraded":0,"win_rate":0.0,"timestamp":1612032862,"path_taken":["M","$","?","?","M","E","?","E","T","R","$","?","$","?","R_BF","BOSS","M","?","M","?","?","R","?","$","T","E","R","M","?","?","R","BOSS","M","?","?","$","M","E","R","?","T","M","R","M","R","M","R","BOSS"],"items_purchased_type":["Card"],"build_version":"2020-12-22","purchased_purges":3,"victory":false,"max_hp_per_floor":[72,72,72,72,72,72,72,72,72,72,72,72,72,72,72,72,72,72,72,72,72,72,72,72,72,72,72,72,72,77,77,77,77,77,77,77,77,77,77,77,77,77,77,77,77,77,77,77,77,75,75],"card_choices":[{"not_picked":["Collect","JustLucky"],"picked":"WheelKick","floor":1.0},{"not_picked":["ClearTheMind","LikeWater","Evaluate"],"picked":"SKIP","floor":4.0},{"not_picked":["CrushJoints","Evaluate","Consecrate"],"picked":"SKIP","floor":5.0},{"not_picked":["FlurryOfBlows","FlyingSleeves"],"picked":"Replay:BluntJabs","floor":6.0},{"not_picked":["DevaForm","Replay:Anticipation","TalkToTheHand"],"picked":"SKIP","floor":8.0},{"not_picked":["Protect","Consecrate"],"picked":"Tantrum","floor":14.0},{"not_picked":["Replay:AllIn","Vault"],"picked":"Ragnarok","floor":16.0},{"not_picked":["Replay:Cycle+1","EmptyFist","ReachHeaven"],"picked":"SKIP","floor":18.0},{"not_picked":["ThirdEye+1","Protect","Wallop"],"picked":"SKIP","floor":20.0},{"not_picked":["Crescendo","Protect","FlurryOfBlows"],"picked":"SKIP","floor":22.0},{"not_picked":["Nirvana+1","BowlingBash","JustLucky"],"picked":"SKIP","floor":27.0},{"not_picked":["Nirvana","Replay:BluntJabs","Collect"],"picked":"SKIP","floor":29.0},{"not_picked":["DevaForm","LessonLearned"],"picked":"Alpha","floor":33.0},{"not_picked":["ForeignInfluence+1","PathToVictory+1","Replay:BluntJabs"],"picked":"SKIP","floor":35.0},{"not_picked":["Survey Options","Trip"],"picked":"Flash of Steel","floor":36.0},{"not_picked":["Prostrate+1","Replay:ManipulateFuture+1"],"picked":"Consecrate+1","floor":39.0},{"not_picked":["Replay:LoomingThreat","FlurryOfBlows+1","Vengeance"],"picked":"SKIP","floor":40.0},{"not_picked":["TalkToTheHand+1","SignatureMove+1","Consecrate"],"picked":"SKIP","floor":44},{"not_picked":["Replay:AtTheReady","Halt","ReachHeaven"],"picked":"SKIP","floor":46},{"not_picked":["BowlingBash+1","Halt","Protect"],"picked":"SKIP","floor":48}],"player_experience":162287,"relics_obtained":[{"floor":6.0,"key":"Peace Pipe"},{"floor":8.0,"key":"Bird Faced Urn"},{"floor":9.0,"key":"Lizard Tail"},{"floor":24.0,"key":"Pantograph"},{"floor":26.0,"key":"Dream Catcher"},{"floor":27.0,"key":"MawBank"},{"floor":37.0,"key":"Ring of Chaos"},{"floor":37.0,"key":"ReplayTheSpireMod:Ring of Addiction"},{"floor":37.0,"key":"White Beast Statue"},{"floor":37.0,"key":"Chameleon Ring"},{"floor":40.0,"key":"Divine Protection"},{"floor":43.0,"key":"Replay:Bottled Eggs"}],"event_choices":[{"damage_healed":0.0,"max_hp_gain":0.0,"max_hp_loss":0.0,"gold_gain":0.0,"cards_transformed":["Strike_P"],"event_name":"Transmorgrifier","player_choice":"Transformed","floor":3.0,"gold_loss":0.0,"damage_taken":0.0,"cards_obtained":["Halt"]},{"damage_healed":24.0,"max_hp_gain":0.0,"max_hp_loss":0.0,"gold_gain":0.0,"event_name":"Big Fish","player_choice":"Banana","floor":7.0,"gold_loss":0.0,"damage_taken":0.0},{"damage_healed":0.0,"max_hp_gain":0.0,"max_hp_loss":0.0,"gold_gain":0.0,"event_name":"Upgrade Shrine","player_choice":"Upgraded","floor":12.0,"gold_loss":0.0,"damage_taken":0.0,"cards_upgraded":["WheelKick"]},{"damage_healed":0.0,"max_hp_gain":0.0,"max_hp_loss":0.0,"gold_gain":0.0,"event_name":"Ghosts","player_choice":"Ignored","floor":19.0,"gold_loss":0.0,"damage_taken":0.0},{"damage_healed":0.0,"max_hp_gain":0.0,"max_hp_loss":0.0,"gold_gain":0.0,"event_name":"WeMeetAgain","player_choice":"Paid Gold","floor":21.0,"gold_loss":113.0,"damage_taken":0.0,"relics_obtained":["Turnip"]},{"damage_healed":0.0,"max_hp_gain":5.0,"max_hp_loss":0.0,"gold_gain":0.0,"event_name":"Forgotten Altar","player_choice":"Shed Blood","floor":30.0,"gold_loss":0.0,"damage_taken":18.0},{"damage_healed":0.0,"max_hp_gain":0.0,"max_hp_loss":0.0,"gold_gain":0.0,"event_name":"Addict","player_choice":"Obtained Relic","floor":31.0,"gold_loss":85.0,"damage_taken":0.0,"relics_obtained":["HornCleat"]},{"damage_healed":0.0,"max_hp_gain":0.0,"max_hp_loss":0.0,"gold_gain":0.0,"event_name":"SensoryStone","player_choice":"Memory 1","floor":36.0,"gold_loss":0.0,"damage_taken":0.0},{"damage_healed":0.0,"max_hp_gain":0.0,"max_hp_loss":0.0,"gold_gain":0.0,"event_name":"The Woman in Blue","player_choice":"Bought 0 Potions","floor":42.0,"gold_loss":0.0,"damage_taken":0.0}],"is_beta":false,"boss_relics":[{"not_picked":["Black Star","Tiny House"],"picked":"Astrolabe"},{"not_picked":["Coffee Dripper","ReplayTheSpireMod:DimensionalGlitch"],"picked":"VioletLotus"}],"items_purged_floors":[2,11,38],"is_endless":false,"potions_floor_spawned":[1,5,8,22,29,33,35,39,40,44,46,48],"killed_by":"Replay:Hell Engine","ascension_level":4}}