{"host":"Tonhão","time":1612038738,"event":{"mods":["Aspiration","BaseMod","Conspire","Downfall","Friendly Minions","Halation","Hermit","Highlight Path","Hubris","Infinite Spire","Jedi Mod","Minty Spire (QoL Compilation)","Relic Sorter","Replay The Spire","Spicy Shops","StSLib","The Animator","The Construct","The Cursed","The Jester","The Senshi","The Servant 0.9.4"],"gold_per_floor":[117,217,80,94,110,110,156,156,179,207,226,259,259,287,287,384,384,401,416,416,416,416,416,435,435,458,557,409,444,444,464,464,567,567,578,578,578,578,593,622,622,633,633,644,644,644,644,8,8,103,103,108,108,106,31,31,40,40,40,40,44,44,44,44,44,43,318,318,387,387,380,380,380,380,386,386,386,386,387,390,469,457,457,457,24,27,27,152,152,138,238,221,221,199,159,259,309,354,354,370,366,366,312,312,403,403,399,399],"floor_reached":107,"language":"ENG","playtime":9035,"items_purged":["animator:SayakaMiki","animator:Kuribayashi","animator:Shigure+1"],"score":2211,"play_id":"66bfd1fa-4114-41d2-acd9-462adaacb6cf","local_time":"20210130173218","is_ascension_mode":false,"campfire_choices":[{"data":"animator:Aqua","floor":6,"key":"SMITH"},{"data":"animator:Mitsurugi","floor":8,"key":"SMITH"},{"data":"animator:Yuuichirou","floor":13,"key":"SMITH"},{"data":"animator:NagisaMomoe","floor":15,"key":"SMITH"},{"data":"animator:Guren","floor":21,"key":"SMITH"},{"data":"animator:Kazuma","floor":23,"key":"SMITH"},{"data":"animator:Hitei","floor":25,"key":"SMITH"},{"floor":30,"key":"REST"},{"floor":32,"key":"RECALL"},{"floor":37,"key":"REST"},{"floor":41,"key":"REST"},{"floor":45,"key":"REST"},{"data":"animator:Kyubey","floor":47,"key":"SMITH"},{"data":"animator:Kyubey","floor":56,"key":"SMITH"},{"data":"animator:Shichika","floor":56,"key":"SMITH"},{"data":"animator:Togame","floor":62,"key":"SMITH"},{"data":"animator:Defend_Konosuba","floor":62,"key":"SMITH"},{"data":"animator:CrowleyEusford","floor":68,"key":"SMITH"},{"data":"animator:Strike_Konosuba","floor":68,"key":"SMITH"},{"data":"animator:Kyubey","floor":72,"key":"SMITH"},{"data":"animator:Shigure","floor":72,"key":"SMITH"},{"data":"ReplayTheSpireMod:Chaos Vortex","floor":78,"key":"SMITH"},{"data":"animator:Shigure","floor":78,"key":"SMITH"},{"data":"Pot Of Greed","floor":84,"key":"SMITH"},{"data":"Pot Of Greed","floor":84,"key":"SMITH"},{"data":"Pot Of Greed","floor":87,"key":"SMITH"},{"data":"animator:Strike","floor":87,"key":"SMITH"},{"data":"animator:Defend","floor":93,"key":"PURGE"},{"data":"animator:FeridBathory","floor":99,"key":"SMITH"},{"data":"hubris:Rewind","floor":99,"key":"SMITH"},{"data":"animator:HigakiRinne","floor":102,"key":"SMITH"},{"data":"ReplayTheSpireMod:??????????????????????","floor":102,"key":"SMITH"},{"data":"animator:HomuraAkemi","floor":104,"key":"SMITH"},{"data":"animator:Strike","floor":104,"key":"SMITH"}],"circlet_count":0,"master_deck":["animator:Strike_Konosuba+1","animator:Defend_Konosuba+1","animator:Strike+1","animator:Strike+1","animator:Defend","animator:Defend","animator:Kazuma+1","animator:Aqua+1","animator:Mitsurugi+1","animator:Yuuichirou+1","animator:NagisaMomoe+1","animator:Guren+1","animator:Hitei+1","animator:Kyubey+1","animator:Togame+1","animator:Shigure+1","animator:Shichika+1","animator:Guren+1","animator:Kyubey+1","animator:CrowleyEusford+1","animator:Kyubey+1","ReplayTheSpireMod:Chaos Vortex+1","Pot Of Greed+1","Pot Of Greed+1","Pot Of Greed+1","animator:HigakiRinne+1","CurseOfTheBell","hubris:Rewind+1","ReplayTheSpireMod:??????????????????????+1","animator:FeridBathory+1","animator:HomuraAkemi+1","animator:FeridBathory"],"relics":["animator:LivingPicture","halation:PinkSoulGem","animator:TheMissingPiece","aspiration:Nostalgia","Carousel","Oddly Smooth Stone","jedi:arcanewood","ReplayTheSpireMod:TigerMarble","Paper Frog","hubris:FunFungus","Blood Vial","hubris:Backtick","Charon\u0027s Ashes","halation:LettersToHer","ReplayTheSpireMod:Shallot","hubris:RunicObelisk","expansioncontent:StudyCardRelic","jedi:purplefairy","MealTicket","Ice Cream","conspire:TreasureMap","Replay:Arrowhead","Orichalcum","DollysMirror","hubris:GrandSneckoEye","aspiration:Lifesprig","Strawberry","hubris:MobiusCoin","Coffee Dripper","Calipers","Black Star","Grinning Jar","hubris:TenFootPole","jedi:heavyjacket","hubris:Towel","Lee\u0027s Waffle","Replay:Lucky Slots","Calling Bell","halation:PromiseList","HornCleat","Peace Pipe","Replay:Towering Pillar of Hats","Replay:Bottled Steam","Bag of Preparation","hubris:MedicalManual","hexamod:BolsterEngine","aspiration:PoetsPen_weak"],"acts_visited":["Exordium","TheCity","TheBeyond","Exordium","TheCity","TheBeyond","Exordium"],"potions_floor_usage":[7,7,11,14,19,29,33,33,44,44,50,54,69,69,79,86,86,86,88,94,103],"damage_taken":[{"damage":0,"enemies":"Cultist","floor":1,"turns":4},{"damage":12,"enemies":"infinitespire:Voidling","floor":4,"turns":3},{"damage":6,"enemies":"Jaw Worm","floor":5,"turns":4},{"damage":0,"enemies":"3 Sentries","floor":7,"turns":5},{"damage":8,"enemies":"Replay:BlueRogue","floor":10,"turns":7},{"damage":0,"enemies":"Large Slime","floor":11,"turns":2},{"damage":7,"enemies":"3 Sentries","floor":12,"turns":7},{"damage":0,"enemies":"Gremlin Gang","floor":14,"turns":3},{"damage":30,"enemies":"Hexaghost","floor":16,"turns":10},{"damage":5,"enemies":"3 Byrds","floor":18,"turns":4},{"damage":0,"enemies":"2 Thieves","floor":19,"turns":2},{"damage":17,"enemies":"Centurion and Healer","floor":24,"turns":6},{"damage":21,"enemies":"Replay:Snechameleon","floor":29,"turns":4},{"damage":0,"enemies":"Sentry and Sphere","floor":31,"turns":3},{"damage":23,"enemies":"conspire:MysteriousRune","floor":33,"turns":8},{"damage":39,"enemies":"3 Darklings","floor":35,"turns":3},{"damage":0,"enemies":"Orb Walker","floor":39,"turns":2},{"damage":55,"enemies":"Nightmare","floor":40,"turns":6},{"damage":0,"enemies":"Sphere and 2 Shapes","floor":42,"turns":1},{"damage":0,"enemies":"3 Darklings","floor":44,"turns":2},{"damage":77,"enemies":"infinitespire:MassOfShapes","floor":50,"turns":8},{"damage":0,"enemies":"Cultist","floor":52,"turns":2},{"damage":0,"enemies":"Small Slimes","floor":54,"turns":1},{"damage":0,"enemies":"Gremlin Nob","floor":57,"turns":2},{"damage":0,"enemies":"2 Louse","floor":61,"turns":1},{"damage":0,"enemies":"Looter","floor":66,"turns":1},{"damage":54,"enemies":"Hexaghost","floor":69,"turns":3},{"damage":3,"enemies":"Chosen","floor":71,"turns":2},{"damage":0,"enemies":"Shell Parasite","floor":75,"turns":1},{"damage":0,"enemies":"animator:HornedBat","floor":79,"turns":2},{"damage":0,"enemies":"Snake Plant","floor":80,"turns":1},{"damage":4,"enemies":"Sentry and Sphere","floor":82,"turns":2},{"damage":0,"enemies":"Snecko","floor":86,"turns":2},{"damage":18,"enemies":"Champ","floor":88,"turns":3},{"damage":0,"enemies":"3 Darklings","floor":90,"turns":2},{"damage":0,"enemies":"Orb Walker","floor":92,"turns":2},{"damage":0,"enemies":"Spire Growth","floor":94,"turns":2},{"damage":16,"enemies":"Nightmare_Alpha","floor":95,"turns":7},{"damage":0,"enemies":"Giant Head","floor":100,"turns":2},{"damage":0,"enemies":"4 Shapes","floor":101,"turns":2},{"damage":0,"enemies":"Transient","floor":103,"turns":4},{"damage":0,"enemies":"Awakened One","floor":105,"turns":5},{"damage":0,"enemies":"Cultist","floor":107,"turns":1}],"seed_played":"9098680224957781248","potions_obtained":[{"floor":1,"key":"animator:GrowthPotion"},{"floor":5,"key":"DistilledChaos"},{"floor":7,"key":"Swift Potion"},{"floor":12,"key":"infinitespire:BlackPotion"},{"floor":16,"key":"Energy Potion"},{"floor":24,"key":"sneckomod:MuddlingPotion"},{"floor":29,"key":"Languid Potion"},{"floor":31,"key":"jedi:tentaclejuice"},{"floor":40,"key":"SteroidPotion"},{"floor":42,"key":"ColorlessPotion"},{"floor":50,"key":"Slimebound:ThreeZeroPotion"},{"floor":53,"key":"jedi:wingpotion"},{"floor":54,"key":"Milkshake"},{"floor":57,"key":"Strength Potion"},{"floor":69,"key":"Fire Potion"},{"floor":79,"key":"Languid Potion"},{"floor":82,"key":"EntropicBrew"},{"floor":86,"key":"AttackPotion"},{"floor":92,"key":"hexamod:SoulburnPotion"},{"floor":101,"key":"SteroidPotion"},{"floor":103,"key":"FairyPotion"}],"is_trial":false,"path_per_floor":["M","?","$","M","M","R","E","R","T","E","M","E","R","M","R","B",null,"M","M","?","R","?","R","M","R","T","?","$","E","R","M","R","B",null,"M","?","R","AVR","M","NM","R","M","T","M","R","?","R","$","R","B",null,"M","?","M","$","R","E","?","$","T","M","R","PTL","PTL","?","M","?","R","B",null,"M","R","?","AVR","M","PTL","PTL","R","E","M","T","M","?","R","$","M","R","B",null,"M","?","M","R","M","NM","?","?","T","R","E","M","R","M","R","B",null,"M"],"character_chosen":"THE_ANIMATOR","items_purchased":["animator:YuiTsuruno","animator:ZankiKiguchi","Oddly Smooth Stone","halation:LettersToHer","conspire:TreasureMap","Replay:Arrowhead","Orichalcum","DollysMirror","Elixir","aspiration:Lifesprig","Lee\u0027s Waffle","Replay:Lucky Slots"],"campfire_rested":4,"item_purchase_floors":[3,3,3,28,48,48,48,48,48,55,85,85],"current_hp_per_floor":[66,66,66,61,57,57,60,60,60,55,58,54,54,57,57,30,66,61,66,66,66,66,66,49,49,49,49,49,33,52,60,60,43,67,31,31,51,51,56,9,29,31,31,34,54,54,55,67,67,20,67,67,67,67,67,67,74,74,74,74,74,74,74,74,74,74,74,74,20,74,74,74,74,74,74,74,74,74,74,74,74,70,70,74,81,81,81,68,81,81,81,81,81,81,67,67,67,67,78,81,81,81,81,81,81,81,81,81],"gold":399,"neow_bonus":"NOSTALGIA","is_daily":false,"chose_seed":false,"campfire_upgraded":28,"win_rate":0.0,"timestamp":1612038738,"path_taken":["M","?","$","M","M","R","E","?","T","E","M","E","R","?","R","BOSS","M","M","?","?","?","R","?","R","T","?","$","E","R","M","R","BOSS","M","?","?","AVR","?","NM","R","M","T","M","?","?","R","?","R","BOSS","M","?","M","$","?","E","?","$","T","?","R","PTL","PTL","?","?","?","R","BOSS","M","?","?","AVR","?","PTL","PTL","R","E","M","T","M","?","R","$","M","R","BOSS","M","?","M","?","?","NM","?","?","T","R","E","?","?","M","R","BOSS","M"],"items_purchased_type":["Card","Card","Relic","Relic","Relic","Relic","Relic","Relic","Potion","Relic","Relic","Relic"],"build_version":"2020-11-17","purchased_purges":3,"victory":false,"max_hp_per_floor":[66,66,66,66,66,66,66,66,66,66,66,66,66,66,66,66,66,66,66,66,66,66,66,66,66,66,66,66,66,66,66,66,67,67,67,67,67,67,67,67,67,67,67,67,67,67,67,67,67,67,67,67,67,67,67,67,74,74,74,74,74,74,74,74,74,74,74,74,74,74,74,74,74,74,74,74,74,74,74,74,74,74,74,74,81,81,81,81,81,81,81,81,81,81,81,81,81,81,81,81,81,81,81,81,81,81,81,81],"card_choices":[{"not_picked":["animator:LizardPriest","animator:YaoHaDucy","animator:Spearman"],"picked":"SKIP","floor":1},{"not_picked":["animator:Witch","animator:Spearman","animator:Viivi"],"picked":"SKIP","floor":4},{"not_picked":["animator:Togame","animator:Aqua","animator:UneriGinkaku"],"picked":"SKIP","floor":5},{"not_picked":["animator:Aqua","animator:Verdia"],"picked":"animator:Mitsurugi","floor":7},{"not_picked":["animator:SuzuneAmano","animator:RoryMercury","animator:GuildGirl"],"picked":"SKIP","floor":10},{"not_picked":["animator:Mikaela","animator:YaoHaDucy","animator:LizardPriest"],"picked":"SKIP","floor":11},{"not_picked":["animator:Megumin","animator:ZankiKiguchi"],"picked":"animator:Yuuichirou","floor":12},{"not_picked":["animator:SayakaMiki","animator:KyokoSakura"],"picked":"animator:NagisaMomoe","floor":14},{"not_picked":["animator:PinaCoLada","animator:ItamiYouji"],"picked":"animator:Guren","floor":16},{"not_picked":["animator:Spearman+1","animator:Fredrika"],"picked":"animator:TsurugaMeisai+1","floor":18},{"not_picked":["animator:YunYun","animator:ChaikaBohdan","animator:LeleiLaLalena"],"picked":"SKIP","floor":19},{"not_picked":["animator:YaoHaDucy","animator:LizardPriest"],"picked":"animator:Hitei","floor":24},{"not_picked":["animator:Mikaela","animator:Shinoa"],"picked":"animator:Shigure","floor":29},{"not_picked":["animator:SwordMaiden","animator:Verdia+1","animator:Konayuki"],"picked":"SKIP","floor":31},{"not_picked":["animator:HigakiRinne","animator:ChaikaTrabant"],"picked":"animator:Kyubey","floor":33},{"not_picked":["animator:OrikoMikuni","animator:ZankiKiguchi+1"],"picked":"animator:Togame","floor":35},{"not_picked":["animator:UneriGinkaku+1","animator:KyokoSakura","animator:Yoichi"],"picked":"SKIP","floor":39},{"not_picked":["infinitespire:Execution","ReplayTheSpireMod:Book of Names"],"picked":"infinitespire:SealOfDarkness+","floor":40},{"not_picked":["animator:Yoichi","animator:HiiragiShinya"],"picked":"animator:Shigure","floor":40},{"not_picked":["animator:Kazuma+1","animator:Gillette"],"picked":"animator:Shichika","floor":42},{"not_picked":["animator:KyokoSakura","animator:Emonzaemon","animator:Spearman+1"],"picked":"SKIP","floor":44},{"not_picked":["animator:Eris","animator:AcuraShin"],"picked":"animator:Kyubey","floor":50},{"not_picked":["animator:Gillette","animator:SayakaMiki","animator:Priestess"],"picked":"SKIP","floor":52},{"not_picked":["animator:UneriGinkaku","animator:OrikoMikuni","animator:KrulTepes"],"picked":"SKIP","floor":57},{"not_picked":["animator:Emonzaemon","animator:Mitsurugi","animator:YuiTsuruno"],"picked":"SKIP","floor":61},{"not_picked":["animator:Vanir","animator:Kazuma"],"picked":"animator:CrowleyEusford","floor":66},{"not_picked":["animator:MadokaKaname","animator:SwordMaiden"],"picked":"animator:Kyubey","floor":69},{"not_picked":["animator:KrulTepes","animator:SuzuneAmano","animator:Mikaela"],"picked":"SKIP","floor":75},{"not_picked":["animator:Kuribayashi","animator:Tyuule+1","animator:TukaLunaMarceau"],"picked":"SKIP","floor":79},{"not_picked":["animator:Vanir+1","animator:CrowleyEusford","animator:Mitsuba"],"picked":"SKIP","floor":80},{"not_picked":["animator:Guy","animator:Bozes","animator:Yoichi"],"picked":"SKIP","floor":86},{"not_picked":["animator:SwordMaiden","animator:AcuraShin"],"picked":"animator:HigakiRinne","floor":88},{"not_picked":["animator:Viivi+1","animator:Witch","animator:Spearman+1"],"picked":"SKIP","floor":90},{"not_picked":["animator:GuildGirl","animator:YuiTsuruno","animator:YunYun+1"],"picked":"SKIP","floor":92},{"not_picked":["animator:Konayuki","animator:UneriGinkaku+1","animator:Vanir+1"],"picked":"SKIP","floor":94},{"not_picked":["Replay:Fractal Strike","hubris:InfiniteBlow"],"picked":"hubris:Rewind","floor":95},{"not_picked":["animator:TsurugaMeisai+1","animator:Spearman+1","animator:ChaikaBohdan"],"picked":"SKIP","floor":95},{"not_picked":["infinitespire:Oblivion","infinitespire:FinalStrike"],"picked":"ReplayTheSpireMod:??????????????????????","floor":96},{"not_picked":["animator:Megumin+1","animator:Bozes","animator:Tyuule+1"],"picked":"SKIP","floor":100},{"not_picked":["animator:Guy","animator:SayakaMiki"],"picked":"animator:HomuraAkemi","floor":101},{"not_picked":["animator:Guy","animator:Shichika","animator:Hitei+1"],"picked":"SKIP","floor":103},{"not_picked":["animator:AcuraShin","animator:Kyubey"],"picked":"animator:FeridBathory","floor":105}],"player_experience":117115,"relics_obtained":[{"floor":7,"key":"jedi:arcanewood"},{"floor":9,"key":"ReplayTheSpireMod:TigerMarble"},{"floor":10,"key":"Paper Frog"},{"floor":12,"key":"hubris:FunFungus"},{"floor":16,"key":"Blood Vial"},{"floor":29,"key":"ReplayTheSpireMod:Shallot"},{"floor":40,"key":"MealTicket"},{"floor":43,"key":"halation:LettersToHer"},{"floor":43,"key":"Ice Cream"},{"floor":57,"key":"Strawberry"},{"floor":60,"key":"halation:LettersToHer"},{"floor":60,"key":"hubris:MobiusCoin"},{"floor":79,"key":"Grinning Jar"},{"floor":79,"key":"hubris:TenFootPole"},{"floor":81,"key":"halation:LettersToHer"},{"floor":81,"key":"jedi:heavyjacket"},{"floor":89,"key":"halation:PromiseList"},{"floor":89,"key":"HornCleat"},{"floor":89,"key":"Peace Pipe"},{"floor":95,"key":"Replay:Towering Pillar of Hats"},{"floor":95,"key":"Replay:Bottled Steam"},{"floor":98,"key":"halation:LettersToHer"},{"floor":98,"key":"Bag of Preparation"},{"floor":100,"key":"hubris:MedicalManual"},{"floor":100,"key":"hexamod:BolsterEngine"}],"event_choices":[{"damage_healed":0,"gold_gain":100,"player_choice":"Gold","damage_taken":0,"max_hp_gain":0,"max_hp_loss":0,"event_name":"Wheel of Change","floor":2,"gold_loss":0},{"cards_removed":["animator:ZankiKiguchi"],"damage_healed":5,"gold_gain":0,"player_choice":"Offered Common","damage_taken":0,"max_hp_gain":0,"max_hp_loss":0,"event_name":"Bonfire Elementals","floor":20,"gold_loss":0},{"cards_removed":["animator:ZankiKiguchi"],"damage_healed":5,"gold_gain":0,"player_choice":"Offered Special","damage_taken":0,"max_hp_gain":0,"max_hp_loss":0,"event_name":"Bonfire Elementals","floor":20,"gold_loss":0},{"damage_healed":0,"gold_gain":0,"cards_transformed":["animator:Strike"],"player_choice":"Transformed","damage_taken":0,"max_hp_gain":0,"max_hp_loss":0,"event_name":"Transmorgrifier","floor":22,"gold_loss":0,"cards_obtained":["animator:SayakaMiki"]},{"damage_healed":0,"gold_gain":99,"player_choice":"Stole From Cult","damage_taken":0,"max_hp_gain":0,"max_hp_loss":0,"event_name":"Nest","floor":27,"gold_loss":0},{"damage_healed":0,"gold_gain":0,"player_choice":"Ignored","damage_taken":0,"max_hp_gain":0,"max_hp_loss":0,"event_name":"SecretPortal","floor":36,"gold_loss":0},{"damage_healed":0,"gold_gain":0,"player_choice":"Leave","damage_taken":0,"max_hp_gain":0,"max_hp_loss":0,"event_name":"conspire:Investor","floor":46,"gold_loss":0},{"damage_healed":0,"gold_gain":0,"player_choice":"Got Potions","damage_taken":0,"max_hp_gain":0,"max_hp_loss":0,"event_name":"Lab","floor":53,"gold_loss":0},{"cards_removed":["animator:YuiTsuruno"],"damage_healed":0,"gold_gain":0,"player_choice":"Forget","damage_taken":0,"max_hp_gain":0,"max_hp_loss":0,"event_name":"Living Wall","floor":65,"gold_loss":0},{"damage_healed":0,"gold_gain":275,"player_choice":"Desecrate","damage_taken":0,"max_hp_gain":0,"max_hp_loss":0,"event_name":"Golden Shrine","floor":67,"gold_loss":0,"cards_obtained":["Regret"]},{"damage_healed":0,"gold_gain":100,"player_choice":"Pray","damage_taken":0,"max_hp_gain":0,"max_hp_loss":0,"event_name":"Golden Shrine","floor":91,"gold_loss":0},{"cards_removed":["Decay"],"damage_healed":0,"gold_gain":0,"player_choice":"Removed","damage_taken":0,"max_hp_gain":0,"max_hp_loss":0,"event_name":"The Cursed Forest","floor":96,"gold_loss":0},{"cards_removed":["Regret"],"damage_healed":0,"gold_gain":0,"player_choice":"Removed","damage_taken":0,"max_hp_gain":0,"max_hp_loss":0,"event_name":"The Cursed Forest","floor":96,"gold_loss":0},{"damage_healed":0,"gold_gain":0,"player_choice":"1 cards matched","damage_taken":0,"max_hp_gain":0,"max_hp_loss":0,"event_name":"Match and Keep!","floor":97,"gold_loss":0,"cards_obtained":["animator:FeridBathory"]}],"is_beta":true,"boss_relics":[{"not_picked":["animator:CursedBlade","sneckomod:SneckoTalon"],"picked":"hubris:Backtick"},{"not_picked":["Honey Jar","conspire:RoyalGoblet"],"picked":"hubris:RunicObelisk"},{"not_picked":["aspiration:SilentSkillbook","hubris:ScarierMask"],"picked":"hubris:GrandSneckoEye"},{"not_picked":["halation:Risk","Busted Crown"],"picked":"Coffee Dripper"},{"not_picked":["conspire:SeveredTorchhead","ReplayTheSpireMod:DimensionalGlitch"],"picked":"Calling Bell"},{"not_picked":["halation:MonkeysPaw","Fusion Hammer"],"picked":"aspiration:PoetsPen_weak"}],"items_purged_floors":[48,74,85],"is_endless":true,"potions_floor_spawned":[1,5,7,12,16,24,29,31,40,42,50,54,57,69,79,82,86,92,101,103,107],"killed_by":"Cultist","ascension_level":0}}