{"host":"q6r63elxu27obe7v","time":1612034281,"event":{"mods":["2.2 Compatiblity","AchievementEnabler","BaseMod","CapriCore","DeckTracker","Keyboard Shortcuts","Minty Spire (QoL Compilation)","Permanent Neow","Quick Restart","StSLib","SuperFastMode","¡¼?Úª?ø«¡½REMEMod"],"gold_per_floor":[19,39,39,52,52,75,75,75],"floor_reached":7,"language":"KOR","playtime":325,"items_purged":[],"score":43,"play_id":"c88525ba-f9c7-4fec-8de4-b2f6abe62878","local_time":"20210131041801","is_ascension_mode":false,"campfire_choices":[],"circlet_count":0,"master_deck":["Strike_R","Strike_R","Strike_R","Strike_R","Strike_R","Defend_R","Defend_R","Defend_R","Bash","Master of Strategy","Shrug It Off","Body Slam","Ghostly Armor","Pommel Strike"],"relics":["Burning Blood","REME_ComplimentaryCards","Golden Idol"],"acts_visited":["Exordium"],"potions_floor_usage":[7,7],"damage_taken":[{"damage":4,"enemies":"2 Louse","floor":1,"turns":4},{"damage":4,"enemies":"Cultist","floor":2,"turns":6},{"damage":16,"enemies":"Jaw Worm","floor":4,"turns":4},{"damage":14,"enemies":"Red Slaver","floor":6,"turns":7},{"damage":42,"enemies":"Lagavulin","floor":7,"turns":9}],"seed_played":"6956846491554194132","potions_obtained":[{"floor":2,"key":"SpeedPotion"},{"floor":6,"key":"LiquidBronze"}],"is_trial":false,"path_per_floor":["M","M","?","M","?","M","E"],"character_chosen":"IRONCLAD","items_purchased":[],"campfire_rested":0,"item_purchase_floors":[],"current_hp_per_floor":[80,80,60,50,43,35,0,0],"gold":75,"neow_bonus":"RANDOM_COLORLESS_2","is_daily":false,"chose_seed":false,"campfire_upgraded":0,"win_rate":0.0,"timestamp":1612034281,"path_taken":["M","M","?","M","?","M","E"],"items_purchased_type":[],"build_version":"2020-12-22","purchased_purges":0,"victory":false,"max_hp_per_floor":[80,80,80,80,80,80,80,80],"card_choices":[{"not_picked":["Violence","Sadistic Nature"],"picked":"Master of Strategy","floor":0},{"not_picked":["Rampage","Heavy Blade"],"picked":"Shrug It Off","floor":1},{"not_picked":["Twin Strike","Clash"],"picked":"Body Slam","floor":2},{"not_picked":["True Grit","Sword Boomerang"],"picked":"Ghostly Armor","floor":4},{"not_picked":["Perfected Strike","Sword Boomerang"],"picked":"Pommel Strike","floor":6}],"player_experience":55499,"relics_obtained":[],"event_choices":[{"damage_healed":0,"gold_gain":0,"player_choice":"Take Damage","damage_taken":20,"relics_obtained":["Golden Idol"],"max_hp_gain":0,"max_hp_loss":0,"event_name":"Golden Idol","floor":3,"gold_loss":0},{"cards_removed":["Defend_R"],"damage_healed":0,"gold_gain":0,"player_choice":"Card Removal","damage_taken":7,"max_hp_gain":0,"max_hp_loss":0,"event_name":"Golden Wing","floor":5,"gold_loss":0}],"is_beta":false,"boss_relics":[],"items_purged_floors":[],"is_endless":false,"potions_floor_spawned":[2,6],"killed_by":"Lagavulin","ascension_level":0}}