{"host":"xvjtz0l6trtfk8cl","time":1612050099,"event":{"mods":["BaseMod","Better Altar","Better Note","Better Third Choice","Downfall","Fox Events","Hermit","Magitek Elite","Minty Spire (QoL Compilation)","Morshu Shopkeeper","Morshu Shopkeeper - ENHANCED","Reliquary","StSLib","The Bladedancer","The Death Knight","The Dragonkin","The Hierophant","The Necromancer","Waifu the Spire"],"gold_per_floor":[116,36,49,49,49,80,5,5,5,40,56,56,75,86,86,182,232,246,264,281,293,293,293,309,309,309,325,325,21,21,21],"floor_reached":30,"language":"ENG","playtime":2095,"items_purged":["blademaster:Strike"],"score":267,"play_id":"d1e226eb-6efc-4f71-88fe-277e1fd6400b","local_time":"20210130174139","is_ascension_mode":false,"campfire_choices":[{"data":"blademaster:AwakeningStrike","floor":8,"key":"SMITH"},{"data":"blademaster:RagingBlow","floor":12,"key":"SMITH"},{"floor":15,"key":"REST"},{"floor":25,"key":"REST"},{"floor":28,"key":"REST"}],"circlet_count":0,"master_deck":["blademaster:Strike","blademaster:Strike","blademaster:Defend+1","blademaster:Defend+1","blademaster:Defend","blademaster:Defend","blademaster:RagingBlow+1","blademaster:HighVoltage","blademaster:AwakeningStrike+1","blademaster:Overcharge","blademaster:ThunderingOpener","blademaster:ParryingStrike+1","blademaster:Havoc","blademaster:BladeMastery","blademaster:SharpBlades+1","blademaster:FuriousStrike","blademaster:BladeDance+1"],"relics":["blademaster:DancersAmulet","Pear","Shuriken","reliquary:RoseTintedGlasses","Tiny House","Frozen Egg 2","Molten Egg 2","Pen Nib","Strawberry"],"acts_visited":["Exordium","TheCity"],"potions_floor_usage":[16,18,20,20,21,24],"damage_taken":[{"damage":0,"enemies":"2 Louse","floor":1,"turns":3},{"damage":1,"enemies":"Jaw Worm","floor":3,"turns":3},{"damage":8,"enemies":"3 Sentries","floor":6,"turns":10},{"damage":8,"enemies":"Gremlin Nob","floor":10,"turns":3},{"damage":0,"enemies":"Cultist","floor":11,"turns":3},{"damage":1,"enemies":"2 Fungi Beasts","floor":13,"turns":3},{"damage":8,"enemies":"3 Louse","floor":14,"turns":3},{"damage":12,"enemies":"Hexaghost","floor":16,"turns":8},{"damage":18,"enemies":"3 Byrds","floor":18,"turns":6},{"damage":18,"enemies":"Spheric Guardian","floor":19,"turns":4},{"damage":20,"enemies":"Shelled Parasite and Fungi","floor":20,"turns":6},{"damage":24,"enemies":"Snake Plant","floor":21,"turns":4},{"damage":15,"enemies":"Centurion and Healer","floor":24,"turns":6},{"damage":24,"enemies":"Snecko","floor":27,"turns":6},{"damage":47,"enemies":"Slavers","floor":30,"turns":3}],"seed_played":"-6925859460492159373","potions_obtained":[{"floor":1,"key":"Energy Potion"},{"floor":10,"key":"PowerPotion"},{"floor":14,"key":"BlessingOfTheForge"},{"floor":17,"key":"GamblersBrew"},{"floor":18,"key":"champ:CounterPotion"},{"floor":20,"key":"ColorlessPotion"}],"is_trial":false,"path_per_floor":["M","$","M","?","?","E","$","R","T","E","M","R","M","M","R","B",null,"M","M","M","M","?","T","M","R","T","M","R","$","E"],"character_chosen":"THE_BLADEMASTER","items_purchased":["blademaster:Overcharge","Pen Nib","Strawberry"],"campfire_rested":3,"item_purchase_floors":[2,29,29],"current_hp_per_floor":[82,82,81,81,65,67,67,67,67,59,59,59,58,50,77,65,97,79,61,41,17,17,17,2,31,31,7,36,43,0,0],"gold":21,"neow_bonus":"TEN_PERCENT_HP_BONUS","is_daily":false,"chose_seed":false,"campfire_upgraded":2,"win_rate":0.0,"timestamp":1612050099,"path_taken":["M","$","M","?","?","E","?","R","T","E","M","R","M","M","R","BOSS","M","?","M","M","?","?","?","R","T","M","R","$","E"],"items_purchased_type":["Card","Relic","Relic"],"build_version":"2020-12-22","purchased_purges":1,"victory":false,"max_hp_per_floor":[82,82,82,82,82,92,92,92,92,92,92,92,92,92,92,92,97,97,97,97,97,97,97,97,97,97,97,97,104,104,104],"card_choices":[{"not_picked":["blademaster:AwakeningDefend","blademaster:Reversal"],"picked":"blademaster:AwakeningStrike","floor":1},{"not_picked":["blademaster:DaggerAndCloak","blademaster:BloodyBlow"],"picked":"blademaster:ThunderingOpener","floor":3},{"not_picked":["blademaster:ChargingUp","blademaster:Frontflip","blademaster:Rupture"],"picked":"SKIP","floor":6},{"not_picked":["blademaster:AirSlash","blademaster:DancingEdge","blademaster:SlyStabs"],"picked":"SKIP","floor":10},{"not_picked":["blademaster:Sharpen","blademaster:Rupture","blademaster:Quickstep"],"picked":"SKIP","floor":11},{"not_picked":["blademaster:EyeOfTheTornado","blademaster:CombatPrep"],"picked":"blademaster:ParryingStrike","floor":13},{"not_picked":["blademaster:Vortex","blademaster:AwakeningStrike","blademaster:Meditate"],"picked":"SKIP","floor":14},{"not_picked":["blademaster:ThreePointStrike","blademaster:Empower"],"picked":"blademaster:Flash","floor":16},{"not_picked":["blademaster:Flurry","blademaster:Meditate"],"picked":"blademaster:Havoc","floor":17},{"not_picked":["blademaster:WindSlash","blademaster:Sunder+1"],"picked":"blademaster:BladeMastery","floor":18},{"not_picked":["blademaster:Bloodbath+1","blademaster:BloodyBlow"],"picked":"blademaster:SharpBlades+1","floor":19},{"not_picked":["blademaster:Hailwind","blademaster:Sunder+1","blademaster:DragonStrike"],"picked":"SKIP","floor":20},{"not_picked":["blademaster:Frontflip","blademaster:Stormstrike"],"picked":"blademaster:FuriousStrike","floor":21},{"not_picked":["blademaster:Hailwind","blademaster:AspectOfLightning"],"picked":"blademaster:BladeDance+1","floor":24},{"not_picked":["blademaster:CullingStrike+1","blademaster:Cut+1","blademaster:LightningCrash+1"],"picked":"SKIP","floor":27}],"player_experience":41505,"relics_obtained":[{"floor":6,"key":"Pear"},{"floor":6,"key":"blademaster:StrongPerk"},{"floor":9,"key":"Shuriken"},{"floor":10,"key":"reliquary:RoseTintedGlasses"},{"floor":10,"key":"blademaster:BonusComboPerk"},{"floor":23,"key":"Frozen Egg 2"},{"floor":26,"key":"Molten Egg 2"}],"event_choices":[{"cards_removed":["blademaster:Strike"],"damage_healed":0,"gold_gain":0,"player_choice":"Forget","damage_taken":0,"max_hp_gain":0,"max_hp_loss":0,"event_name":"Living Wall","floor":4,"gold_loss":0},{"damage_healed":81,"gold_gain":0,"player_choice":"Upgrade","damage_taken":16,"max_hp_gain":0,"max_hp_loss":82,"event_name":"betterThird:BetterShining","floor":5,"gold_loss":0,"cards_upgraded":["blademaster:Defend","blademaster:Defend"]},{"cards_removed":["blademaster:Flash"],"damage_healed":0,"gold_gain":0,"player_choice":"Purged","damage_taken":0,"max_hp_gain":0,"max_hp_loss":0,"event_name":"Purifier","floor":22,"gold_loss":0}],"is_beta":false,"boss_relics":[{"not_picked":["Cursed Key","SlaversCollar"],"picked":"Tiny House"}],"items_purged_floors":[7],"is_endless":false,"potions_floor_spawned":[1,10,14,18,20],"killed_by":"Slavers","ascension_level":0}}