{"host":"kgfs5ebhusfk1t4t","time":1612022912,"event":{"mods":["BaseMod","Colored Map","DeckTracker","Highlight Path","KOR Keyword Fix","Keyboard Shortcuts","Minty Spire (QoL Compilation)","Permanent Neow","Quick Restart","StSLib","SuperFastMode","everything is the same but u backflip on backflip"],"gold_per_floor":[110,128,144,219,232,232,257,257,257,286,347,364,399,418,418,515,515,534,305,325,56,69,69,102,102,149,184,184,218,236,236,236,340,340,360,360,414,430,430,430,430],"floor_reached":40,"language":"KOR","playtime":1831,"items_purged":[],"score":648,"play_id":"a8d39780-8f5e-48d6-8ca0-1b9bd5684024","local_time":"20210131010832","is_ascension_mode":true,"campfire_choices":[{"data":"Infinite Blades","floor":6.0,"key":"SMITH"},{"floor":8.0,"key":"REST"},{"data":"Footwork","floor":15.0,"key":"SMITH"},{"data":"Endless Agony","floor":23,"key":"SMITH"},{"data":"Accuracy","floor":25,"key":"SMITH"},{"floor":32,"key":"REST"}],"circlet_count":0,"master_deck":["Survivor","Neutralize","Slice","Infinite Blades+1","Caltrops","Cloak And Dagger","Blade Dance","Footwork+1","Backflip","All Out Attack","Leg Sweep","Blade Dance","Underhanded Strike","Adrenaline","Malaise","Well Laid Plans","Calculated Gamble","Malaise","Endless Agony+1","Wraith Form v2","Slice+1","Predator","Terror","Footwork","Acrobatics","Slice","Accuracy+1","PiercingWail","Venomology","Tools of the Trade","Expertise+1","Eviscerate+1","Cloak And Dagger+1","Distraction+1","Madness","Madness","Accuracy","Concentrate+1","Accuracy+1"],"relics":["WristBlade","HornCleat","StoneCalendar","Ice Cream","Nunchaku","Lantern","Pandora\u0027s Box","Vajra","Pen Nib","Meat on the Bone","Akabeko","Happy Flower","Red Mask","Nilry\u0027s Codex","Astrolabe","Incense Burner"],"acts_visited":["Exordium","TheCity","TheBeyond"],"potions_floor_usage":[22,24,33,33,35,35,40],"damage_taken":[{"damage":1.0,"enemies":"Cultist","floor":1.0,"turns":4.0},{"damage":1.0,"enemies":"2 Louse","floor":2.0,"turns":3.0},{"damage":5.0,"enemies":"Small Slimes","floor":3.0,"turns":4.0},{"damage":7.0,"enemies":"Looter","floor":5.0,"turns":3.0},{"damage":20.0,"enemies":"Gremlin Nob","floor":7.0,"turns":4.0},{"damage":11.0,"enemies":"Lagavulin","floor":10.0,"turns":5.0},{"damage":8.0,"enemies":"Lagavulin Event","floor":11.0,"turns":5.0},{"damage":0.0,"enemies":"Large Slime","floor":12.0,"turns":3.0},{"damage":0.0,"enemies":"3 Sentries","floor":13.0,"turns":4.0},{"damage":6.0,"enemies":"Gremlin Gang","floor":14.0,"turns":4.0},{"damage":0,"enemies":"Hexaghost","floor":16,"turns":7},{"damage":14,"enemies":"Shell Parasite","floor":18,"turns":2},{"damage":0,"enemies":"Spheric Guardian","floor":20,"turns":3},{"damage":8,"enemies":"Cultist and Chosen","floor":22,"turns":4},{"damage":7,"enemies":"Slavers","floor":24,"turns":3},{"damage":20,"enemies":"Book of Stabbing","floor":27,"turns":4},{"damage":6,"enemies":"Masked Bandits","floor":29,"turns":3},{"damage":0,"enemies":"Snecko","floor":30,"turns":3},{"damage":25,"enemies":"Collector","floor":33,"turns":6},{"damage":9,"enemies":"3 Shapes","floor":35,"turns":3},{"damage":19,"enemies":"2 Orb Walkers","floor":37,"turns":3},{"damage":7,"enemies":"3 Darklings","floor":38,"turns":4},{"damage":9,"enemies":"Nemesis","floor":40,"turns":3}],"seed_played":"-1812670847323713922","potions_obtained":[{"floor":3.0,"key":"FearPotion"},{"floor":10.0,"key":"Swift Potion"},{"floor":11.0,"key":"Regen Potion"},{"floor":13.0,"key":"Weak Potion"},{"floor":14.0,"key":"Explosive Potion"},{"floor":22,"key":"Poison Potion"},{"floor":27,"key":"CunningPotion"},{"floor":29,"key":"Regen Potion"},{"floor":33,"key":"Energy Potion"}],"is_trial":false,"path_per_floor":["M","M","M","?","M","R","E","R","T","E","?","M","E","M","R","B",null,"M","$","M","$","M","R","E","R","T","E","?","?","M","?","R","B",null,"M","?","?","M","?","E"],"character_chosen":"THE_SILENT","items_purchased":["Vajra","Predator","Pen Nib","Footwork","Acrobatics"],"campfire_rested":2,"item_purchase_floors":[19,19,21,21,21],"current_hp_per_floor":[69,68,63,52,45,45,25,46,46,35,27,36,36,30,30,30,70,56,56,56,56,48,48,41,41,41,33,33,39,39,23,44,40,70,61,52,45,38,38,29,29],"gold":430,"neow_bonus":"BOSS_RELIC","is_daily":false,"chose_seed":false,"campfire_upgraded":4,"win_rate":0.0,"timestamp":1612022912,"path_taken":["M","M","?","?","M","R","E","R","T","E","?","M","E","M","R","BOSS","M","$","M","$","M","R","E","R","T","E","?","?","M","?","R","BOSS","M","?","?","M","?","E"],"items_purchased_type":["Relic","Card","Relic","Card","Card"],"build_version":"2020-12-22","purchased_purges":0,"victory":false,"max_hp_per_floor":[70,70,70,70,70,70,70,70,70,70,70,70,70,70,70,70,70,70,70,70,70,70,70,70,70,70,70,70,70,70,70,70,70,70,70,70,70,70,70,70,70],"card_choices":[{"not_picked":["Deflect","Outmaneuver"],"picked":"Slice","floor":1.0},{"not_picked":["Bane","Predator"],"picked":"Infinite Blades","floor":2.0},{"not_picked":["Distraction","Outmaneuver"],"picked":"Caltrops","floor":3.0},{"not_picked":["Dagger Throw","Sucker Punch"],"picked":"Cloak And Dagger","floor":5.0},{"not_picked":["Acrobatics","Catalyst"],"picked":"Blade Dance","floor":7.0},{"not_picked":["Crippling Poison","Bouncing Flask"],"picked":"Footwork","floor":10.0},{"not_picked":["Dodge and Roll","Poisoned Stab"],"picked":"Backflip","floor":11.0},{"not_picked":["Quick Slash","After Image"],"picked":"All Out Attack","floor":12.0},{"not_picked":["Bane","Heel Hook"],"picked":"Leg Sweep","floor":13.0},{"not_picked":["Flying Knee","Dodge and Roll"],"picked":"Blade Dance","floor":14.0},{"not_picked":["Venomology","Unload"],"picked":"A Thousand Cuts","floor":16},{"not_picked":["Well Laid Plans","PiercingWail"],"picked":"Slice+1","floor":18},{"not_picked":["Quick Slash","Poisoned Stab+1"],"picked":"Terror","floor":20},{"not_picked":["Sucker Punch","Underhanded Strike"],"picked":"Slice","floor":22},{"not_picked":["Heel Hook","Tactician+1"],"picked":"Accuracy","floor":24},{"not_picked":["Well Laid Plans","Bane","Dagger Throw+1"],"picked":"SKIP","floor":27},{"not_picked":["Dagger Spray","Masterful Stab"],"picked":"PiercingWail","floor":29},{"not_picked":["Bane","Prepared"],"picked":"Venomology","floor":30},{"not_picked":["Unload","After Image"],"picked":"Tools of the Trade","floor":33},{"not_picked":["Underhanded Strike","Dagger Throw"],"picked":"Distraction+1","floor":35},{"not_picked":["Well Laid Plans+1","Quick Slash+1"],"picked":"Accuracy","floor":37},{"not_picked":["Prepared","Deadly Poison"],"picked":"Concentrate+1","floor":38}],"player_experience":165808,"relics_obtained":[{"floor":7.0,"key":"HornCleat"},{"floor":9.0,"key":"StoneCalendar"},{"floor":10.0,"key":"Ice Cream"},{"floor":11.0,"key":"Nunchaku"},{"floor":13.0,"key":"Lantern"},{"floor":24,"key":"Meat on the Bone"},{"floor":27,"key":"Akabeko"},{"floor":29,"key":"Red Mask"},{"floor":31,"key":"Nilry\u0027s Codex"},{"floor":37,"key":"Incense Burner"}],"event_choices":[{"damage_healed":0.0,"max_hp_gain":0.0,"max_hp_loss":0.0,"gold_gain":75.0,"event_name":"World of Goop","player_choice":"Gather Gold","floor":4.0,"gold_loss":0.0,"damage_taken":11.0},{"damage_healed":0.0,"max_hp_gain":0.0,"max_hp_loss":0.0,"gold_gain":0.0,"event_name":"Dead Adventurer","player_choice":"Searched \u00272\u0027 times","floor":11.0,"gold_loss":0.0,"damage_taken":0.0},{"damage_healed":0,"gold_gain":0,"player_choice":"Opened","damage_taken":0,"relics_obtained":["Happy Flower"],"max_hp_gain":0,"max_hp_loss":0,"event_name":"The Mausoleum","floor":28,"gold_loss":0},{"damage_healed":0,"gold_gain":0,"player_choice":"Fought Bandits","damage_taken":0,"max_hp_gain":0,"max_hp_loss":0,"event_name":"Masked Bandits","floor":29,"gold_loss":0},{"damage_healed":0,"gold_gain":0,"player_choice":"Obtained Book","damage_taken":16,"max_hp_gain":0,"max_hp_loss":0,"event_name":"Cursed Tome","floor":31,"gold_loss":0},{"damage_healed":0,"gold_gain":0,"player_choice":"Embrace Madness","damage_taken":9,"max_hp_gain":0,"max_hp_loss":0,"event_name":"Winding Halls","floor":36,"gold_loss":0,"cards_obtained":["Madness","Madness"]},{"damage_healed":0,"gold_gain":0,"player_choice":"Fight","damage_taken":0,"max_hp_gain":0,"max_hp_loss":0,"event_name":"Mysterious Sphere","floor":37,"gold_loss":0},{"damage_healed":0,"gold_gain":0,"player_choice":"Copied","damage_taken":0,"max_hp_gain":0,"max_hp_loss":0,"event_name":"Duplicator","floor":39,"gold_loss":0,"cards_obtained":["Accuracy"]}],"is_beta":false,"boss_relics":[{"not_picked":["Busted Crown","Cursed Key"],"picked":"Pandora\u0027s Box"},{"not_picked":["SlaversCollar","Snecko Eye"],"picked":"Astrolabe"}],"items_purged_floors":[],"is_endless":false,"potions_floor_spawned":[3,10,11,13,14,22,27,29,33],"killed_by":"Nemesis","ascension_level":4}}