{"host":"8is2j71l4wmybkoi","time":1612018360,"event":{"mods":["AchievementEnabler","BaseMod","Colored Map","Minty Spire (QoL Compilation)","Rare Cards Sparkle","StSLib","SuperFastMode"],"gold_per_floor":[14,27,39,49,67,67,95,20,91,91,91,101,115,149,149,149,149],"floor_reached":16,"language":"KOR","playtime":546,"items_purged":["Strike_G"],"score":171,"play_id":"5ad02773-f134-4f0c-aea2-cee357e04247","local_time":"20210130235240","is_ascension_mode":true,"campfire_choices":[{"data":"Mayhem","floor":6.0,"key":"SMITH"},{"floor":10.0,"key":"REST"},{"floor":15,"key":"DIG"}],"circlet_count":0,"master_deck":["AscendersBane","Strike_G","Strike_G","Strike_G","Defend_G","Defend_G","Defend_G","Defend_G","Defend_G","Survivor","Neutralize","Mayhem+1","Predator","Caltrops","Bouncing Flask","Backstab","Noxious Fumes","Backflip","Crippling Poison","Dash"],"relics":["Ring of the Snake","Shovel","StrikeDummy","StoneCalendar","Smiling Mask"],"acts_visited":["Exordium"],"potions_floor_usage":[13,13,14,16],"damage_taken":[{"damage":3.0,"enemies":"Cultist","floor":1.0,"turns":5.0},{"damage":2.0,"enemies":"Jaw Worm","floor":2.0,"turns":4.0},{"damage":7.0,"enemies":"Small Slimes","floor":3.0,"turns":5.0},{"damage":10.0,"enemies":"3 Louse","floor":4.0,"turns":4.0},{"damage":6.0,"enemies":"Looter","floor":5.0,"turns":3.0},{"damage":32.0,"enemies":"3 Sentries","floor":7.0,"turns":8.0},{"damage":0.0,"enemies":"Exordium Thugs","floor":12.0,"turns":5.0},{"damage":5,"enemies":"Gremlin Gang","floor":13,"turns":3},{"damage":10,"enemies":"Lagavulin","floor":14,"turns":6},{"damage":9,"enemies":"The Guardian","floor":16,"turns":8}],"seed_played":"834788034961090937","potions_obtained":[{"floor":3.0,"key":"Strength Potion"},{"floor":7.0,"key":"EntropicBrew"},{"floor":12.0,"key":"BlessingOfTheForge"},{"floor":14,"key":"Poison Potion"}],"is_trial":false,"path_per_floor":["M","M","M","M","M","R","E","$","T","R","?","M","M","E","R","B"],"character_chosen":"THE_SILENT","items_purchased":[],"campfire_rested":1,"item_purchase_floors":[],"current_hp_per_floor":[60,58,51,41,35,35,3,3,3,24,24,24,19,9,9,0,0],"gold":149,"neow_bonus":"RANDOM_COLORLESS_2","is_daily":false,"chose_seed":false,"campfire_upgraded":1,"win_rate":0.0,"timestamp":1612018360,"path_taken":["M","M","?","M","M","R","E","?","T","R","?","M","?","E","R","BOSS"],"items_purchased_type":[],"build_version":"2020-12-22","purchased_purges":1,"victory":false,"max_hp_per_floor":[70,70,70,70,70,70,70,70,70,70,70,70,70,70,70,70,70],"card_choices":[{"not_picked":["Violence","Metamorphosis"],"picked":"Mayhem","floor":0.0},{"not_picked":["Setup","Deflect","Finisher"],"picked":"SKIP","floor":1.0},{"not_picked":["Blade Dance","PiercingWail"],"picked":"Predator","floor":2.0},{"not_picked":["Underhanded Strike","Flying Knee"],"picked":"Caltrops","floor":3.0},{"not_picked":["Prepared","Dagger Throw"],"picked":"Bouncing Flask","floor":4.0},{"not_picked":["Bouncing Flask","Underhanded Strike","Finisher"],"picked":"SKIP","floor":5.0},{"not_picked":["Doppelganger","PiercingWail"],"picked":"Backstab","floor":7.0},{"not_picked":["Bouncing Flask","Slice"],"picked":"Backflip","floor":12.0},{"not_picked":["Eviscerate","Distraction"],"picked":"Crippling Poison","floor":13},{"not_picked":["Cloak And Dagger","Crippling Poison"],"picked":"Dash","floor":14}],"player_experience":857818,"relics_obtained":[{"floor":7.0,"key":"Shovel"},{"floor":9.0,"key":"StrikeDummy"},{"floor":14,"key":"StoneCalendar"},{"floor":15,"key":"Smiling Mask"}],"event_choices":[{"damage_healed":0.0,"max_hp_gain":0.0,"max_hp_loss":0.0,"gold_gain":0.0,"cards_transformed":["Strike_G"],"event_name":"Transmorgrifier","player_choice":"Transformed","floor":11.0,"gold_loss":0.0,"damage_taken":0.0,"cards_obtained":["Noxious Fumes"]}],"is_beta":false,"boss_relics":[],"items_purged_floors":[8],"is_endless":false,"potions_floor_spawned":[3,7,12,14],"killed_by":"The Guardian","ascension_level":10}}