{"host":"8dhn6p16jorj0i1s","time":1612050847,"event":{"mods":["AchievementEnabler","BaseMod","Colored Map","DeckTracker","Highlight Path","Minty Spire (QoL Compilation)","Permanent Neow","Quick Restart"],"gold_per_floor":[365,365,20,38,53,53,80,80,105,133,133,151,167,15,15,112,112,131,145,70,84,84,110,110,110,110,125,135,149,184,204,204,300,300,313,213,224,239,253,253,279,279,325,355,355,372,391,407,407,407,407,407,20,55,55,55],"floor_reached":55,"language":"ENG","playtime":13170,"items_purged":["Strike_R","Writhe"],"score":1140,"play_id":"3c08f57f-b4da-4172-b290-ef0e184be444","local_time":"20210131005407","is_ascension_mode":true,"campfire_choices":[{"data":"Heavy Blade","floor":6.0,"key":"SMITH"},{"data":"Uppercut","floor":8.0,"key":"SMITH"},{"data":"Bash","floor":11.0,"key":"SMITH"},{"data":"Double Tap","floor":15.0,"key":"SMITH"},{"data":"Offering","floor":25.0,"key":"SMITH"},{"data":"Limit Break","floor":32.0,"key":"SMITH"},{"data":"Immolate","floor":40,"key":"SMITH"},{"floor":42,"key":"RECALL"},{"data":"Whirlwind","floor":49,"key":"SMITH"},{"data":"Thunderclap","floor":52,"key":"SMITH"}],"circlet_count":0,"master_deck":["Strike_R","Defend_R+1","Defend_R","Defend_R+1","Defend_R","Bash+1","Uppercut+1","Heavy Blade+1","Thunderclap+1","Whirlwind+1","Double Tap+1","Reaper","Offering+1","Shockwave+1","Limit Break+1","Battle Trance+1","Immolate+1","Seeing Red+1","Enlightenment","Clash"],"relics":["Black Blood","Brimstone","Vajra","War Paint","Anchor","Pantograph","Nunchaku","Empty Cage","Ancient Tea Set","Matryoshka","Lantern","Singing Bowl","Tiny Chest","Pen Nib","Dream Catcher","InkBottle","ClockworkSouvenir","Oddly Smooth Stone","HornCleat"],"acts_visited":["Exordium","TheCity","TheBeyond","TheEnding"],"potions_floor_usage":[39,46,50,50,55],"damage_taken":[{"damage":5.0,"enemies":"Small Slimes","floor":1.0,"turns":4.0},{"damage":0.0,"enemies":"Cultist","floor":4.0,"turns":2.0},{"damage":8.0,"enemies":"Jaw Worm","floor":5.0,"turns":2.0},{"damage":0.0,"enemies":"Lagavulin","floor":7.0,"turns":4.0},{"damage":20.0,"enemies":"3 Sentries","floor":10.0,"turns":6.0},{"damage":1.0,"enemies":"Large Slime","floor":12.0,"turns":3.0},{"damage":0.0,"enemies":"Lots of Slimes","floor":13.0,"turns":1.0},{"damage":37.0,"enemies":"Hexaghost","floor":16.0,"turns":4.0},{"damage":10.0,"enemies":"Shell Parasite","floor":18.0,"turns":3.0},{"damage":0.0,"enemies":"Spheric Guardian","floor":19.0,"turns":2.0},{"damage":3.0,"enemies":"Centurion and Healer","floor":21.0,"turns":2.0},{"damage":50.0,"enemies":"Slavers","floor":23.0,"turns":4.0},{"damage":6.0,"enemies":"Snake Plant","floor":27.0,"turns":1.0},{"damage":6.0,"enemies":"Shelled Parasite and Fungi","floor":28.0,"turns":3.0},{"damage":0.0,"enemies":"Chosen and Byrds","floor":29.0,"turns":2.0},{"damage":23.0,"enemies":"Book of Stabbing","floor":30.0,"turns":4.0},{"damage":6.0,"enemies":"3 Cultists","floor":31.0,"turns":3.0},{"damage":20.0,"enemies":"Automaton","floor":33.0,"turns":4.0},{"damage":14,"enemies":"3 Shapes","floor":35,"turns":2},{"damage":6,"enemies":"Orb Walker","floor":37,"turns":2},{"damage":6,"enemies":"Spire Growth","floor":38,"turns":2},{"damage":32,"enemies":"Maw","floor":39,"turns":5},{"damage":6,"enemies":"Giant Head","floor":41,"turns":5},{"damage":6,"enemies":"Reptomancer","floor":44,"turns":2},{"damage":10,"enemies":"Transient","floor":46,"turns":5},{"damage":15,"enemies":"4 Shapes","floor":47,"turns":3},{"damage":6,"enemies":"3 Darklings","floor":48,"turns":1},{"damage":56,"enemies":"Time Eater","floor":50,"turns":4},{"damage":6,"enemies":"Shield and Spear","floor":54,"turns":1},{"damage":163,"enemies":"The Heart","floor":55,"turns":5}],"seed_played":"7612483774425420165","potions_obtained":[{"floor":1.0,"key":"Energy Potion"},{"floor":4.0,"key":"ColorlessPotion"},{"floor":10.0,"key":"FearPotion"},{"floor":12.0,"key":"Block Potion"},{"floor":13.0,"key":"SkillPotion"},{"floor":19.0,"key":"BloodPotion"},{"floor":21.0,"key":"CultistPotion"},{"floor":23.0,"key":"AttackPotion"},{"floor":27.0,"key":"EssenceOfSteel"},{"floor":29.0,"key":"ColorlessPotion"},{"floor":35,"key":"GamblersBrew"},{"floor":39,"key":"Weak Potion"},{"floor":41,"key":"EssenceOfSteel"},{"floor":47,"key":"SneckoOil"},{"floor":48,"key":"SkillPotion"}],"is_trial":false,"path_per_floor":["M","?","$","M","M","R","E","R","T","E","R","M","M","$","R","B",null,"M","M","$","M","?","E","?","R","T","M","M","M","E","M","R","B",null,"M","$","M","M","M","R","E","R","T","E","?","M","M","M","R","B",null,"R","$","E","B"],"character_chosen":"IRONCLAD","items_purchased":["Brimstone","Vajra","Heavy Blade","Nunchaku","ClockworkSouvenir","Oddly Smooth Stone","Enlightenment"],"campfire_rested":0,"item_purchase_floors":[3,3,3,14,53,53,53],"current_hp_per_floor":[72,72,72,72,70,70,72,72,72,58,58,63,69,69,69,41,64,60,66,66,69,69,58,58,58,58,60,60,66,70,76,76,62,73,73,73,80,82,64,64,86,86,86,86,86,88,87,92,92,48,81,81,81,92,0,0],"gold":55,"neow_bonus":"TWO_FIFTY_GOLD","is_daily":false,"chose_seed":false,"campfire_upgraded":9,"win_rate":0.0,"timestamp":1612050847,"path_taken":["M","?","$","M","M","R","E","R","T","E","R","M","M","$","R","BOSS","M","M","$","M","?","E","?","R","T","M","M","M","E","M","R","BOSS","M","$","M","M","M","R","E","R","T","E","?","M","M","M","R","BOSS","R","$","E","BOSS"],"items_purchased_type":["Relic","Relic","Card","Relic","Relic","Relic","Card"],"build_version":"2020-12-22","purchased_purges":2,"victory":false,"max_hp_per_floor":[72,72,72,72,72,72,72,72,72,72,72,72,72,72,72,72,72,72,72,72,72,72,72,72,72,72,74,74,74,76,76,76,76,76,78,78,80,82,84,84,86,86,86,86,86,88,90,92,92,92,92,92,92,92,92,92],"card_choices":[{"not_picked":["Pummel","Wild Strike"],"picked":"Uppercut","floor":1.0},{"not_picked":["Anger","Entrench","Shrug It Off"],"picked":"SKIP","floor":4.0},{"not_picked":["Bloodletting","Shrug It Off","Perfected Strike"],"picked":"SKIP","floor":5.0},{"not_picked":["Bloodletting","Shrug It Off","Perfected Strike"],"picked":"SKIP","floor":5.0},{"not_picked":["Twin Strike","Clothesline","Sever Soul"],"picked":"SKIP","floor":7.0},{"not_picked":["Cleave","Havoc"],"picked":"Thunderclap","floor":10.0},{"not_picked":["Body Slam","Armaments"],"picked":"Whirlwind","floor":12.0},{"not_picked":["Flame Barrier","Wild Strike"],"picked":"Double Tap","floor":13.0},{"not_picked":["Offering","Demon Form"],"picked":"Reaper","floor":16.0},{"not_picked":["Cleave","Anger","Perfected Strike"],"picked":"SKIP","floor":18.0},{"not_picked":["Warcry","Bloodletting","Thunderclap+1"],"picked":"SKIP","floor":19.0},{"not_picked":["Armaments","Sword Boomerang","Inflame"],"picked":"SKIP","floor":21.0},{"not_picked":["Twin Strike","Anger"],"picked":"Offering","floor":23.0},{"not_picked":["Sword Boomerang","Thunderclap+1","Searing Blow"],"picked":"Singing Bowl","floor":27.0},{"not_picked":["Pommel Strike","Wild Strike"],"picked":"Shockwave+1","floor":28.0},{"not_picked":["Second Wind","Feel No Pain"],"picked":"Limit Break","floor":29.0},{"not_picked":["Rage","Thunderclap+1","Cleave"],"picked":"Singing Bowl","floor":30.0},{"not_picked":["Pummel","Twin Strike"],"picked":"Battle Trance+1","floor":31.0},{"not_picked":["Bludgeon","Feed"],"picked":"Immolate","floor":33.0},{"not_picked":["Feel No Pain+1","Body Slam","Perfected Strike+1"],"picked":"Singing Bowl","floor":35},{"not_picked":["Warcry+1","Shrug It Off","Perfected Strike"],"picked":"Singing Bowl","floor":37},{"not_picked":["Infernal Blade","True Grit","Dual Wield"],"picked":"Singing Bowl","floor":38},{"not_picked":["Carnage","Dual Wield+1","Clothesline+1"],"picked":"Singing Bowl","floor":39},{"not_picked":["Barricade","Battle Trance","Clothesline"],"picked":"Singing Bowl","floor":41},{"not_picked":["Perfected Strike+1","Warcry+1"],"picked":"Seeing Red+1","floor":44},{"not_picked":["Entrench+1","Twin Strike","True Grit"],"picked":"Singing Bowl","floor":46},{"not_picked":["Wild Strike","Armaments","Warcry+1"],"picked":"Singing Bowl","floor":47},{"not_picked":["Iron Wave+1","Anger","Flex"],"picked":"Singing Bowl","floor":48},{"not_picked":["Fire Breathing","Carnage"],"picked":"Clash","floor":54}],"player_experience":501593,"relics_obtained":[{"floor":7.0,"key":"War Paint"},{"floor":9.0,"key":"Anchor"},{"floor":10.0,"key":"Pantograph"},{"floor":23.0,"key":"Matryoshka"},{"floor":26.0,"key":"Lantern"},{"floor":26.0,"key":"Singing Bowl"},{"floor":30.0,"key":"Tiny Chest"},{"floor":41,"key":"Pen Nib"},{"floor":43,"key":"Dream Catcher"},{"floor":44,"key":"InkBottle"},{"floor":54,"key":"HornCleat"}],"event_choices":[{"cards_removed":["Strike_R"],"damage_healed":0.0,"max_hp_gain":0.0,"max_hp_loss":0.0,"gold_gain":0.0,"event_name":"Bonfire Elementals","player_choice":"Offered Basic","floor":2.0,"gold_loss":0.0,"damage_taken":0.0},{"damage_healed":0.0,"max_hp_gain":0.0,"max_hp_loss":0.0,"gold_gain":0.0,"event_name":"The Mausoleum","player_choice":"Opened","floor":22.0,"gold_loss":0.0,"damage_taken":0.0,"relics_obtained":["Ancient Tea Set"],"cards_obtained":["Writhe"]},{"damage_healed":0.0,"max_hp_gain":0.0,"max_hp_loss":0.0,"gold_gain":0.0,"event_name":"Vampires","player_choice":"Ignored","floor":24.0,"gold_loss":0.0,"damage_taken":0.0},{"damage_healed":0,"gold_gain":0,"player_choice":"Ignored","damage_taken":0,"max_hp_gain":0,"max_hp_loss":0,"event_name":"Tomb of Lord Red Mask","floor":45,"gold_loss":0}],"is_beta":false,"boss_relics":[{"not_picked":["Busted Crown","Runic Cube"],"picked":"Empty Cage"},{"not_picked":["Pandora\u0027s Box","Tiny House"],"picked":"Black Blood"}],"items_purged_floors":[20,36],"is_endless":false,"potions_floor_spawned":[1,4,10,12,13,19,21,23,27,29,35,39,41,47,48],"killed_by":"The Heart","ascension_level":6}}