{"host":"ecuvtzmejf7hhjpv","time":1612039304,"event":{"mods":["AchievementEnabler","Act Like it!","Aspiration","BaseMod","Better Altar","Better Match","Better Note","Better Sensory Stone","Better Skull","Better Third Choice","BetterRewards","Conspire","Custom Start","Downfall","Gensokyo","GifTheSpireLib","Hallownest","Hermit","Hubris","Kratos Character Expansion","Luminous","Marisa????????","Minty Spire (QoL Compilation)","Prisma Mod","Remilia??????","Replay The Spire","Robot Space Explorer","Spicy Shops","StSLib","The Animator","The Blackbeard","The Bug Knight","The Construct","The Cursed","The Disciple","The Dragon Tamer","The Forsaken","The Hierophant","The Jungle","The Marked","The Necromancer","The Poker Player","The Wild Card","TheSwordswoman"],"gold_per_floor":[99,119,138,15,15,26,26,54,76,76,87,87,122,122,142,142,142],"floor_reached":16,"language":"ENG","playtime":638,"items_purged":[],"score":116,"play_id":"acf8bc56-10db-44f5-baee-5b4911f7d531","local_time":"20210130144144","is_ascension_mode":true,"campfire_choices":[{"floor":1,"key":"DIG"},{"data":"champ:IronFortress","floor":10,"key":"SMITH"},{"data":"champ:Duel","floor":12,"key":"SMITH"}],"circlet_count":0,"master_deck":["champ:Strike","champ:Strike","champ:Strike","champ:Strike","champ:Defend","champ:Defend","champ:Defend","champ:Defend","champ:Execute","champ:Taunt","CurseOfTheBell","champ:Duel+1","champ:IronFortress","champ:GutPunch","champ:IronFortress+1","champ:VampiricStrike","champ:Endure","champ:GutPunch","champ:VampiricStrike","champ:Backstep"],"relics":["Calling Bell","champ:DefensiveTrainingManual","Pear","Torii","Akabeko","conspire:Flyswatter","Odd Mushroom","ReplayFunnel"],"acts_visited":["Exordium"],"potions_floor_usage":[8,13,16,16],"damage_taken":[{"damage":10,"enemies":"Small Slimes","floor":2,"turns":2},{"damage":10,"enemies":"conspire:RoseBush","floor":3,"turns":3},{"damage":20,"enemies":"downfall:FleeingMerchant","floor":4,"turns":4},{"damage":0,"enemies":"2 Louse","floor":6,"turns":2},{"damage":86,"enemies":"HollowMod:MossKnight","floor":8,"turns":14},{"damage":27,"enemies":"The Mushroom Lair","floor":9,"turns":5},{"damage":11,"enemies":"Red Slaver","floor":11,"turns":3},{"damage":32,"enemies":"3 Sentries","floor":13,"turns":8},{"damage":12,"enemies":"Lots of Slimes","floor":15,"turns":5},{"damage":53,"enemies":"DF_ARCHETYPE_STREAMLINE","floor":16,"turns":9}],"seed_played":"1782293824670120339","potions_obtained":[{"floor":2,"key":"Block Potion"},{"floor":3,"key":"bronze:BurnAndBuffPotion"},{"floor":9,"key":"champ:OpenerPotion"},{"floor":11,"key":"SpeedPotion"},{"floor":15,"key":"Dexterity Potion"}],"is_trial":false,"path_per_floor":["R","M","M","$","?","M","T","E","?","R","M","R","E","?","M","B"],"character_chosen":"THE_CHAMP","items_purchased":["champ:IronFortress"],"campfire_rested":0,"item_purchase_floors":[4],"current_hp_per_floor":[100,100,100,100,100,100,100,74,57,57,56,56,44,44,42,0,0],"gold":142,"neow_bonus":"BOSS_RELIC","is_daily":false,"chose_seed":false,"campfire_upgraded":2,"win_rate":0.0,"timestamp":1612039304,"path_taken":["R","M","M","$","?","M","T","E","?","R","M","R","E","?","M","BOSS"],"items_purchased_type":["Card"],"build_version":"2020-12-22","purchased_purges":0,"victory":false,"max_hp_per_floor":[100,100,100,100,100,100,100,100,100,100,100,100,100,100,100,100,100],"card_choices":[{"not_picked":["champ:PerfectedStrike","champ:GladiatorStyle"],"picked":"champ:Duel","floor":2},{"not_picked":["champ:BerserkerStyle","champ:Circumvent"],"picked":"champ:IronFortress","floor":3},{"not_picked":["champ:EnGarde","champ:CrookedStrike"],"picked":"champ:GutPunch","floor":4},{"not_picked":["champ:TornadoPunch","champ:ShieldSigil","champ:Shatter"],"picked":"SKIP","floor":6},{"not_picked":["champ:SkillfulDodge","champ:FanOfKnives"],"picked":"champ:VampiricStrike","floor":8},{"not_picked":["champ:HeartStrike","champ:Circumvent"],"picked":"champ:Endure","floor":9},{"not_picked":["champ:TornadoPunch","champ:PreciseThrust"],"picked":"champ:GutPunch","floor":11},{"not_picked":["champ:Haymaker","champ:BladeFlurry"],"picked":"champ:VampiricStrike","floor":13},{"not_picked":["champ:BladeFlurry","champ:GutPunch"],"picked":"champ:Backstep","floor":15}],"player_experience":1175641,"relics_obtained":[{"floor":0,"key":"champ:DefensiveTrainingManual"},{"floor":0,"key":"Pear"},{"floor":0,"key":"Torii"},{"floor":1,"key":"Akabeko"},{"floor":8,"key":"conspire:Flyswatter"},{"floor":9,"key":"Odd Mushroom"},{"floor":13,"key":"ReplayFunnel"}],"event_choices":[{"damage_healed":0,"gold_gain":0,"player_choice":"Leave","damage_taken":0,"max_hp_gain":0,"max_hp_loss":0,"event_name":"conspire:Investor","floor":5,"gold_loss":0},{"damage_healed":0,"gold_gain":0,"player_choice":"Fought Mushrooms","damage_taken":0,"max_hp_gain":0,"max_hp_loss":0,"event_name":"Mushrooms","floor":9,"gold_loss":0}],"is_beta":false,"boss_relics":[],"items_purged_floors":[],"is_endless":false,"potions_floor_spawned":[2,3,9,11,15],"killed_by":"DF_ARCHETYPE_STREAMLINE","ascension_level":1}}