{"host":"kqjncq1jgqa58i7s","time":1612004488,"event":{"mods":["AchievementEnabler","BaseMod","Colored Map","Minty Spire (QoL Compilation)","Relic Stats"],"gold_per_floor":[110,130,142,154,154,185,185,214,214,241,241,260,279,279,279,351,351,362,362,68,248,258,258,292,292,292,307,335,335,360,86,86,160,160,171,220,200,210,210,210,210,230,230,230,230,230],"floor_reached":45,"language":"ENG","playtime":2729,"items_purged":["Decay"],"score":1053,"play_id":"c62998fb-575c-4d15-9aed-5d9d48c6d13e","local_time":"20210130120128","is_ascension_mode":true,"campfire_choices":[{"data":"Ragnarok","floor":7.0,"key":"SMITH"},{"data":"Eruption","floor":11.0,"key":"SMITH"},{"data":"Evaluate","floor":15.0,"key":"SMITH"},{"data":"Evaluate","floor":23.0,"key":"SMITH"},{"floor":25.0,"key":"REST"},{"floor":29.0,"key":"REST"},{"data":"ConjureBlade","floor":32.0,"key":"SMITH"},{"data":"Strike_P","floor":40.0,"key":"PURGE"},{"floor":44.0,"key":"REST"}],"circlet_count":0,"master_deck":["AscendersBane","Strike_P","Strike_P","Defend_P","Defend_P","Defend_P","Defend_P","Eruption+1","Vigilance","FlurryOfBlows","Evaluate+1","FlurryOfBlows","Ragnarok+1","FlurryOfBlows","Protect","WheelKick","ClearTheMind","FlurryOfBlows","ConjureBlade+1","FlurryOfBlows+1","Evaluate+1","WreathOfFlame","Vault","DevaForm","Crescendo","EmptyBody+1"],"relics":["PureWater","Centennial Puzzle","MealTicket","Torii","Runic Pyramid","Happy Flower","Orichalcum","HornCleat","Tiny Chest","Blood Vial","InkBottle","Black Star","Peace Pipe","Mango","Ice Cream"],"acts_visited":["Exordium","TheCity","TheBeyond"],"potions_floor_usage":[],"damage_taken":[{"damage":1.0,"enemies":"Small Slimes","floor":1.0,"turns":4.0},{"damage":0.0,"enemies":"Cultist","floor":2.0,"turns":2.0},{"damage":3.0,"enemies":"Jaw Worm","floor":3.0,"turns":4.0},{"damage":3.0,"enemies":"Blue Slaver","floor":4.0,"turns":3.0},{"damage":16.0,"enemies":"Gremlin Nob","floor":6.0,"turns":3.0},{"damage":0.0,"enemies":"Lagavulin","floor":8.0,"turns":4.0},{"damage":8.0,"enemies":"Gremlin Nob","floor":10.0,"turns":3.0},{"damage":0.0,"enemies":"3 Louse","floor":12.0,"turns":1.0},{"damage":1.0,"enemies":"Red Slaver","floor":13.0,"turns":3.0},{"damage":1.0,"enemies":"Slime Boss","floor":16.0,"turns":7.0},{"damage":0.0,"enemies":"Chosen","floor":18.0,"turns":3.0},{"damage":13.0,"enemies":"3 Byrds","floor":22.0,"turns":6.0},{"damage":22.0,"enemies":"Book of Stabbing","floor":24.0,"turns":5.0},{"damage":11.0,"enemies":"Centurion and Healer","floor":27.0,"turns":8.0},{"damage":13.0,"enemies":"Gremlin Leader","floor":28.0,"turns":4.0},{"damage":14.0,"enemies":"Book of Stabbing","floor":30.0,"turns":5.0},{"damage":30.0,"enemies":"Automaton","floor":33.0,"turns":6.0},{"damage":12.0,"enemies":"3 Shapes","floor":35.0,"turns":2.0},{"damage":19.0,"enemies":"2 Orb Walkers","floor":36.0,"turns":4.0},{"damage":8.0,"enemies":"3 Darklings","floor":38.0,"turns":5.0},{"damage":62.0,"enemies":"Transient","floor":42.0,"turns":7.0},{"damage":34,"enemies":"Spire Growth","floor":45,"turns":5}],"seed_played":"1008870246680636221","potions_obtained":[{"floor":2.0,"key":"SpeedPotion"},{"floor":4.0,"key":"Ancient Potion"},{"floor":28.0,"key":"Ancient Potion"},{"floor":33.0,"key":"Ambrosia"},{"floor":35.0,"key":"SpeedPotion"}],"is_trial":false,"path_per_floor":["M","M","M","M","?","E","R","E","T","E","R","M","M","?","R","B",null,"M","?","$","?","M","R","E","R","T","M","E","R","E","$","R","B",null,"M","?","?","M","T","R","?","M","T","R","M"],"character_chosen":"WATCHER","items_purchased":["Happy Flower","Evaluate","InkBottle"],"campfire_rested":3,"item_purchase_floors":[20,20,31],"current_hp_per_floor":[66,66,63,60,60,44,44,44,44,36,36,36,35,35,35,34,64,64,64,74,55,42,42,20,42,42,31,18,40,26,41,41,13,59,49,32,32,26,40,40,72,10,10,31,0,0],"gold":230,"neow_bonus":"TEN_PERCENT_HP_BONUS","is_daily":false,"chose_seed":false,"campfire_upgraded":5,"win_rate":0.0,"timestamp":1612004488,"path_taken":["M","M","M","M","?","E","R","E","T","E","R","?","M","?","R","BOSS","M","?","$","?","?","R","E","R","T","M","E","R","E","?","R","BOSS","M","?","?","M","?","R","?","M","T","R","?"],"items_purchased_type":["Relic","Card","Relic"],"build_version":"2020-12-22","purchased_purges":1,"victory":false,"max_hp_per_floor":[74,74,74,74,74,74,74,74,74,74,74,74,74,74,74,74,74,74,74,74,74,74,74,74,74,74,74,74,74,74,74,74,74,74,74,74,74,74,88,88,72,72,72,72,72,72],"relic_stats":{"Blood Vial":10,"Peace Pipe":1,"Centennial Puzzle":[42],"Torii":24,"Happy Flower":[19],"counters":[22,94],"MealTicket":25,"Tiny Chest":1,"Black Star":0,"Orichalcum":[78],"obtain_stats":[{"Ice Cream":43,"Torii":10,"Happy Flower":20,"Mango":39,"Orichalcum":24,"Blood Vial":30,"Peace Pipe":36,"Centennial Puzzle":6,"HornCleat":26,"MealTicket":8,"Tiny Chest":28,"Black Star":34,"PureWater":0,"InkBottle":31,"Runic Pyramid":17},{"Ice Cream":21,"Torii":7,"Happy Flower":11,"Mango":20,"Orichalcum":13,"Blood Vial":16,"Peace Pipe":19,"Centennial Puzzle":5,"HornCleat":13,"MealTicket":6,"Tiny Chest":15,"Black Star":17,"PureWater":0,"InkBottle":16,"Runic Pyramid":10},{"Ice Cream":89,"Torii":23,"Happy Flower":37,"Mango":82,"Orichalcum":48,"Blood Vial":65,"Peace Pipe":77,"Centennial Puzzle":16,"HornCleat":48,"MealTicket":20,"Tiny Chest":60,"Black Star":71,"PureWater":0,"InkBottle":65,"Runic Pyramid":34}],"InkBottle":[13]},"card_choices":[{"not_picked":["FlyingSleeves","EmptyBody"],"picked":"FlurryOfBlows","floor":1.0},{"not_picked":["ThirdEye","JustLucky"],"picked":"Evaluate","floor":2.0},{"not_picked":["SashWhip","Consecrate"],"picked":"FlurryOfBlows","floor":3.0},{"not_picked":["ThirdEye","Collect"],"picked":"Ragnarok","floor":4.0},{"not_picked":["CrushJoints","ThirdEye"],"picked":"FlurryOfBlows","floor":6.0},{"not_picked":["Worship","PathToVictory"],"picked":"Protect","floor":8.0},{"not_picked":["CarveReality","WaveOfTheHand"],"picked":"WheelKick","floor":10.0},{"not_picked":["FlyingSleeves","Protect"],"picked":"ClearTheMind","floor":12.0},{"not_picked":["FearNoEvil","SignatureMove"],"picked":"FlurryOfBlows","floor":13.0},{"not_picked":["Judgement","Brilliance"],"picked":"ConjureBlade","floor":16.0},{"not_picked":["ClearTheMind+1","Crescendo"],"picked":"FlurryOfBlows+1","floor":18.0},{"not_picked":["ClearTheMind","Tantrum","ReachHeaven"],"picked":"SKIP","floor":22.0},{"not_picked":["Prostrate","Worship","Weave"],"picked":"SKIP","floor":24.0},{"not_picked":["FollowUp","Evaluate"],"picked":"WreathOfFlame","floor":27.0},{"not_picked":["SashWhip","Vengeance"],"picked":"Vault","floor":28.0},{"not_picked":["Fasting2","WreathOfFlame","Consecrate"],"picked":"SKIP","floor":30.0},{"not_picked":["Brilliance","Blasphemy"],"picked":"DevaForm","floor":33.0},{"not_picked":["Nirvana","Consecrate","ThirdEye+1"],"picked":"SKIP","floor":35.0},{"not_picked":["FlyingSleeves","WaveOfTheHand"],"picked":"Crescendo","floor":36.0},{"not_picked":["Consecrate","FlurryOfBlows+1"],"picked":"EmptyBody+1","floor":38.0},{"not_picked":["SashWhip+1","Evaluate","EmptyFist"],"picked":"SKIP","floor":42.0}],"player_experience":1640124,"relics_obtained":[{"floor":6.0,"key":"Centennial Puzzle"},{"floor":8.0,"key":"MealTicket"},{"floor":10.0,"key":"Torii"},{"floor":24.0,"key":"Orichalcum"},{"floor":26.0,"key":"HornCleat"},{"floor":28.0,"key":"Tiny Chest"},{"floor":30.0,"key":"Blood Vial"},{"floor":36.0,"key":"Peace Pipe"},{"floor":39.0,"key":"Mango"},{"floor":43.0,"key":"Ice Cream"}],"event_choices":[{"cards_removed":["Strike_P"],"damage_healed":0.0,"max_hp_gain":0.0,"max_hp_loss":0.0,"gold_gain":0.0,"event_name":"Purifier","player_choice":"Purged","floor":5.0,"gold_loss":0.0,"damage_taken":0.0},{"damage_healed":0.0,"max_hp_gain":0.0,"max_hp_loss":0.0,"gold_gain":0.0,"event_name":"Liars Game","player_choice":"Ignored","floor":14.0,"gold_loss":0.0,"damage_taken":0.0},{"damage_healed":0.0,"max_hp_gain":0.0,"max_hp_loss":0.0,"gold_gain":0.0,"event_name":"Forgotten Altar","player_choice":"Smashed Altar","floor":19.0,"gold_loss":0.0,"damage_taken":0.0,"cards_obtained":["Decay"]},{"damage_healed":0.0,"max_hp_gain":0.0,"max_hp_loss":0.0,"gold_gain":180.0,"event_name":"Knowing Skull","player_choice":"GOLD GOLD ","floor":21.0,"potions_obtained":[],"gold_loss":0.0,"damage_taken":19.0,"cards_obtained":[]},{"damage_healed":0.0,"max_hp_gain":0.0,"max_hp_loss":0.0,"gold_gain":0.0,"event_name":"Mysterious Sphere","player_choice":"Fight","floor":36.0,"gold_loss":0.0,"damage_taken":0.0},{"damage_healed":0.0,"max_hp_gain":0.0,"max_hp_loss":0.0,"gold_gain":0.0,"event_name":"The Woman in Blue","player_choice":"Bought 1 Potion","floor":37.0,"gold_loss":0.0,"damage_taken":0.0},{"damage_healed":72.0,"max_hp_gain":0.0,"max_hp_loss":16.0,"gold_gain":0.0,"event_name":"The Moai Head","player_choice":"Heal","floor":41.0,"gold_loss":0.0,"damage_taken":0.0}],"is_beta":false,"boss_relics":[{"not_picked":["Empty Cage","Fusion Hammer"],"picked":"Runic Pyramid"},{"not_picked":["Tiny House","Astrolabe"],"picked":"Black Star"}],"items_purged_floors":[20],"is_endless":false,"potions_floor_spawned":[2,4,6,10,22,28,33,35,38],"killed_by":"Spire Growth","ascension_level":20}}