{"host":"8b2tzytxrazqquwe","time":1612037623,"event":{"mods":["BaseMod","Card Forge","Colored Map","Highlight Path","Minty Spire (QoL Compilation)","StSLib","The Marked"],"gold_per_floor":[116,136,136,155,171,205,205,221,221,233,233,261,261,277,277,379,379,391,410,410,410],"floor_reached":20,"language":"ENG","playtime":1351,"items_purged":[],"score":413,"play_id":"9fb3a8c5-15d0-4455-8274-f660f14ad507","local_time":"20210130201343","is_ascension_mode":false,"campfire_choices":[{"floor":7,"key":"REST"},{"floor":15,"key":"REST"}],"circlet_count":0,"master_deck":["Anger","Armaments","Barricade","Bash","Battle Trance","Body Slam","Bludgeon","Bloodletting","Blood for Blood","Berserk","Brutality","Burning Pact","Carnage","Clash","Cleave","Defend_R","Dark Embrace","Corruption","Combust","Clothesline","Demon Form","Disarm","Double Tap","Dropkick","Dual Wield","Feel No Pain","Feed","Exhume","Evolve","Entrench","Fiend Fire","Fire Breathing","Flame Barrier","Flex","Ghostly Armor","Immolate","Hemokinesis","Heavy Blade","Headbutt","Havoc","Impervious","Infernal Blade","Inflame","Intimidate","Iron Wave","Perfected Strike","Offering","Metallicize","Limit Break","Juggernaut","Pommel Strike","Power Through","Pummel","Rage","Rampage","Second Wind","Searing Blow","Rupture","Reckless Charge","Reaper","Seeing Red","Sentinel","Sever Soul","Shockwave","Shrug It Off","True Grit","Thunderclap","Sword Boomerang","Strike_R","Spot Weakness","Twin Strike","Uppercut","Warcry","Whirlwind","Wild Strike","After Image","Adrenaline","Acrobatics","Accuracy","A Thousand Cuts","Venomology","All Out Attack","Backflip","Backstab","Bane","Burst","Bullet Time","Bouncing Flask","Blur","Blade Dance","Calculated Gamble","Caltrops","Catalyst","Choke","Cloak And Dagger","Dagger Throw","Dagger Spray","Crippling Poison","Corpse Explosion","Concentrate","Dash","Deadly Poison","Defend_G","Deflect","Die Die Die","Envenom","Endless Agony","Doppelganger","Dodge and Roll","Distraction","Escape Plan","Eviscerate","Expertise","Finisher","Flechettes","Heel Hook","Grand Finale","Glass Knife","Footwork","Flying Knee","Infinite Blades","Leg Sweep","Malaise","Masterful Stab","Neutralize","PiercingWail","Phantasmal Killer","Outmaneuver","Noxious Fumes","Night Terror","Poisoned Stab","Predator","Prepared","Quick Slash","Reflex","Underhanded Strike","Slice","Skewer","Setup","Riddle With Holes","Storm of Steel","Strike_G","Sucker Punch","Survivor","Tactician","Wraith Form v2","Well Laid Plans","Unload","Tools of the Trade","Terror","Aggregate","All For One","Amplify","Auto Shields","Ball Lightning","BootSequence","Blizzard","Biased Cognition","Beam Cell","Barrage","Buffer","Lockon","Capacitor","Chaos","Conserve Battery","Consume","Compile Driver","Cold Snap","Gash","Chill","Coolheaded","Core Surge","Creative AI","Darkness","Defend_B","Echo Form","Dualcast","Doom and Gloom","Double Energy","Defragment","Electrodynamics","Undo","FTL","Fission","Force Field","Heatsinks","Go for the Eyes","Glacier","Genetic Algorithm","Fusion","Hello World","Hologram","Hyperbeam","Leap","Loop","Steam Power","Multi-Cast","Meteor Strike","Melter","Machine Learning","Rainbow","Reboot","Rebound","Redo","Recycle","Seek","Scrape","Rip and Tear","Reprogram","Reinforced Body","Self Repair","Skim","Stack","Static Discharge","Steam","Sweeping Beam","Sunder","Strike_B","Streamline","Storm","Turbo","Tempest","Thunder Strike","White Noise","Zap","Brilliance","BowlingBash","Blasphemy","BattleHymn","Alpha","CarveReality","Collect","Conclude","ConjureBlade","Consecrate","Defend_P","DeceiveReality","CutThroughFate","CrushJoints","Crescendo","DeusExMachina","DevaForm","Devotion","EmptyBody","EmptyFist","Fasting2","Evaluate","Establishment","Eruption","EmptyMind","FearNoEvil","FlurryOfBlows","FlyingSleeves","FollowUp","ForeignInfluence","Judgement","InnerPeace","Indignation","Halt","Wireheading","JustLucky","LessonLearned","LikeWater","MasterReality","Meditate","Pray","Perseverance","Omniscience","Nirvana","MentalFortress","PathToVictory","Prostrate","Protect","Ragnarok","ReachHeaven","Scrawl","SashWhip","SandsOfTime","Sanctity","Adaptation","SignatureMove","Vengeance","SpiritShield","Strike_P","Study","ClearTheMind","ThirdEye","Tantrum","TalkToTheHand","Swivel","Vault","Vigilance","Wallop","WaveOfTheHand","Weave","WreathOfFlame","Worship","Wish","WindmillStrike","WheelKick","Apotheosis","Ghostly","Bandage Up","Beta","Bite","Blind","Burn","Chrysalis","BecomeAlmighty","Dark Shackles","Dazed","Deep Breath","Discovery","Finesse","FameAndFortune","Expunger","Enlightenment","Dramatic Entrance","Flash of Steel","Forethought","Good Instincts","HandOfGreed","Impatience","LiveForever","Jack Of All Trades","J.A.X.","Insight","Madness","Magnetism","Master of Strategy","Mayhem","Metamorphosis","Panache","Panacea","Omega","Miracle","PanicButton","Purity","theMarked:Riposte","RitualDagger","Sadistic Nature","Slimed","Shiv","Secret Weapon","Secret Technique","Safety","Smite","Swift Strike","The Bomb","Thinking Ahead","Void","Violence","Trip","Transmutation","ThroughViolence","Wound","AscendersBane","Clumsy","CurseOfTheBell","Decay","Pain","Normality","Necronomicurse","Injury","Doubt","Parasite","Pride","Regret","Shame","Writhe"],"relics":["Ring of the Snake","Hammer of Thor","Seething Fire","Anvil of the Gods","Pen Nib","Shuriken","SlaversCollar"],"acts_visited":["Exordium","TheCity"],"potions_floor_usage":[],"damage_taken":[{"damage":0,"enemies":"Cultist","floor":1,"turns":1},{"damage":0,"enemies":"2 Louse","floor":2,"turns":1},{"damage":5,"enemies":"Small Slimes","floor":4,"turns":3},{"damage":2,"enemies":"2 Fungi Beasts","floor":5,"turns":1},{"damage":0,"enemies":"Gremlin Nob","floor":6,"turns":1},{"damage":0,"enemies":"Gremlin Gang","floor":8,"turns":3},{"damage":0,"enemies":"Blue Slaver","floor":10,"turns":1},{"damage":0,"enemies":"Lagavulin","floor":12,"turns":1},{"damage":12,"enemies":"Exordium Thugs","floor":14,"turns":6},{"damage":51,"enemies":"Slime Boss","floor":16,"turns":9},{"damage":3,"enemies":"Chosen","floor":18,"turns":4},{"damage":10,"enemies":"Spheric Guardian","floor":19,"turns":3},{"damage":0,"enemies":"3 Cultists","floor":20,"turns":1}],"seed_played":"-2349782149650539886","potions_obtained":[{"floor":4,"key":"Ancient Potion"},{"floor":6,"key":"Ancient Potion"},{"floor":8,"key":"Regen Potion"},{"floor":16,"key":"FearPotion"}],"is_trial":false,"path_per_floor":["M","M","$","M","M","E","R","M","T","M","?","E","?","M","R","B",null,"M","M","M"],"character_chosen":"THE_SILENT","items_purchased":[],"campfire_rested":2,"item_purchase_floors":[],"current_hp_per_floor":[77,77,77,72,70,70,77,77,77,77,77,77,77,65,77,28,77,74,66,66,66],"gold":410,"neow_bonus":"TEN_PERCENT_HP_BONUS","is_daily":false,"chose_seed":false,"campfire_upgraded":0,"win_rate":0.0,"timestamp":1612037623,"path_taken":["M","M","?","M","M","E","R","M","T","M","?","E","?","M","R","BOSS","M","M","M"],"items_purchased_type":[],"build_version":"2020-12-22","purchased_purges":0,"victory":false,"max_hp_per_floor":[77,77,77,77,77,77,77,77,77,77,77,77,77,77,77,77,77,77,77,77,77],"card_choices":[{"not_picked":["Blade Dance","Flying Knee","Expertise"],"picked":"SKIP","floor":1},{"not_picked":["Dodge and Roll","Flying Knee","Acrobatics"],"picked":"SKIP","floor":2},{"not_picked":["Quick Slash","Masterful Stab","Infinite Blades"],"picked":"SKIP","floor":4},{"not_picked":["Crippling Poison","After Image","Reflex"],"picked":"SKIP","floor":5},{"not_picked":["Distraction","Underhanded Strike","Acrobatics"],"picked":"SKIP","floor":6},{"not_picked":["Eviscerate","Escape Plan","Reflex"],"picked":"SKIP","floor":8},{"not_picked":["Blade Dance","Slice","Backflip"],"picked":"SKIP","floor":10},{"not_picked":["Sucker Punch","Footwork","Malaise"],"picked":"SKIP","floor":12},{"not_picked":["Choke","Quick Slash","Dagger Spray"],"picked":"SKIP","floor":14},{"not_picked":["Deadly Poison","Backstab","Dodge and Roll"],"picked":"SKIP","floor":18},{"not_picked":["Poisoned Stab","Sucker Punch+1","Burst"],"picked":"SKIP","floor":19}],"player_experience":33474,"relics_obtained":[{"floor":6,"key":"Pen Nib"},{"floor":12,"key":"Shuriken"}],"event_choices":[{"damage_healed":0,"gold_gain":0,"player_choice":"Ignored","damage_taken":0,"max_hp_gain":0,"max_hp_loss":0,"event_name":"Liars Game","floor":11,"gold_loss":0},{"damage_healed":0,"gold_gain":0,"player_choice":"Ignored","damage_taken":0,"max_hp_gain":0,"max_hp_loss":0,"event_name":"Golden Wing","floor":13,"gold_loss":0}],"is_beta":false,"boss_relics":[{"not_picked":["Tiny House","SacredBark"],"picked":"SlaversCollar"}],"items_purged_floors":[],"is_endless":false,"potions_floor_spawned":[4,6,8,16],"killed_by":"3 Cultists","ascension_level":0}}