{"host":"9oysz4knkucnjyyz","time":1612033080,"event":{"mods":["100% Spire Juice","2.2 Compatiblity","A Penny For Your Troubles","Act Like it!","BaseMod","Better Altar","Better Match","Better Note","Better Sensory Stone","Better Skull","Better Third Choice","BetterRewards","Displayed Cursed Tome","Downfall","Friendly Minions","Googly Eyes","GungeonMod","Hallownest","Hermit","Lobotomy","LobotomyExtend","Minty Spire (QoL Compilation)","Reliquary","Spicy Shops","Spire Arcade","Spire Birthday Party","StSLib","The Bug Knight","Wide Potions","everything is the same but u backflip on backflip","slay the spire mod where everything is the same but ironclad has a cowboy hat"],"gold_per_floor":[119,138,155,165,165,165,196,196,196,196,215,227,238,268,268,268,268],"floor_reached":16,"language":"ENG","playtime":378,"items_purged":[],"score":253,"play_id":"499908c8-1f76-4a14-af38-b4c86579a544","local_time":"20210130135800","is_ascension_mode":true,"campfire_choices":[],"circlet_count":0,"master_deck":["SpecialBullet","SpecialBullet","SpecialBullet","SpecialBullet","SpecialBullet","SpecialBullet","SpecialBullet","SpecialBullet","InformationCode","SecurityCode","DisciplinaryCode","Wellcheers","WallGazer","LaLuna","WristCuter+1","Scorched","Logging","BigBird","FourthMatchFlame","OldLady","MHz"],"relics":["CogitoBucket","RabbitCall","NeowsBlessing","LetterFromLob","Singing Bowl","DemoMod:MemoryAlloy","BackwardClock","Darkstone Periapt"],"acts_visited":["Exordium"],"potions_floor_usage":[4,14],"damage_taken":[{"damage":0,"enemies":"Jaw Worm","floor":1,"turns":1},{"damage":0,"enemies":"Cultist","floor":2,"turns":1},{"damage":0,"enemies":"Small Slimes","floor":3,"turns":1},{"damage":2,"enemies":"3 Louse","floor":4,"turns":2},{"damage":34,"enemies":"Gremlin Nob","floor":7,"turns":4},{"damage":39,"enemies":"Exordium Wildlife","floor":11,"turns":6},{"damage":15,"enemies":"Gremlin Gang","floor":12,"turns":3},{"damage":16,"enemies":"Red Slaver","floor":13,"turns":2},{"damage":12,"enemies":"3 Sentries","floor":14,"turns":4},{"damage":55,"enemies":"The Guardian","floor":16,"turns":5}],"seed_played":"7531589668991080848","potions_obtained":[{"floor":3,"key":"Explosive Potion"},{"floor":12,"key":"Block Potion"},{"floor":14,"key":"Energy Potion"}],"is_trial":false,"path_per_floor":["M","M","M","M","?","R","E","R","T","R","M","M","M","E","R","B"],"character_chosen":"Angela","items_purchased":[],"campfire_rested":0,"item_purchase_floors":[],"current_hp_per_floor":[70,70,70,70,70,70,48,48,48,48,25,28,26,32,32,0,0],"gold":268,"neow_bonus":"THREE_ENEMY_KILL","is_daily":false,"chose_seed":false,"campfire_upgraded":0,"win_rate":0.0,"timestamp":1612033080,"path_taken":["M","M","M","M","?","R","E","R","T","R","M","M","M","E","R","BOSS"],"items_purchased_type":[],"build_version":"2020-12-22","purchased_purges":0,"victory":false,"max_hp_per_floor":[70,70,70,70,70,70,74,74,74,74,78,84,86,92,92,92,92],"card_choices":[{"not_picked":["BlackSwan","CherryBlossoms"],"picked":"Wellcheers","floor":1},{"not_picked":["Lantern","Wingbeat"],"picked":"SKIP","floor":1},{"not_picked":["Heaven","Loneliness"],"picked":"SKIP","floor":2},{"not_picked":["BigBadWolf","BeautyBeast"],"picked":"WallGazer","floor":3},{"not_picked":["SomewhereSpear","Moonlight"],"picked":"SKIP","floor":3},{"not_picked":["Mercenary","BlackSwan"],"picked":"LaLuna","floor":4},{"not_picked":["Harvest"],"picked":"WristCuter","floor":4},{"not_picked":["VoidDream","OldLady"],"picked":"Scorched","floor":7},{"not_picked":["Harmony"],"picked":"Logging","floor":7},{"not_picked":["ShyLook","MHz"],"picked":"BigBird","floor":11},{"not_picked":["BlueScar"],"picked":"FourthMatchFlame","floor":11},{"not_picked":["SpiderBud","HeroicMonk"],"picked":"OldLady","floor":12},{"not_picked":["CUTE","Penitence"],"picked":"Singing Bowl","floor":12},{"not_picked":["Harvest","Tough"],"picked":"Singing Bowl","floor":13},{"not_picked":["MeatLantern","DespairKnight"],"picked":"MHz","floor":14},{"not_picked":["Horn","RedEyes"],"picked":"Singing Bowl","floor":14}],"player_experience":371732,"relics_obtained":[{"floor":1,"key":"LetterFromLob"},{"floor":7,"key":"Singing Bowl"},{"floor":9,"key":"DemoMod:MemoryAlloy"},{"floor":14,"key":"Darkstone Periapt"}],"event_choices":[{"damage_healed":0,"gold_gain":0,"player_choice":"Forge","damage_taken":0,"max_hp_gain":0,"max_hp_loss":0,"event_name":"Accursed Blacksmith","floor":5,"gold_loss":0,"cards_upgraded":["WristCuter"]}],"is_beta":false,"boss_relics":[],"items_purged_floors":[],"is_endless":false,"potions_floor_spawned":[2,3,12,13,14],"killed_by":"The Guardian","ascension_level":20}}