{"host":"r4aerl4ckfvw1dw3","time":1612042473,"event":{"mods":["BaseMod","BetterRewards","Minty Spire (QoL Compilation)","Quick Restart","StSLib"],"gold_per_floor":[118,118,138,156,156,156,177,177,177,196,214,389,403,439,439,439,439],"floor_reached":16,"language":"ENG","playtime":535,"items_purged":[],"score":162,"play_id":"c5d41e44-6107-4821-829e-164af4ff1c44","local_time":"20210130133433","is_ascension_mode":true,"campfire_choices":[{"floor":6,"key":"RECALL"},{"data":"Rampage","floor":8,"key":"SMITH"},{"data":"Seeing Red","floor":15,"key":"SMITH"}],"circlet_count":0,"master_deck":["Strike_R","Strike_R","Strike_R","Strike_R","Strike_R","Defend_R","Defend_R","Defend_R","Defend_R","Bash","Dramatic Entrance","Thunderclap","Injury","Flex","Rampage+1","Uppercut","Inflame","Headbutt","Doubt","Seeing Red+1","Anger"],"relics":["Burning Blood","Golden Idol","Art of War","Toxic Egg 2"],"acts_visited":["Exordium"],"potions_floor_usage":[14,16,16,16],"damage_taken":[{"damage":1,"enemies":"Jaw Worm","floor":1,"turns":3},{"damage":0,"enemies":"2 Louse","floor":3,"turns":2},{"damage":0,"enemies":"Cultist","floor":4,"turns":2},{"damage":8,"enemies":"2 Fungi Beasts","floor":7,"turns":3},{"damage":0,"enemies":"Large Slime","floor":10,"turns":3},{"damage":9,"enemies":"Exordium Wildlife","floor":11,"turns":3},{"damage":0,"enemies":"2 Fungi Beasts","floor":13,"turns":2},{"damage":13,"enemies":"Lagavulin","floor":14,"turns":4},{"damage":118,"enemies":"The Guardian","floor":16,"turns":15}],"seed_played":"4018620074269817079","potions_obtained":[{"floor":3,"key":"ColorlessPotion"},{"floor":5,"key":"Fire Potion"},{"floor":5,"key":"PowerPotion"},{"floor":10,"key":"Regen Potion"},{"floor":14,"key":"Regen Potion"}],"is_trial":false,"path_per_floor":["M","?","M","M","?","R","M","R","T","M","M","?","M","E","R","B"],"character_chosen":"IRONCLAD","items_purchased":["Dramatic Entrance"],"campfire_rested":0,"item_purchase_floors":[0],"current_hp_per_floor":[80,80,80,80,80,80,78,78,78,80,77,77,80,73,73,0,0],"gold":439,"neow_bonus":"","is_daily":false,"chose_seed":false,"campfire_upgraded":2,"win_rate":0.0,"timestamp":1612042473,"path_taken":["M","?","M","M","?","R","M","R","T","M","?","?","M","E","R","BOSS"],"items_purchased_type":["Card"],"build_version":"2020-12-22","purchased_purges":0,"victory":false,"max_hp_per_floor":[80,80,80,80,80,80,80,80,80,80,80,80,80,80,80,80,80],"card_choices":[{"not_picked":["Pommel Strike","Armaments"],"picked":"Thunderclap","floor":1},{"not_picked":["Shockwave","Second Wind"],"picked":"Flex","floor":3},{"not_picked":["Intimidate","Body Slam"],"picked":"Rampage","floor":4},{"not_picked":["Burning Pact","True Grit"],"picked":"Uppercut","floor":7},{"not_picked":["Hemokinesis","Clash"],"picked":"Inflame","floor":10},{"not_picked":["Clash","Exhume"],"picked":"Headbutt","floor":11},{"not_picked":["Spot Weakness","Warcry"],"picked":"Seeing Red","floor":13},{"not_picked":["Twin Strike","Uppercut"],"picked":"Anger","floor":14}],"player_experience":445840,"relics_obtained":[{"floor":9,"key":"Art of War"},{"floor":14,"key":"Toxic Egg 2"}],"event_choices":[{"damage_healed":0,"gold_gain":0,"player_choice":"Take Wound","damage_taken":0,"relics_obtained":["Golden Idol"],"max_hp_gain":0,"max_hp_loss":0,"event_name":"Golden Idol","floor":2,"gold_loss":0,"cards_obtained":["Injury"]},{"damage_healed":0,"gold_gain":0,"player_choice":"Got Potions","damage_taken":0,"max_hp_gain":0,"max_hp_loss":0,"event_name":"Lab","floor":5,"gold_loss":0},{"damage_healed":0,"gold_gain":175,"player_choice":"AGREE","damage_taken":0,"max_hp_gain":0,"max_hp_loss":0,"event_name":"Liars Game","floor":12,"gold_loss":0,"cards_obtained":["Doubt"]}],"is_beta":false,"boss_relics":[],"items_purged_floors":[],"is_endless":false,"potions_floor_spawned":[3,10,11,14],"killed_by":"The Guardian","ascension_level":1}}