{"host":"i4d8tgqbnmcnjm0a","time":1612049508,"event":{"mods":["BaseMod","Keyboard Shortcuts","Minty Spire (QoL Compilation)"],"gold_per_floor":[114,134,148,161,175,203,203,228,275,309,320,349,364,364,364,459,459,470,98,110,129,129,154,154,165,239,239,239,239],"floor_reached":28,"language":"ENG","playtime":3042,"items_purged":["Strike_R"],"score":327,"play_id":"d060565a-a8ac-42e2-82a3-39799fd0259f","local_time":"20210130183148","is_ascension_mode":true,"campfire_choices":[{"floor":7,"key":"REST"},{"data":"Pommel Strike","floor":15,"key":"SMITH"},{"floor":24,"key":"REST"},{"floor":27,"key":"RECALL"}],"circlet_count":0,"master_deck":["Strike_R","Strike_R","Strike_R+1","Strike_R","Defend_R","Defend_R","Defend_R","Defend_R","Bash+1","Spot Weakness","Headbutt","Thunderclap","Thunderclap","Impervious","Immolate","Shrug It Off","Headbutt","Ghostly Armor","Pommel Strike+1","Bludgeon","Bash","Feed","Master of Strategy","Pommel Strike+1","Metallicize+1","Sword Boomerang+1"],"relics":["Burning Blood","NeowsBlessing","Blood Vial","Darkstone Periapt","Smiling Mask","Gremlin Horn","Whetstone","SacredBark","Anchor","Bag of Marbles"],"acts_visited":["Exordium","TheCity"],"potions_floor_usage":[5,6,10,13,16,16,20,23,28],"damage_taken":[{"damage":0,"enemies":"Cultist","floor":1,"turns":1},{"damage":0,"enemies":"2 Louse","floor":2,"turns":1},{"damage":0,"enemies":"Jaw Worm","floor":3,"turns":1},{"damage":11,"enemies":"2 Fungi Beasts","floor":4,"turns":3},{"damage":11,"enemies":"Blue Slaver","floor":5,"turns":3},{"damage":38,"enemies":"Lagavulin","floor":6,"turns":6},{"damage":17,"enemies":"3 Sentries","floor":8,"turns":5},{"damage":23,"enemies":"Lagavulin","floor":10,"turns":6},{"damage":1,"enemies":"Lots of Slimes","floor":11,"turns":2},{"damage":13,"enemies":"3 Sentries","floor":12,"turns":3},{"damage":2,"enemies":"2 Fungi Beasts","floor":13,"turns":3},{"damage":55,"enemies":"Hexaghost","floor":16,"turns":9},{"damage":44,"enemies":"Shell Parasite","floor":18,"turns":6},{"damage":30,"enemies":"Spheric Guardian","floor":20,"turns":5},{"damage":0,"enemies":"Snecko","floor":21,"turns":3},{"damage":0,"enemies":"Gremlin Leader","floor":23,"turns":4},{"damage":52,"enemies":"Sentry and Sphere","floor":25,"turns":6},{"damage":59,"enemies":"Book of Stabbing","floor":28,"turns":7}],"seed_played":"-7513432199491039164","potions_obtained":[{"floor":1,"key":"LiquidMemories"},{"floor":2,"key":"Block Potion"},{"floor":5,"key":"ColorlessPotion"},{"floor":10,"key":"BloodPotion"},{"floor":11,"key":"CultistPotion"},{"floor":12,"key":"Weak Potion"},{"floor":13,"key":"BlessingOfTheForge"},{"floor":18,"key":"Explosive Potion"},{"floor":21,"key":"BloodPotion"}],"is_trial":false,"path_per_floor":["M","M","M","M","M","E","R","E","T","E","M","E","M","?","R","B",null,"M","$","M","M","?","E","R","M","T","R","E"],"character_chosen":"IRONCLAD","items_purchased":["Master of Strategy","Anchor"],"campfire_rested":2,"item_purchase_floors":[19,19],"current_hp_per_floor":[80,80,80,75,70,38,62,53,53,38,45,40,62,62,62,15,80,42,42,23,31,31,39,63,22,22,22,0,0],"gold":239,"neow_bonus":"THREE_ENEMY_KILL","is_daily":false,"chose_seed":false,"campfire_upgraded":1,"win_rate":0.0,"timestamp":1612049508,"path_taken":["M","M","M","M","?","E","R","E","T","E","M","E","M","?","R","BOSS","M","$","?","M","?","E","R","M","T","R","E"],"items_purchased_type":["Card","Relic"],"build_version":"2020-12-22","purchased_purges":1,"victory":false,"max_hp_per_floor":[80,80,80,80,80,80,80,80,80,80,80,80,80,80,80,80,80,80,80,83,83,83,83,83,86,86,86,86,86],"card_choices":[{"not_picked":["Metallicize","Perfected Strike"],"picked":"Spot Weakness","floor":1},{"not_picked":["Anger","Clothesline"],"picked":"Headbutt","floor":2},{"not_picked":["Sentinel","Infernal Blade"],"picked":"Thunderclap","floor":3},{"not_picked":["Iron Wave","Uppercut"],"picked":"Thunderclap","floor":4},{"not_picked":["True Grit","Anger","Reckless Charge"],"picked":"SKIP","floor":5},{"not_picked":["Clothesline","Clash"],"picked":"Impervious","floor":6},{"not_picked":["Entrench","Wild Strike"],"picked":"Immolate","floor":8},{"not_picked":["Intimidate","Body Slam"],"picked":"Shrug It Off","floor":10},{"not_picked":["Wild Strike","Clash"],"picked":"Headbutt","floor":11},{"not_picked":["Berserk","Reckless Charge"],"picked":"Ghostly Armor","floor":12},{"not_picked":["Anger","Cleave"],"picked":"Pommel Strike","floor":13},{"not_picked":["Exhume","Fiend Fire"],"picked":"Feed","floor":16},{"not_picked":["Anger","Spot Weakness","Burning Pact"],"picked":"SKIP","floor":18},{"not_picked":["Twin Strike","Carnage"],"picked":"Pommel Strike+1","floor":20},{"not_picked":["True Grit","Shockwave"],"picked":"Metallicize+1","floor":21},{"not_picked":["Spot Weakness+1","Sentinel"],"picked":"Sword Boomerang+1","floor":23},{"not_picked":["Clothesline","Flame Barrier","Cleave+1"],"picked":"SKIP","floor":25}],"player_experience":256042,"relics_obtained":[{"floor":6,"key":"Blood Vial"},{"floor":8,"key":"Darkstone Periapt"},{"floor":9,"key":"Smiling Mask"},{"floor":10,"key":"Gremlin Horn"},{"floor":12,"key":"Whetstone"},{"floor":23,"key":"Bag of Marbles"}],"event_choices":[{"damage_healed":0,"gold_gain":0,"player_choice":"2 cards matched","damage_taken":0,"max_hp_gain":0,"max_hp_loss":0,"event_name":"Match and Keep!","floor":14,"gold_loss":0,"cards_obtained":["Bludgeon","Bash"]},{"damage_healed":0,"gold_gain":0,"player_choice":"Ignored","damage_taken":0,"max_hp_gain":0,"max_hp_loss":0,"event_name":"Ghosts","floor":22,"gold_loss":0}],"is_beta":false,"boss_relics":[{"not_picked":["Fusion Hammer","Ectoplasm"],"picked":"SacredBark"}],"items_purged_floors":[19],"is_endless":false,"potions_floor_spawned":[1,2,5,10,11,12,13,18,21],"killed_by":"Book of Stabbing","ascension_level":2}}