{"host":"6p0attdrtjqaih7v","time":1612041982,"event":{"mods":["2.2 Compatiblity","AchievementEnabler","Bard","BaseMod","Better Skull","Better Third Choice","Colored Powertips","Downfall","Hermit","Highlight Path","Key Reminder","Minty Spire (QoL Compilation)","Permanent Neow","Quick Restart","Random Character Button","Relic Stats","Replay The Spire","Robot Space Explorer","StSLib","The Witch"],"gold_per_floor":[119,119,138,28,51,94,94,134,134,134,154,167,167,167],"floor_reached":13,"language":"ENG","playtime":533,"items_purged":[],"score":190,"play_id":"1bfd4822-2544-44e6-8507-861fa570ee09","local_time":"20210130162622","is_ascension_mode":true,"campfire_choices":[{"data":"Berserk","floor":7,"key":"SMITH"},{"data":"Uppercut","floor":10,"key":"SMITH"}],"circlet_count":0,"master_deck":["AscendersBane","Strike_R","Strike_R","Strike_R","Strike_R","Strike_R","Defend_R","Defend_R","Defend_R","Defend_R","Bash","Demonic Infusion","Shrug It Off","Uppercut+1","Headbutt","Berserk+1","True Grit","Heavy Blade"],"relics":["Burning Blood","Golden Idol","Red Skull","bronze:DecasWashers","Happy Flower"],"acts_visited":["Exordium"],"potions_floor_usage":[5,6,13],"damage_taken":[{"damage":1,"enemies":"Small Slimes","floor":1,"turns":5},{"damage":0,"enemies":"Jaw Worm","floor":3,"turns":3},{"damage":4,"enemies":"Cultist","floor":5,"turns":3},{"damage":18,"enemies":"Lagavulin","floor":6,"turns":5},{"damage":4,"enemies":"Replay:BlueRogue","floor":8,"turns":7},{"damage":15,"enemies":"3 Louse","floor":11,"turns":3},{"damage":5,"enemies":"Large Slime","floor":12,"turns":6},{"damage":43,"enemies":"3 Sentries","floor":13,"turns":6}],"seed_played":"5098232913658680142","potions_obtained":[{"floor":1,"key":"Cursed Concoction"},{"floor":5,"key":"Fruit Juice"},{"floor":8,"key":"Weak Potion"}],"is_trial":false,"path_per_floor":["M","?","M","$","M","E","R","E","T","R","M","M","E"],"character_chosen":"IRONCLAD","items_purchased":["Headbutt","Explosive Potion"],"campfire_rested":0,"item_purchase_floors":[4,4],"current_hp_per_floor":[68,45,51,51,58,46,46,48,48,48,39,40,0,0],"gold":167,"neow_bonus":"THREE_RARE_CARDS","is_daily":false,"chose_seed":false,"campfire_upgraded":2,"win_rate":0.0,"timestamp":1612041982,"path_taken":["M","?","M","$","M","E","R","E","T","R","M","M","E"],"items_purchased_type":["Card","Potion"],"build_version":"2020-12-22","purchased_purges":0,"victory":false,"max_hp_per_floor":[68,68,68,68,73,73,73,73,73,73,73,73,73,73],"relic_stats":{"Happy Flower":[5],"counters":[8,38],"Golden Idol":33,"obtain_stats":[{"Happy Flower":9,"Golden Idol":2,"bronze:DecasWashers":8,"Burning Blood":0,"Red Skull":6},{"Happy Flower":5,"Golden Idol":1,"bronze:DecasWashers":5,"Burning Blood":0,"Red Skull":4},{"Happy Flower":23,"Golden Idol":5,"bronze:DecasWashers":23,"Burning Blood":0,"Red Skull":16}],"Burning Blood":37},"card_choices":[{"not_picked":["Demon Form","Barricade"],"picked":"Demonic Infusion","floor":0},{"not_picked":["Ghostly Armor","Dropkick"],"picked":"Shrug It Off","floor":1},{"not_picked":["Heavy Blade","Cleave"],"picked":"Uppercut","floor":3},{"not_picked":["Warcry","Headbutt","Thunderclap"],"picked":"SKIP","floor":5},{"not_picked":["Perfected Strike","Ghostly Armor"],"picked":"Berserk","floor":6},{"not_picked":["Fire Breathing","Cleave"],"picked":"True Grit","floor":8},{"not_picked":["Rampage","Replay:Undeath\u0027s Touch","Anger"],"picked":"SKIP","floor":11},{"not_picked":["Flex","True Grit"],"picked":"Heavy Blade","floor":12}],"player_experience":972573,"relics_obtained":[{"floor":6,"key":"Red Skull"},{"floor":8,"key":"bronze:DecasWashers"},{"floor":9,"key":"Happy Flower"}],"event_choices":[{"damage_healed":0,"gold_gain":0,"player_choice":"Take Damage","damage_taken":23,"relics_obtained":["Golden Idol"],"max_hp_gain":0,"max_hp_loss":0,"event_name":"Golden Idol","floor":2,"gold_loss":0}],"is_beta":false,"boss_relics":[],"items_purged_floors":[],"is_endless":false,"potions_floor_spawned":[1,5,8],"killed_by":"3 Sentries","ascension_level":20}}