{"host":"89iuq2p5kwriuwfq","time":1612044107,"event":{"mods":["BaseMod","Curses Come First","Minty Spire (QoL Compilation)","Permanent Neow","StSLib"],"gold_per_floor":[11,11,21,31,44,44,74,93,93,109,121,150,166,194,194,297,297,312,73,84,117,117,117,148,148,148,247,272,272,286,286,286],"floor_reached":31,"language":"ENG","playtime":1756,"items_purged":["Strike_R"],"score":431,"play_id":"406c5328-5dc6-4a4d-aed7-fcabf22ca3b9","local_time":"20210130220147","is_ascension_mode":true,"campfire_choices":[{"data":"Combust","floor":6,"key":"SMITH"},{"data":"Inflame","floor":15,"key":"SMITH"},{"floor":23,"key":"DIG"},{"floor":25,"key":"DIG"},{"floor":29,"key":"DIG"}],"circlet_count":0,"master_deck":["Strike_R","Strike_R","Strike_R","Strike_R","Defend_R","Defend_R","Defend_R","Defend_R","Bash","Offering","Flex","Combust+1","Headbutt","Shockwave","Spot Weakness","Pommel Strike","Spot Weakness","Inflame+1","Inflame","Inflame","Reaper","CurseOfTheBell","Heavy Blade","Exhume","Demon Form+1","Pummel+1"],"relics":["Burning Blood","Strawberry","White Beast Statue","Pantograph","Bird Faced Urn","Calling Bell","Bronze Scales","Matryoshka","Shovel","Red Mask","Ancient Tea Set","Blue Candle","Frozen Egg 2","Molten Egg 2","Vajra","Ornamental Fan","Oddly Smooth Stone","Happy Flower"],"acts_visited":["Exordium","TheCity"],"potions_floor_usage":[7,12,12,12,18,24,28,30,30,31],"damage_taken":[{"damage":6,"enemies":"Cultist","floor":1,"turns":2},{"damage":9,"enemies":"Small Slimes","floor":3,"turns":2},{"damage":8,"enemies":"Jaw Worm","floor":4,"turns":3},{"damage":7,"enemies":"2 Fungi Beasts","floor":5,"turns":3},{"damage":11,"enemies":"Gremlin Nob","floor":7,"turns":3},{"damage":14,"enemies":"Looter","floor":8,"turns":3},{"damage":3,"enemies":"3 Louse","floor":10,"turns":2},{"damage":10,"enemies":"Large Slime","floor":11,"turns":4},{"damage":7,"enemies":"3 Sentries","floor":12,"turns":3},{"damage":22,"enemies":"Blue Slaver","floor":13,"turns":3},{"damage":29,"enemies":"Lagavulin","floor":14,"turns":6},{"damage":17,"enemies":"Slime Boss","floor":16,"turns":7},{"damage":14,"enemies":"3 Byrds","floor":18,"turns":4},{"damage":42,"enemies":"Shell Parasite","floor":20,"turns":5},{"damage":33,"enemies":"Masked Bandits","floor":21,"turns":3},{"damage":61,"enemies":"Book of Stabbing","floor":24,"turns":3},{"damage":17,"enemies":"Gremlin Leader","floor":28,"turns":4},{"damage":26,"enemies":"Snecko","floor":30,"turns":4},{"damage":31,"enemies":"Book of Stabbing","floor":31,"turns":3}],"seed_played":"2410741082300812017","potions_obtained":[{"floor":1,"key":"Block Potion"},{"floor":8,"key":"AttackPotion"},{"floor":10,"key":"Regen Potion"},{"floor":11,"key":"LiquidMemories"},{"floor":12,"key":"FearPotion"},{"floor":13,"key":"Dexterity Potion"},{"floor":14,"key":"DuplicationPotion"},{"floor":18,"key":"Dexterity Potion"},{"floor":21,"key":"BloodPotion"},{"floor":24,"key":"Explosive Potion"},{"floor":28,"key":"LiquidMemories"},{"floor":30,"key":"SkillPotion"}],"is_trial":false,"path_per_floor":["M","$","M","M","M","R","E","M","T","M","M","E","M","E","R","B",null,"M","$","M","?","?","R","E","R","T","?","E","R","M","E"],"character_chosen":"IRONCLAD","items_purchased":["Exhume"],"campfire_rested":0,"item_purchase_floors":[19],"current_hp_per_floor":[72,72,69,67,66,66,68,60,60,63,59,67,51,28,28,48,77,75,75,66,68,68,68,35,35,35,35,30,30,33,6,6],"gold":286,"neow_bonus":"THREE_RARE_CARDS","is_daily":false,"chose_seed":false,"campfire_upgraded":2,"win_rate":0.0,"timestamp":1612044107,"path_taken":["M","?","M","M","M","R","E","M","T","M","?","E","M","E","R","BOSS","M","$","M","?","?","R","E","R","T","?","E","R","M","E"],"items_purchased_type":["Card"],"build_version":"2020-12-22","purchased_purges":1,"victory":false,"max_hp_per_floor":[80,80,80,80,80,80,87,87,87,87,87,87,87,87,87,87,87,87,87,87,87,87,87,87,87,87,87,87,87,87,87,87],"card_choices":[{"not_picked":["Berserk","Limit Break"],"picked":"Offering","floor":0},{"not_picked":["Power Through","Heavy Blade"],"picked":"Flex","floor":1},{"not_picked":["Armaments","Clothesline"],"picked":"Combust","floor":3},{"not_picked":["Havoc","Intimidate"],"picked":"Headbutt","floor":4},{"not_picked":["Shrug It Off","Infernal Blade"],"picked":"Shockwave","floor":5},{"not_picked":["Dual Wield","Flex","Shockwave"],"picked":"SKIP","floor":7},{"not_picked":["Armaments","Warcry"],"picked":"Spot Weakness","floor":8},{"not_picked":["Clash","Heavy Blade"],"picked":"Pommel Strike","floor":10},{"not_picked":["Evolve","Burning Pact"],"picked":"Spot Weakness","floor":11},{"not_picked":["Combust","Twin Strike"],"picked":"Inflame","floor":12},{"not_picked":["Fire Breathing","Iron Wave"],"picked":"Inflame","floor":13},{"not_picked":["Warcry","Sword Boomerang"],"picked":"Inflame","floor":14},{"not_picked":["Double Tap","Immolate"],"picked":"Reaper","floor":16},{"not_picked":["Ghostly Armor","Infernal Blade"],"picked":"Heavy Blade","floor":18},{"not_picked":["Searing Blow","Iron Wave","Second Wind"],"picked":"SKIP","floor":20},{"not_picked":["Dual Wield+1","Wild Strike"],"picked":"Demon Form+1","floor":24},{"not_picked":["Dark Embrace+1","Headbutt+1","Clothesline+1"],"picked":"SKIP","floor":28},{"not_picked":["Feel No Pain+1","Intimidate"],"picked":"Pummel+1","floor":30}],"player_experience":607453,"relics_obtained":[{"floor":7,"key":"Strawberry"},{"floor":9,"key":"White Beast Statue"},{"floor":12,"key":"Pantograph"},{"floor":14,"key":"Bird Faced Urn"},{"floor":17,"key":"Bronze Scales"},{"floor":17,"key":"Matryoshka"},{"floor":17,"key":"Shovel"},{"floor":21,"key":"Red Mask"},{"floor":23,"key":"Blue Candle"},{"floor":24,"key":"Frozen Egg 2"},{"floor":25,"key":"Molten Egg 2"},{"floor":26,"key":"Vajra"},{"floor":26,"key":"Ornamental Fan"},{"floor":28,"key":"Oddly Smooth Stone"},{"floor":29,"key":"Happy Flower"}],"event_choices":[{"damage_healed":0,"gold_gain":0,"player_choice":"Fought Bandits","damage_taken":0,"max_hp_gain":0,"max_hp_loss":0,"event_name":"Masked Bandits","floor":21,"gold_loss":0},{"damage_healed":0,"gold_gain":0,"player_choice":"Opened","damage_taken":0,"relics_obtained":["Ancient Tea Set"],"max_hp_gain":0,"max_hp_loss":0,"event_name":"The Mausoleum","floor":22,"gold_loss":0},{"damage_healed":0,"gold_gain":99,"player_choice":"Stole From Cult","damage_taken":0,"max_hp_gain":0,"max_hp_loss":0,"event_name":"Nest","floor":27,"gold_loss":0}],"is_beta":false,"boss_relics":[{"not_picked":["Ectoplasm","Tiny House"],"picked":"Calling Bell"}],"items_purged_floors":[19],"is_endless":false,"potions_floor_spawned":[1,8,10,11,12,13,14,16,18,20,21,24,28,30],"killed_by":"Book of Stabbing","ascension_level":9}}