{"host":"x8sop9v6zw8yitbt","time":1612046957,"event":{"mods":["BaseMod","Best Route Mod","Block Reminder","Colored Powertips","Dark Map","DeckTracker","Minty Spire (QoL Compilation)","Permanent Neow","Quick Restart","Relic Stats","Slay-I","StSLib"],"gold_per_floor":[110,110,16,32,32,32,60,60,60,90,90,22,60,60,60,170,170,189,189,29,49,69,96,119,146,146,169,194,194,212,222,222,318,318,333,333,224,243,243,281,281,315,342,367,416,416,437,462,462,462],"floor_reached":51,"language":"ENG","playtime":1609,"items_purged":["Strike_G"],"score":976,"play_id":"9b22ab0e-f91f-4ad6-943b-8c5d6e7c78c5","local_time":"20210130174917","is_ascension_mode":true,"campfire_choices":[{"data":"Neutralize","floor":6.0,"key":"SMITH"},{"data":"Slice","floor":8.0,"key":"SMITH"},{"data":"Footwork","floor":11.0,"key":"SMITH"},{"data":"Infinite Blades","floor":15.0,"key":"SMITH"},{"data":"Panache","floor":29.0,"key":"SMITH"},{"data":"Die Die Die","floor":32,"key":"SMITH"},{"data":"Footwork","floor":41,"key":"SMITH"},{"data":"Survivor","floor":46,"key":"SMITH"},{"floor":49,"key":"REST"}],"circlet_count":0,"master_deck":["Strike_G","Strike_G","Defend_G+1","Defend_G","Defend_G","Defend_G","Defend_G+1","Survivor+1","Neutralize+1","Footwork+1","Slice+1","Infinite Blades+1","Adrenaline+1","Die Die Die+1","Panache+1","Accuracy+1","Footwork+1","Dagger Spray+1","Dodge and Roll+1","Blade Dance+1","Blade Dance+1","Blade Dance+1","Dodge and Roll+1","Blade Dance+1","Blade Dance+1"],"relics":["Ring of the Snake","NeowsBlessing","Smiling Mask","Toxic Egg 2","Mercury Hourglass","CeramicFish","Busted Crown","Shuriken","Orichalcum","The Courier","WristBlade","Blue Candle","Art of War","Dream Catcher","Meat on the Bone","Torii"],"acts_visited":["Exordium","TheCity","TheBeyond"],"potions_floor_usage":[40,45,50,50,50],"damage_taken":[{"damage":0.0,"enemies":"Small Slimes","floor":1.0,"turns":1.0},{"damage":0.0,"enemies":"Cultist","floor":4.0,"turns":1.0},{"damage":0.0,"enemies":"Gremlin Nob","floor":7.0,"turns":1.0},{"damage":1.0,"enemies":"3 Sentries","floor":13.0,"turns":7.0},{"damage":8.0,"enemies":"The Guardian","floor":16.0,"turns":15.0},{"damage":2.0,"enemies":"3 Byrds","floor":18.0,"turns":4.0},{"damage":0.0,"enemies":"Shell Parasite","floor":21.0,"turns":4.0},{"damage":0.0,"enemies":"Cultist and Chosen","floor":22.0,"turns":4.0},{"damage":0.0,"enemies":"Book of Stabbing","floor":23.0,"turns":5.0},{"damage":13.0,"enemies":"Snecko","floor":24.0,"turns":5.0},{"damage":0.0,"enemies":"Slavers","floor":25.0,"turns":2.0},{"damage":8.0,"enemies":"Snake Plant","floor":27.0,"turns":4.0},{"damage":0.0,"enemies":"3 Cultists","floor":28.0,"turns":3.0},{"damage":0,"enemies":"Chosen and Byrds","floor":30,"turns":3},{"damage":0,"enemies":"Centurion and Healer","floor":31,"turns":5},{"damage":5,"enemies":"Champ","floor":33,"turns":10},{"damage":0,"enemies":"Orb Walker","floor":35,"turns":4},{"damage":0,"enemies":"3 Shapes","floor":38,"turns":1},{"damage":0,"enemies":"Reptomancer","floor":40,"turns":3},{"damage":33,"enemies":"Nemesis","floor":42,"turns":7},{"damage":2,"enemies":"Giant Head","floor":44,"turns":5},{"damage":3,"enemies":"2 Orb Walkers","floor":45,"turns":2},{"damage":0,"enemies":"Jaw Worm Horde","floor":47,"turns":3},{"damage":0,"enemies":"Transient","floor":48,"turns":5},{"damage":1,"enemies":"Awakened One","floor":50,"turns":7}],"seed_played":"7918081070965007875","potions_obtained":[{"floor":7.0,"key":"SkillPotion"},{"floor":13.0,"key":"AttackPotion"},{"floor":21.0,"key":"SteroidPotion"},{"floor":27.0,"key":"Dexterity Potion"},{"floor":30,"key":"SteroidPotion"},{"floor":40,"key":"Poison Potion"},{"floor":47,"key":"Dexterity Potion"}],"is_trial":false,"path_per_floor":["M","?","$","M","?","R","E","R","T","?","R","$","E","?","R","B",null,"M","?","$","M","M","E","M","E","T","M","M","R","M","M","R","B",null,"M","?","$","M","?","E","R","E","T","E","?","R","M","M","R","B",null],"character_chosen":"THE_SILENT","items_purchased":["Footwork","Slice","Infinite Blades","Panache","Blade Dance+1","Blade Dance+1"],"campfire_rested":1,"item_purchase_floors":[3,3,12,20,37,37],"current_hp_per_floor":[70,70,70,70,56,56,56,56,56,56,56,56,55,60,60,52,75,73,73,73,73,73,73,60,60,60,52,52,52,52,52,52,47,75,75,75,75,75,71,71,71,38,38,36,45,45,45,45,66,65],"gold":462,"neow_bonus":"THREE_ENEMY_KILL","is_daily":false,"chose_seed":false,"campfire_upgraded":8,"win_rate":0.0,"timestamp":1612046957,"path_taken":["M","?","$","?","?","R","E","R","T","?","R","?","E","?","R","BOSS","M","?","$","M","M","E","M","E","T","M","M","R","M","M","R","BOSS","M","?","$","M","?","E","R","E","T","E","?","R","?","?","R","BOSS"],"items_purchased_type":["Card","Card","Card","Card","Card","Card"],"build_version":"2020-12-22","purchased_purges":1,"victory":true,"max_hp_per_floor":[70,70,70,70,70,70,70,70,70,70,70,70,70,75,75,75,75,75,75,75,75,75,75,75,75,75,75,75,75,75,75,75,75,75,75,75,75,75,71,71,71,71,71,71,71,71,71,71,71,71],"relic_stats":{"Torii":0,"counters":[25,111],"CeramicFish":117,"Blue Candle":[0],"Orichalcum":[30],"Smiling Mask":10,"Mercury Hourglass":[410],"Dream Catcher":1,"Busted Crown":40,"Shuriken":[63],"Art of War":[1],"obtain_stats":[{"NeowsBlessing":0,"Torii":45,"CeramicFish":13,"Blue Candle":40,"The Courier":26,"Orichalcum":25,"Smiling Mask":2,"Mercury Hourglass":9,"Dream Catcher":43,"Busted Crown":17,"WristBlade":34,"Shuriken":23,"Art of War":42,"Toxic Egg 2":7,"Ring of the Snake":0,"Meat on the Bone":44},{"NeowsBlessing":0,"Torii":22,"CeramicFish":4,"Blue Candle":19,"The Courier":11,"Orichalcum":11,"Smiling Mask":1,"Mercury Hourglass":3,"Dream Catcher":20,"Busted Crown":5,"WristBlade":16,"Shuriken":9,"Art of War":20,"Toxic Egg 2":3,"Ring of the Snake":0,"Meat on the Bone":21},{"NeowsBlessing":0,"Torii":96,"CeramicFish":10,"Blue Candle":82,"The Courier":49,"Orichalcum":49,"Smiling Mask":1,"Mercury Hourglass":3,"Dream Catcher":89,"Busted Crown":25,"WristBlade":74,"Shuriken":42,"Art of War":89,"Toxic Egg 2":3,"Ring of the Snake":0,"Meat on the Bone":94}],"Ring of the Snake":[50],"Meat on the Bone":12},"card_choices":[{"not_picked":["Blade Dance","Prepared"],"picked":"Cloak And Dagger","floor":1.0},{"not_picked":["Catalyst","Bane","Outmaneuver"],"picked":"SKIP","floor":4.0},{"not_picked":["Deadly Poison+1","Dagger Throw","Crippling Poison+1"],"picked":"SKIP","floor":7.0},{"not_picked":["Underhanded Strike","Dagger Spray"],"picked":"Adrenaline+1","floor":13.0},{"not_picked":["Envenom","A Thousand Cuts"],"picked":"Die Die Die","floor":16.0},{"not_picked":["Outmaneuver+1"],"picked":"SKIP","floor":18.0},{"not_picked":[],"picked":"Accuracy+1","floor":21.0},{"not_picked":["Reflex+1"],"picked":"SKIP","floor":22.0},{"not_picked":["Catalyst+1"],"picked":"SKIP","floor":23.0},{"not_picked":[],"picked":"Footwork","floor":24.0},{"not_picked":["Flying Knee"],"picked":"SKIP","floor":25.0},{"not_picked":[],"picked":"Dagger Spray+1","floor":27.0},{"not_picked":[],"picked":"Dodge and Roll+1","floor":28.0},{"not_picked":["Quick Slash"],"picked":"SKIP","floor":30},{"not_picked":["Calculated Gamble+1"],"picked":"SKIP","floor":31},{"not_picked":["Dagger Spray+1"],"picked":"SKIP","floor":35},{"not_picked":[],"picked":"Blade Dance+1","floor":38},{"not_picked":[],"picked":"Dodge and Roll+1","floor":40},{"not_picked":["Sucker Punch"],"picked":"SKIP","floor":42},{"not_picked":["Prepared+1"],"picked":"SKIP","floor":44},{"not_picked":[],"picked":"Blade Dance+1","floor":47},{"not_picked":[],"picked":"Blade Dance+1","floor":48}],"player_experience":863055,"relics_obtained":[{"floor":7.0,"key":"Toxic Egg 2"},{"floor":9.0,"key":"Mercury Hourglass"},{"floor":13.0,"key":"CeramicFish"},{"floor":23.0,"key":"Shuriken"},{"floor":25.0,"key":"Orichalcum"},{"floor":26.0,"key":"The Courier"},{"floor":40,"key":"Blue Candle"},{"floor":42,"key":"Art of War"},{"floor":43,"key":"Dream Catcher"},{"floor":44,"key":"Meat on the Bone"},{"floor":45,"key":"Torii"}],"event_choices":[{"cards_removed":["Cloak And Dagger"],"damage_healed":0.0,"max_hp_gain":0.0,"max_hp_loss":0.0,"gold_gain":0.0,"event_name":"WeMeetAgain","player_choice":"Gave Card","floor":2.0,"gold_loss":0.0,"damage_taken":0.0,"relics_obtained":["Smiling Mask"]},{"damage_healed":0.0,"max_hp_gain":0.0,"max_hp_loss":0.0,"gold_gain":0.0,"event_name":"Shining Light","player_choice":"Entered Light","floor":5.0,"gold_loss":0.0,"damage_taken":14.0,"cards_upgraded":["Defend_G","Defend_G"]},{"damage_healed":0.0,"max_hp_gain":0.0,"max_hp_loss":0.0,"gold_gain":30.0,"event_name":"Dead Adventurer","player_choice":"Searched \u00272\u0027 times","floor":10.0,"gold_loss":0.0,"damage_taken":0.0},{"damage_healed":0.0,"max_hp_gain":5.0,"max_hp_loss":0.0,"gold_gain":0.0,"event_name":"Big Fish","player_choice":"Donut","floor":14.0,"gold_loss":0.0,"damage_taken":0.0},{"cards_removed":["Strike_G"],"damage_healed":0.0,"max_hp_gain":0.0,"max_hp_loss":0.0,"gold_gain":0.0,"event_name":"Bonfire Elementals","player_choice":"Offered Basic","floor":19.0,"gold_loss":0.0,"damage_taken":0.0},{"cards_removed":["Strike_G"],"damage_healed":0,"gold_gain":0,"player_choice":"Removed Attack","damage_taken":0,"max_hp_gain":0,"max_hp_loss":0,"event_name":"Falling","floor":36,"gold_loss":0},{"damage_healed":0,"gold_gain":0,"player_choice":"Max HP","damage_taken":0,"max_hp_gain":0,"max_hp_loss":4,"event_name":"Winding Halls","floor":39,"gold_loss":0},{"damage_healed":0,"gold_gain":0,"player_choice":"Fight","damage_taken":0,"max_hp_gain":0,"max_hp_loss":0,"event_name":"Mysterious Sphere","floor":45,"gold_loss":0}],"is_beta":false,"boss_relics":[{"not_picked":["Velvet Choker","Runic Pyramid"],"picked":"Busted Crown"},{"not_picked":["HoveringKite","Empty Cage"],"picked":"WristBlade"}],"items_purged_floors":[37],"is_endless":false,"potions_floor_spawned":[7,13,21,23,27,30,31,40,44,47,48],"ascension_level":1}}