{"host":"yecadp3kwkksam5a","time":1612014042,"event":{"mods":["BaseMod","Minty Spire (QoL Compilation)","StSLib","SuperFastMode","The Cursed"],"gold_per_floor":[111,111,122,139,158,185,197,197,197,225,237,263,263,298,298,374,374,391,63,63,80,80,110,110,188,188,213,213,225,250,31,31,107,107,125,125,150,176,186,186,219,233,233,263,263,263],"floor_reached":45,"language":"KOR","playtime":2545,"items_purged":["Wraith Form v2"],"score":1268,"play_id":"089cb031-faf2-4b44-84af-379091575c8a","local_time":"20210130224042","is_ascension_mode":true,"campfire_choices":[{"data":"Neutralize","floor":8.0,"key":"SMITH"},{"data":"Bouncing Flask","floor":13.0,"key":"SMITH"},{"data":"Bouncing Flask","floor":15.0,"key":"SMITH"},{"data":"Burst","floor":24.0,"key":"SMITH"},{"data":"Burst","floor":28.0,"key":"SMITH"},{"data":"Prepared","floor":32.0,"key":"SMITH"},{"floor":40,"key":"RECALL"}],"circlet_count":0,"master_deck":["AscendersBane","Survivor+1","Neutralize+1","Mayhem+1","Mayhem+1","Mayhem+1","Mayhem+1","Mayhem+1","Mayhem+1","Mayhem+1","Mayhem+1","Mayhem+1","Mayhem+1","Backflip","Bane","Acrobatics","Caltrops","Dagger Throw","Leg Sweep","PiercingWail","Bouncing Flask+1","Bouncing Flask+1","Burst+1","Burst+1","Slice","Bouncing Flask","Venomology","Skewer","Prepared+1","Well Laid Plans","Skewer+1","PiercingWail","Prepared+1","Blade Dance","Night Terror","Acrobatics+1","Master of Strategy","Finesse","Bandage Up","Crippling Poison"],"relics":["Ring of the Snake","Bird Faced Urn","Vajra","Paper Crane","Sundial","Toy Ornithopter","Ancient Tea Set","Pandora\u0027s Box","War Paint","HornCleat","Kunai","Akabeko","Gremlin Horn","TheAbacus","Coffee Dripper","Torii","Snake Skull","MealTicket","Pen Nib","Gambling Chip"],"acts_visited":["Exordium","TheCity","TheBeyond"],"potions_floor_usage":[35,37,41,42,44,44],"damage_taken":[{"damage":8.0,"enemies":"Small Slimes","floor":1.0,"turns":5.0},{"damage":0.0,"enemies":"Cultist","floor":3.0,"turns":5.0},{"damage":9.0,"enemies":"Jaw Worm","floor":4.0,"turns":4.0},{"damage":12.0,"enemies":"Blue Slaver","floor":5.0,"turns":6.0},{"damage":15.0,"enemies":"Lagavulin","floor":6.0,"turns":6.0},{"damage":21.0,"enemies":"Large Slime","floor":7.0,"turns":5.0},{"damage":13.0,"enemies":"3 Sentries","floor":10.0,"turns":8.0},{"damage":31.0,"enemies":"Lots of Slimes","floor":11.0,"turns":6.0},{"damage":16.0,"enemies":"Gremlin Nob","floor":12.0,"turns":4.0},{"damage":41.0,"enemies":"3 Sentries","floor":14.0,"turns":6.0},{"damage":22.0,"enemies":"The Guardian","floor":16.0,"turns":7.0},{"damage":0.0,"enemies":"Spheric Guardian","floor":18.0,"turns":3.0},{"damage":7.0,"enemies":"Chosen","floor":21.0,"turns":4.0},{"damage":64.0,"enemies":"Gremlin Leader","floor":23.0,"turns":6.0},{"damage":24.0,"enemies":"Slavers","floor":27.0,"turns":5.0},{"damage":18.0,"enemies":"Shelled Parasite and Fungi","floor":29.0,"turns":4.0},{"damage":19.0,"enemies":"Gremlin Leader","floor":30.0,"turns":6.0},{"damage":18.0,"enemies":"Champ","floor":33.0,"turns":7.0},{"damage":54,"enemies":"3 Darklings","floor":35,"turns":4},{"damage":19,"enemies":"Mind Bloom Boss Battle","floor":37,"turns":7},{"damage":18,"enemies":"Orb Walker","floor":39,"turns":3},{"damage":0,"enemies":"Giant Head","floor":41,"turns":5},{"damage":46,"enemies":"Sphere and 2 Shapes","floor":42,"turns":4},{"damage":27,"enemies":"Reptomancer","floor":44,"turns":5},{"damage":17,"enemies":"Spire Growth","floor":45,"turns":4}],"seed_played":"2518126321012024840","potions_obtained":[{"floor":3.0,"key":"DuplicationPotion"},{"floor":4.0,"key":"DuplicationPotion"},{"floor":29.0,"key":"ColorlessPotion"}],"is_trial":false,"path_per_floor":["M","?","M","M","M","E","M","R","T","E","M","E","R","E","R","B",null,"M","$","?","M","$","E","R","T","T","E","R","M","E","$","R","B",null,"M","?","?","T","M","R","E","M","T","E","M"],"character_chosen":"THE_SILENT","items_purchased":["War Paint","Well Laid Plans","TheAbacus","Blade Dance"],"campfire_rested":0,"item_purchase_floors":[19,19,31,31],"current_hp_per_floor":[56,56,66,66,66,51,50,50,50,59,50,54,54,35,35,35,58,66,66,66,65,65,20,20,20,20,30,30,37,50,50,50,56,64,34,24,38,38,40,40,66,37,37,52,57,57],"gold":263,"neow_bonus":"REMOVE_TWO","is_daily":false,"chose_seed":false,"campfire_upgraded":6,"win_rate":0.0,"timestamp":1612014042,"path_taken":["M","?","M","M","M","E","M","R","T","E","M","E","R","E","R","BOSS","M","$","?","M","?","E","R","?","T","E","R","M","E","?","R","BOSS","M","?","?","?","M","R","E","M","T","E","?"],"items_purchased_type":["Relic","Card","Relic","Card"],"build_version":"2020-12-22","purchased_purges":1,"victory":false,"max_hp_per_floor":[66,66,66,66,66,66,66,66,66,66,66,66,66,66,66,66,66,66,66,66,66,66,66,66,66,66,66,66,66,66,66,66,66,66,66,66,66,66,66,66,66,66,66,66,66,66],"card_choices":[{"not_picked":["Sucker Punch","Outmaneuver"],"picked":"Backflip","floor":1.0},{"not_picked":["Quick Slash","Cloak And Dagger"],"picked":"Acrobatics","floor":3.0},{"not_picked":["All Out Attack","Dodge and Roll"],"picked":"Caltrops","floor":4.0},{"not_picked":["Wraith Form v2","Sucker Punch"],"picked":"Dagger Throw","floor":5.0},{"not_picked":["Sucker Punch","Escape Plan"],"picked":"Leg Sweep","floor":6.0},{"not_picked":["Cloak And Dagger","Dagger Throw"],"picked":"PiercingWail","floor":7.0},{"not_picked":["Dagger Spray","Blade Dance","Outmaneuver"],"picked":"SKIP","floor":10.0},{"not_picked":["Cloak And Dagger","Dagger Spray","Setup"],"picked":"SKIP","floor":11.0},{"not_picked":["Blur","Dash"],"picked":"Bouncing Flask","floor":12.0},{"not_picked":["Flying Knee","Finisher"],"picked":"Bouncing Flask","floor":14.0},{"not_picked":["Glass Knife","Corpse Explosion"],"picked":"Burst","floor":16.0},{"not_picked":["Bane","Quick Slash"],"picked":"Prepared","floor":18.0},{"not_picked":["Predator+1","Deadly Poison"],"picked":"Skewer+1","floor":21.0},{"not_picked":["Bane","Noxious Fumes"],"picked":"PiercingWail","floor":23.0},{"not_picked":["Predator","All Out Attack","Calculated Gamble"],"picked":"SKIP","floor":27.0},{"not_picked":["Dagger Throw+1","Choke","Tools of the Trade"],"picked":"SKIP","floor":29.0},{"not_picked":["Backstab","Unload"],"picked":"Prepared","floor":30.0},{"not_picked":["Tools of the Trade","Unload"],"picked":"Night Terror","floor":33.0},{"not_picked":["Quick Slash+1","Poisoned Stab"],"picked":"Acrobatics+1","floor":35},{"not_picked":["Purity","Dark Shackles"],"picked":"Master of Strategy","floor":36},{"not_picked":["Impatience","PanicButton"],"picked":"Finesse","floor":36},{"not_picked":["Jack Of All Trades","Transmutation"],"picked":"Bandage Up","floor":36},{"not_picked":["Outmaneuver+1","Dagger Throw","Crippling Poison"],"picked":"SKIP","floor":39},{"not_picked":["Backstab+1","Tactician","Catalyst+1"],"picked":"SKIP","floor":41},{"not_picked":["Masterful Stab","Finisher+1","Terror"],"picked":"SKIP","floor":42},{"not_picked":["Blade Dance+1","Burst"],"picked":"Crippling Poison","floor":44}],"player_experience":542042,"relics_obtained":[{"floor":6.0,"key":"Vajra"},{"floor":9.0,"key":"Paper Crane"},{"floor":10.0,"key":"Sundial"},{"floor":12.0,"key":"Toy Ornithopter"},{"floor":14.0,"key":"Ancient Tea Set"},{"floor":23.0,"key":"HornCleat"},{"floor":25.0,"key":"Kunai"},{"floor":27.0,"key":"Akabeko"},{"floor":30.0,"key":"Gremlin Horn"},{"floor":37,"key":"Torii"},{"floor":38,"key":"Snake Skull"},{"floor":41,"key":"MealTicket"},{"floor":43,"key":"Pen Nib"},{"floor":44,"key":"Gambling Chip"}],"event_choices":[{"damage_healed":0.0,"max_hp_gain":0.0,"max_hp_loss":0.0,"gold_gain":0.0,"cards_transformed":["Strike_G"],"event_name":"Living Wall","player_choice":"Change","floor":2.0,"gold_loss":0.0,"damage_taken":0.0,"cards_obtained":["Bane"]},{"cards_removed":["Distraction"],"damage_healed":0.0,"max_hp_gain":0.0,"max_hp_loss":0.0,"gold_gain":0.0,"event_name":"Purifier","player_choice":"Purged","floor":20.0,"gold_loss":0.0,"damage_taken":0.0},{"damage_healed":0,"gold_gain":0,"player_choice":"Memory 3","damage_taken":10,"max_hp_gain":0,"max_hp_loss":0,"event_name":"SensoryStone","floor":36,"gold_loss":0},{"damage_healed":0,"gold_gain":0,"player_choice":"Fight","damage_taken":0,"max_hp_gain":0,"max_hp_loss":0,"event_name":"MindBloom","floor":37,"gold_loss":0}],"is_beta":false,"boss_relics":[{"not_picked":["Runic Dome","WristBlade"],"picked":"Pandora\u0027s Box"},{"not_picked":["SacredBark","Black Star"],"picked":"Coffee Dripper"}],"items_purged_floors":[19],"is_endless":false,"potions_floor_spawned":[3,4,5,7,12,16,21,29,39,42],"killed_by":"Spire Growth","ascension_level":20}}