{"host":"6xsbn6ynqlzwllfm","time":1612025002,"event":{"mods":["2.2 Compatiblity","BaseMod","Bestiary","Colored Map","Colored Powertips","Curses Come First","Highlight Path","Keyboard Shortcuts","Minty Spire (QoL Compilation)","Relic Stats","Slay the Relics Exporter","StSLib","SuperFastMode"],"gold_per_floor":[116,131,131,56,56,82,82,82,133,152,152,171,171,171],"floor_reached":13,"language":"ENG","playtime":179,"items_purged":[],"score":211,"play_id":"94c674ff-cb5f-4c9e-8c04-884e216675bf","local_time":"20210130114322","is_ascension_mode":true,"campfire_choices":[{"data":"Chaos","floor":8,"key":"SMITH"},{"data":"Seek","floor":11,"key":"SMITH"}],"circlet_count":0,"master_deck":["AscendersBane","Strike_B","Strike_B","Defend_B","Defend_B","Defend_B","Defend_B","Zap","Dualcast","Coolheaded","Seek+1","Chaos+1","Auto Shields"],"relics":["Cracked Core","NeowsBlessing","TungstenRod","Golden Idol","Lantern"],"acts_visited":["Exordium"],"potions_floor_usage":[],"damage_taken":[{"damage":0,"enemies":"Jaw Worm","floor":1,"turns":1},{"damage":0,"enemies":"Small Slimes","floor":2,"turns":1},{"damage":0,"enemies":"Lagavulin","floor":6,"turns":1},{"damage":0,"enemies":"2 Louse","floor":10,"turns":2},{"damage":2,"enemies":"Large Slime","floor":12,"turns":4},{"damage":74,"enemies":"Gremlin Nob","floor":13,"turns":4}],"seed_played":"3867013130396985944","potions_obtained":[{"floor":12,"key":"EssenceOfSteel"}],"is_trial":false,"path_per_floor":["M","M","?","?","?","E","?","R","T","M","R","M","E"],"character_chosen":"DEFECT","items_purchased":[],"campfire_rested":0,"item_purchase_floors":[],"current_hp_per_floor":[64,64,64,64,64,64,64,64,64,64,64,62,0,0],"gold":171,"neow_bonus":"THREE_ENEMY_KILL","is_daily":false,"chose_seed":false,"campfire_upgraded":2,"win_rate":0.0,"timestamp":1612025002,"path_taken":["M","M","?","?","?","E","?","R","T","?","R","M","E"],"items_purchased_type":[],"build_version":"2020-12-22","purchased_purges":0,"victory":false,"max_hp_per_floor":[71,71,71,71,71,71,64,64,64,64,64,64,64,64],"relic_stats":{"counters":[6,13],"Golden Idol":8,"obtain_stats":[{"Lantern":9,"NeowsBlessing":0,"Golden Idol":7,"Cracked Core":0,"TungstenRod":6},{"Lantern":3,"NeowsBlessing":0,"Golden Idol":3,"Cracked Core":0,"TungstenRod":3},{"Lantern":3,"NeowsBlessing":0,"Golden Idol":3,"Cracked Core":0,"TungstenRod":3}],"TungstenRod":4},"card_choices":[{"not_picked":["Redo","Steam Power"],"picked":"Coolheaded","floor":1},{"not_picked":["Compile Driver","Steam Power"],"picked":"Seek","floor":2},{"not_picked":["Chaos","Beam Cell"],"picked":"Auto Shields","floor":6}],"player_experience":1289000,"relics_obtained":[{"floor":6,"key":"TungstenRod"},{"floor":9,"key":"Lantern"}],"event_choices":[{"damage_healed":0,"gold_gain":0,"cards_transformed":["Strike_B"],"player_choice":"Change","damage_taken":0,"max_hp_gain":0,"max_hp_loss":0,"event_name":"Living Wall","floor":3,"gold_loss":0,"cards_obtained":["Chaos"]},{"cards_removed":["Strike_B"],"damage_healed":0,"gold_gain":0,"player_choice":"Card Removal","damage_taken":0,"max_hp_gain":0,"max_hp_loss":0,"event_name":"The Cleric","floor":4,"gold_loss":75},{"damage_healed":0,"gold_gain":0,"player_choice":"Ignored","damage_taken":0,"max_hp_gain":0,"max_hp_loss":0,"event_name":"Liars Game","floor":5,"gold_loss":0},{"damage_healed":0,"gold_gain":0,"player_choice":"Lose Max HP","damage_taken":0,"relics_obtained":["Golden Idol"],"max_hp_gain":0,"max_hp_loss":7,"event_name":"Golden Idol","floor":7,"gold_loss":0}],"is_beta":false,"boss_relics":[],"items_purged_floors":[],"is_endless":false,"potions_floor_spawned":[12],"killed_by":"Gremlin Nob","ascension_level":19}}