{"host":"edndssuekvzbh3is","time":1612049419,"event":{"mods":["BaseMod","Colored Map","Colored Powertips","Minty Spire (QoL Compilation)","SuperFastMode"],"gold_per_floor":[117,133,152,152,162,162,195,217,244,279,289,289,289,314,314,314,314],"floor_reached":16,"language":"ENG","playtime":351,"items_purged":[],"score":174,"play_id":"3f4d33ee-8932-41b6-82c5-d30a828ae96a","local_time":"20210130183019","is_ascension_mode":true,"campfire_choices":[{"data":"Cleave","floor":6,"key":"SMITH"},{"data":"Flame Barrier","floor":13,"key":"SMITH"},{"floor":15,"key":"REST"}],"circlet_count":0,"master_deck":["Strike_R","Strike_R+1","Strike_R","Strike_R+1","Strike_R","Defend_R","Defend_R+1","Defend_R+1","Defend_R","Bash","Shrug It Off","Cleave+1","Iron Wave","True Grit","Flame Barrier+1","Battle Trance","Corruption","Intimidate"],"relics":["Burning Blood","NeowsBlessing","Lantern","Odd Mushroom","Bag of Preparation","War Paint","Anchor"],"acts_visited":["Exordium"],"potions_floor_usage":[7,7,14,14],"damage_taken":[{"damage":0,"enemies":"Cultist","floor":1,"turns":1},{"damage":0,"enemies":"Small Slimes","floor":2,"turns":1},{"damage":0,"enemies":"2 Louse","floor":3,"turns":1},{"damage":18,"enemies":"Large Slime","floor":5,"turns":6},{"damage":24,"enemies":"Gremlin Nob","floor":7,"turns":4},{"damage":13,"enemies":"The Mushroom Lair","floor":8,"turns":4},{"damage":5,"enemies":"3 Sentries","floor":10,"turns":7},{"damage":0,"enemies":"Looter","floor":11,"turns":3},{"damage":16,"enemies":"Gremlin Nob","floor":14,"turns":3},{"damage":55,"enemies":"Slime Boss","floor":16,"turns":9}],"seed_played":"-3545347715530211491","potions_obtained":[{"floor":1,"key":"Swift Potion"},{"floor":2,"key":"Swift Potion"},{"floor":3,"key":"Weak Potion"},{"floor":11,"key":"AttackPotion"}],"is_trial":false,"path_per_floor":["M","M","M","?","M","R","E","?","T","E","M","?","R","E","R","B"],"character_chosen":"IRONCLAD","items_purchased":[],"campfire_rested":1,"item_purchase_floors":[],"current_hp_per_floor":[78,80,80,64,52,52,34,27,27,28,34,34,34,24,48,0,0],"gold":314,"neow_bonus":"THREE_ENEMY_KILL","is_daily":false,"chose_seed":false,"campfire_upgraded":2,"win_rate":0.0,"timestamp":1612049419,"path_taken":["M","?","M","?","M","R","E","?","T","E","M","?","R","E","R","BOSS"],"items_purchased_type":[],"build_version":"2020-12-22","purchased_purges":0,"victory":false,"max_hp_per_floor":[80,80,80,80,80,80,80,80,80,80,80,80,80,80,80,80,80],"card_choices":[{"not_picked":["Rupture","Blood for Blood"],"picked":"Shrug It Off","floor":1},{"not_picked":["Anger","Rampage"],"picked":"Cleave","floor":2},{"not_picked":["Warcry","Anger"],"picked":"Iron Wave","floor":3},{"not_picked":["Havoc","Warcry"],"picked":"True Grit","floor":5},{"not_picked":["Power Through","Spot Weakness"],"picked":"Flame Barrier","floor":7},{"not_picked":["Clothesline","Second Wind"],"picked":"Battle Trance","floor":8},{"not_picked":["Cleave","Thunderclap"],"picked":"Corruption","floor":10},{"not_picked":["Havoc","Body Slam","Headbutt"],"picked":"SKIP","floor":11},{"not_picked":["Sentinel","Rampage"],"picked":"Intimidate","floor":14}],"player_experience":336543,"relics_obtained":[{"floor":7,"key":"Lantern"},{"floor":8,"key":"Odd Mushroom"},{"floor":9,"key":"Bag of Preparation"},{"floor":10,"key":"War Paint"},{"floor":14,"key":"Anchor"}],"event_choices":[{"damage_healed":0,"gold_gain":0,"player_choice":"Entered Light","damage_taken":16,"max_hp_gain":0,"max_hp_loss":0,"event_name":"Shining Light","floor":4,"gold_loss":0,"cards_upgraded":["Strike_R","Strike_R"]},{"damage_healed":0,"gold_gain":0,"player_choice":"Fought Mushrooms","damage_taken":0,"max_hp_gain":0,"max_hp_loss":0,"event_name":"Mushrooms","floor":8,"gold_loss":0},{"damage_healed":0,"gold_gain":0,"player_choice":"Ignored","damage_taken":0,"max_hp_gain":0,"max_hp_loss":0,"event_name":"Liars Game","floor":12,"gold_loss":0}],"is_beta":false,"boss_relics":[],"items_purged_floors":[],"is_endless":false,"potions_floor_spawned":[1,2,3,11],"killed_by":"Slime Boss","ascension_level":9}}