{"host":"7qqg3hyzrz6apiso","time":1612026922,"event":{"mods":["AchievementEnabler","BaseMod","Better Debug","Colored Map","Keyboard Shortcuts","Minty Spire (QoL Compilation)","Permanent Neow","Quick Restart","StSLib","SuperFastMode"],"gold_per_floor":[124,136,160,185,197,209,242,254,335,385,415,427,1,16,16,147,147,166,66,66,85,105,105,148,148,175,211,61,94,115,115,115,235,235,256,271,286,349,373,373,387,387,466,4,29,53,53,69,69,69],"floor_reached":51,"language":"KOR","playtime":2533,"items_purged":["Injury","Reprogram","Parasite"],"score":830,"play_id":"9b391738-7fdd-4382-b63a-b59426acd521","local_time":"20210131021522","is_ascension_mode":true,"campfire_choices":[{"data":"Zap","floor":6.0,"key":"SMITH"},{"data":"Go for the Eyes","floor":8.0,"key":"SMITH"},{"data":"FTL","floor":12.0,"key":"SMITH"},{"floor":15.0,"key":"REST"},{"floor":23.0,"key":"REST"},{"data":"Biased Cognition","floor":25.0,"key":"SMITH"},{"data":"Creative AI","floor":32.0,"key":"SMITH"},{"data":"Fission","floor":40,"key":"SMITH"},{"data":"Amplify","floor":42,"key":"SMITH"},{"floor":49,"key":"REST"}],"circlet_count":0,"master_deck":["Zap+1","Dualcast","Go for the Eyes+1","FTL+1","Cold Snap+1","Conserve Battery","Defragment","Gash","Biased Cognition+1","Rip and Tear","Fission+1","Compile Driver","Amplify+1","Sweeping Beam+1","Coolheaded","Electrodynamics","Defragment","Creative AI+1","Hologram","Melter"],"relics":["Cracked Core","MawBank","Golden Idol","InkBottle","Bronze Scales","Blood Vial","TheAbacus","Pandora\u0027s Box","Vajra","Whetstone","Mango","Ancient Tea Set","DataDisk","TungstenRod","Busted Crown","Lizard Tail","Blue Candle","Membership Card","Gambling Chip"],"acts_visited":["Exordium","TheCity","TheBeyond"],"potions_floor_usage":[41,41,44,48,50,50],"damage_taken":[{"damage":8.0,"enemies":"Small Slimes","floor":1.0,"turns":3.0},{"damage":0.0,"enemies":"Cultist","floor":3.0,"turns":3.0},{"damage":1.0,"enemies":"2 Louse","floor":4.0,"turns":2.0},{"damage":12.0,"enemies":"Large Slime","floor":7.0,"turns":6.0},{"damage":10.0,"enemies":"3 Sentries","floor":10.0,"turns":6.0},{"damage":21.0,"enemies":"Gremlin Gang","floor":11.0,"turns":4.0},{"damage":0.0,"enemies":"Exordium Thugs","floor":14.0,"turns":4.0},{"damage":22.0,"enemies":"Slime Boss","floor":16.0,"turns":10.0},{"damage":18.0,"enemies":"Shell Parasite","floor":18.0,"turns":3.0},{"damage":5.0,"enemies":"Spheric Guardian","floor":21.0,"turns":3.0},{"damage":8.0,"enemies":"Cultist and Chosen","floor":22.0,"turns":3.0},{"damage":9.0,"enemies":"Book of Stabbing","floor":24.0,"turns":4.0},{"damage":0.0,"enemies":"Gremlin Leader","floor":27.0,"turns":4.0},{"damage":32.0,"enemies":"Book of Stabbing","floor":29.0,"turns":4.0},{"damage":11.0,"enemies":"Centurion and Healer","floor":30.0,"turns":4.0},{"damage":15.0,"enemies":"Automaton","floor":33.0,"turns":8.0},{"damage":4.0,"enemies":"Orb Walker","floor":35.0,"turns":4.0},{"damage":4.0,"enemies":"3 Shapes","floor":36.0,"turns":3.0},{"damage":0.0,"enemies":"Writhing Mass","floor":37.0,"turns":5.0},{"damage":30.0,"enemies":"Mind Bloom Boss Battle","floor":38.0,"turns":5.0},{"damage":0,"enemies":"Transient","floor":39,"turns":5},{"damage":0,"enemies":"Maw","floor":41,"turns":3},{"damage":0,"enemies":"Sphere and 2 Shapes","floor":45,"turns":2},{"damage":8,"enemies":"3 Darklings","floor":46,"turns":2},{"damage":14,"enemies":"4 Shapes","floor":48,"turns":2},{"damage":18,"enemies":"Time Eater","floor":50,"turns":13}],"seed_played":"-3374697418834410809","potions_obtained":[{"floor":1.0,"key":"SneckoOil"},{"floor":2.0,"key":"EntropicBrew"},{"floor":2.0,"key":"Swift Potion"},{"floor":2.0,"key":"AttackPotion"},{"floor":7.0,"key":"Energy Potion"},{"floor":11.0,"key":"Weak Potion"},{"floor":16.0,"key":"Strength Potion"},{"floor":18.0,"key":"LiquidBronze"},{"floor":24.0,"key":"LiquidBronze"},{"floor":29.0,"key":"ColorlessPotion"},{"floor":30.0,"key":"EssenceOfSteel"},{"floor":36.0,"key":"Swift Potion"},{"floor":38.0,"key":"Ancient Potion"},{"floor":39,"key":"PowerPotion"}],"is_trial":false,"path_per_floor":["M","?","M","M","?","R","M","R","T","E","M","R","$","M","R","B",null,"M","$","?","M","M","R","E","R","T","E","$","E","M","T","R","B",null,"M","M","M","?","M","R","M","R","T","$","M","M","?","M","R","B",null],"character_chosen":"DEFECT","items_purchased":["Defragment","Blood Vial","TheAbacus","Ancient Tea Set","Membership Card","Gambling Chip","Melter","EntropicBrew"],"campfire_rested":3,"item_purchase_floors":[13,13,13,28,44,44,44,44],"current_hp_per_floor":[67,67,67,66,66,66,54,54,54,44,23,23,23,25,47,27,75,57,57,57,54,48,70,63,63,63,79,79,49,40,40,40,27,89,85,83,85,57,59,59,61,61,61,61,63,57,57,45,70,54],"gold":69,"neow_bonus":"RANDOM_COMMON_RELIC","is_daily":false,"chose_seed":false,"campfire_upgraded":7,"win_rate":0.0,"timestamp":1612026922,"path_taken":["M","?","?","M","?","R","M","R","T","E","M","R","$","M","R","BOSS","M","$","?","M","?","R","E","R","T","E","$","E","M","?","R","BOSS","M","M","?","?","M","R","M","R","T","$","M","M","?","?","R","BOSS"],"items_purchased_type":["Card","Relic","Relic","Relic","Relic","Relic","Card","Potion"],"build_version":"2020-12-22","purchased_purges":3,"victory":true,"max_hp_per_floor":[75,75,75,75,75,75,75,75,75,75,75,75,75,75,75,75,75,75,75,75,75,75,75,75,75,75,89,89,89,89,89,89,89,89,89,89,89,89,89,89,89,89,89,86,86,86,86,86,86,86],"card_choices":[{"not_picked":["Redo","Steam"],"picked":"Go for the Eyes","floor":1.0},{"not_picked":["Barrage","Scrape","Steam"],"picked":"SKIP","floor":3.0},{"not_picked":["Streamline","Loop"],"picked":"FTL","floor":4.0},{"not_picked":["Redo","Sunder","Auto Shields"],"picked":"SKIP","floor":7.0},{"not_picked":["Meteor Strike","Loop"],"picked":"Cold Snap","floor":10.0},{"not_picked":["Cold Snap","Gash"],"picked":"Conserve Battery","floor":11.0},{"not_picked":["Streamline","Stack"],"picked":"Gash","floor":14.0},{"not_picked":["Rainbow","Buffer"],"picked":"Biased Cognition","floor":16.0},{"not_picked":["Blizzard","Coolheaded","Redo"],"picked":"SKIP","floor":18.0},{"not_picked":["Rip and Tear","Go for the Eyes","Sunder"],"picked":"SKIP","floor":21.0},{"not_picked":["Streamline","Steam","Compile Driver"],"picked":"SKIP","floor":22.0},{"not_picked":["Beam Cell","Aggregate"],"picked":"Defragment","floor":24.0},{"not_picked":["Compile Driver","Rebound"],"picked":"Creative AI","floor":27.0},{"not_picked":["Streamline+1","Darkness"],"picked":"Hologram","floor":29.0},{"not_picked":["Steam","Stack","Conserve Battery"],"picked":"SKIP","floor":30.0},{"not_picked":["Chaos+1"],"picked":"SKIP","floor":35.0},{"not_picked":["Hologram"],"picked":"SKIP","floor":36.0},{"not_picked":["Stack+1"],"picked":"SKIP","floor":37.0},{"not_picked":["Reprogram+1"],"picked":"SKIP","floor":39},{"not_picked":["Fusion"],"picked":"SKIP","floor":41},{"not_picked":["Streamline"],"picked":"SKIP","floor":45},{"not_picked":["Hologram+1"],"picked":"SKIP","floor":46},{"not_picked":["Melter+1"],"picked":"SKIP","floor":48}],"player_experience":175569,"relics_obtained":[{"floor":9.0,"key":"InkBottle"},{"floor":10.0,"key":"Bronze Scales"},{"floor":24.0,"key":"Vajra"},{"floor":26.0,"key":"Whetstone"},{"floor":27.0,"key":"Mango"},{"floor":29.0,"key":"DataDisk"},{"floor":31.0,"key":"TungstenRod"},{"floor":38.0,"key":"Lizard Tail"},{"floor":43,"key":"Blue Candle"}],"event_choices":[{"damage_healed":0.0,"max_hp_gain":0.0,"max_hp_loss":0.0,"gold_gain":0.0,"event_name":"Lab","player_choice":"Got Potions","floor":2.0,"gold_loss":0.0,"damage_taken":0.0},{"damage_healed":0.0,"max_hp_gain":0.0,"max_hp_loss":0.0,"gold_gain":0.0,"event_name":"Golden Idol","player_choice":"Take Wound","floor":5.0,"gold_loss":0.0,"damage_taken":0.0,"relics_obtained":["Golden Idol"],"cards_obtained":["Injury"]},{"damage_healed":0.0,"max_hp_gain":0.0,"max_hp_loss":0.0,"gold_gain":0.0,"event_name":"Match and Keep!","player_choice":"0 cards matched","floor":20.0,"gold_loss":0.0,"damage_taken":0.0,"cards_obtained":[]},{"damage_healed":0.0,"max_hp_gain":0.0,"max_hp_loss":0.0,"gold_gain":0.0,"event_name":"MindBloom","player_choice":"Fight","floor":38.0,"gold_loss":0.0,"damage_taken":0.0},{"damage_healed":0,"gold_gain":0,"player_choice":"Bought 0 Potions","damage_taken":0,"max_hp_gain":0,"max_hp_loss":0,"event_name":"The Woman in Blue","floor":47,"gold_loss":0}],"is_beta":false,"boss_relics":[{"not_picked":["Black Star","Coffee Dripper"],"picked":"Pandora\u0027s Box"},{"not_picked":["SacredBark","Fusion Hammer"],"picked":"Busted Crown"}],"items_purged_floors":[13,19,44],"is_endless":false,"potions_floor_spawned":[1,7,11,16,18,24,29,30,36,38,39,45],"ascension_level":2}}