{"host":"rv8qrr1d2i1l2m12","time":1612038392,"event":{"mods":["BaseMod","Colored Map","Minty Spire (QoL Compilation)","StSLib"],"gold_per_floor":[117,132,142,31,31,31,62,62,62,76,76,76,76,89,89,215,215,240,253,9,32,32,32],"floor_reached":22,"language":"ENG","playtime":1078,"items_purged":["Injury"],"score":270,"play_id":"116b18ee-d701-4974-a46f-1943f8c6619b","local_time":"20210130152632","is_ascension_mode":true,"campfire_choices":[{"data":"Streamline","floor":6,"key":"SMITH"},{"floor":12,"key":"REST"},{"data":"Rainbow","floor":15,"key":"SMITH"}],"circlet_count":0,"master_deck":["Strike_B","Strike_B","Strike_B","Strike_B","Defend_B","Defend_B","Defend_B","Zap","Dualcast","Auto Shields","Cold Snap","Streamline+1","Melter","Glacier","Static Discharge","Parasite","Ball Lightning","Rainbow+1","Ball Lightning","Echo Form","Hologram+1","Loop","Scrape","Go for the Eyes"],"relics":["Cracked Core","NeowsBlessing","Dead Branch","PreservedInsect","Blue Candle","Golden Idol","Black Star","Membership Card"],"acts_visited":["Exordium","TheCity"],"potions_floor_usage":[10,16,16],"damage_taken":[{"damage":0,"enemies":"Cultist","floor":1,"turns":1},{"damage":0,"enemies":"2 Louse","floor":2,"turns":1},{"damage":0,"enemies":"Small Slimes","floor":3,"turns":1},{"damage":28,"enemies":"Gremlin Nob","floor":7,"turns":4},{"damage":6,"enemies":"Gremlin Gang","floor":10,"turns":4},{"damage":18,"enemies":"Exordium Thugs","floor":14,"turns":4},{"damage":36,"enemies":"The Guardian","floor":16,"turns":10},{"damage":7,"enemies":"Chosen","floor":18,"turns":5},{"damage":0,"enemies":"Spheric Guardian","floor":19,"turns":1},{"damage":23,"enemies":"Centurion and Healer","floor":21,"turns":7},{"damage":35,"enemies":"Snake Plant","floor":22,"turns":4}],"seed_played":"1253897760561853970","potions_obtained":[{"floor":3,"key":"LiquidBronze"},{"floor":7,"key":"Fire Potion"},{"floor":14,"key":"Regen Potion"},{"floor":18,"key":"Explosive Potion"},{"floor":19,"key":"FocusPotion"}],"is_trial":false,"path_per_floor":["M","M","M","$","?","R","E","?","T","M","?","R","?","M","R","B",null,"M","M","$","M","M"],"character_chosen":"DEFECT","items_purchased":["Melter","Glacier","Membership Card","Loop","Scrape"],"campfire_rested":1,"item_purchase_floors":[4,4,20,20,20],"current_hp_per_floor":[68,68,68,68,65,65,37,55,55,49,49,71,71,53,53,32,64,57,57,57,34,0,0],"gold":32,"neow_bonus":"THREE_ENEMY_KILL","is_daily":false,"chose_seed":false,"campfire_upgraded":2,"win_rate":0.0,"timestamp":1612038392,"path_taken":["M","M","?","$","?","R","E","?","T","M","?","R","?","M","R","BOSS","M","?","$","M","M"],"items_purchased_type":["Card","Card","Relic","Card","Card"],"build_version":"2020-12-22","purchased_purges":1,"victory":false,"max_hp_per_floor":[75,75,75,75,75,75,75,75,75,75,75,75,75,75,75,75,75,75,75,75,75,75,75],"card_choices":[{"not_picked":["Barrage","FTL"],"picked":"Auto Shields","floor":1},{"not_picked":["Redo","Barrage"],"picked":"Cold Snap","floor":2},{"not_picked":["Redo","Rainbow"],"picked":"Streamline","floor":3},{"not_picked":["Tempest","Steam"],"picked":"Static Discharge","floor":7},{"not_picked":["Coolheaded","Stack"],"picked":"Ball Lightning","floor":10},{"not_picked":["BootSequence","Steam"],"picked":"Ball Lightning","floor":14},{"not_picked":["Fission","Thunder Strike"],"picked":"Echo Form","floor":16},{"not_picked":["Double Energy+1","Reprogram"],"picked":"Hologram+1","floor":18},{"not_picked":["Darkness","Redo","Barrage"],"picked":"SKIP","floor":19},{"not_picked":["Doom and Gloom","Stack"],"picked":"Go for the Eyes","floor":21}],"player_experience":578198,"relics_obtained":[{"floor":7,"key":"PreservedInsect"},{"floor":9,"key":"Blue Candle"}],"event_choices":[{"damage_healed":0,"gold_gain":0,"player_choice":"Success","damage_taken":3,"relics_obtained":["Dead Branch"],"max_hp_gain":0,"max_hp_loss":0,"event_name":"Scrap Ooze","floor":5,"gold_loss":0},{"damage_healed":18,"gold_gain":0,"player_choice":"Healed and dodged fight","damage_taken":0,"max_hp_gain":0,"max_hp_loss":0,"event_name":"Mushrooms","floor":8,"gold_loss":0,"cards_obtained":["Parasite"]},{"damage_healed":0,"gold_gain":0,"player_choice":"Take Wound","damage_taken":0,"relics_obtained":["Golden Idol"],"max_hp_gain":0,"max_hp_loss":0,"event_name":"Golden Idol","floor":11,"gold_loss":0,"cards_obtained":["Injury"]},{"damage_healed":0,"gold_gain":0,"cards_transformed":["Defend_B"],"player_choice":"Transformed","damage_taken":0,"max_hp_gain":0,"max_hp_loss":0,"event_name":"Transmorgrifier","floor":13,"gold_loss":0,"cards_obtained":["Rainbow"]}],"is_beta":false,"boss_relics":[{"not_picked":["Velvet Choker","Sozu"],"picked":"Black Star"}],"items_purged_floors":[20],"is_endless":false,"potions_floor_spawned":[3,7,14,18,19],"killed_by":"Snake Plant","ascension_level":9}}