{"host":"farxtl2u8hmkbdo2","time":1612036030,"event":{"mods":["A Magickal Journey","BaseMod","Better Altar","Better Note","Better Sensory Stone","Better Skull","Better Third Choice","Challenge The Spire","Colored Map","Colored Powertips","Current Relic Mod","Energized Spire","Fox Events","Gremlin Mod","Hermit","Hubris","Mimic Mod","Minty Spire (QoL Compilation)","Quick Restart","READ ME - Guardian Mod","READ ME - Snecko Mod","Rare Cards Sparkle","StSLib","The Bladedancer","The Bug Knight","The Cursed","The Disciple","The Hierophant","The Marked","The Necromancer","The Runesmith","Transform Curses"],"gold_per_floor":[113,128,128,78,78,105,105,135,162,178,208,223,14,43,43,138,138,148,148,186,156,188,253,253,359,469,469,469,624,624,790,790,1073,1073,1282,1502,1502,1724,1999,1999,1999],"floor_reached":40,"language":"SPA","playtime":2899,"items_purged":[],"score":719,"play_id":"940c0027-7736-44e7-8023-c8e613c64af0","local_time":"20210130164710","is_ascension_mode":true,"campfire_choices":[{"data":"TheCursedMod:EmpowerCircles","floor":15.0,"key":"SMITH"},{"data":"TheCursedMod:CircleOfAbyss","floor":24.0,"key":"SMITH"},{"floor":27.0,"key":"REST"},{"data":"TheCursedMod:CircleOfCorruption","floor":30.0,"key":"SMITH"},{"floor":32,"key":"REST"}],"circlet_count":0,"master_deck":["TheCursedMod:Strike_TheCursed","TheCursedMod:Strike_TheCursed","TheCursedMod:Strike_TheCursed","TheCursedMod:Strike_TheCursed","TheCursedMod:Defend_TheCursed+1","TheCursedMod:Defend_TheCursed","TheCursedMod:Defend_TheCursed","TheCursedMod:CursedWand","TheCursedMod:CleanUpWorkshop","TheCursedMod:Dregs","Clumsy","TheCursedMod:CircleOfAbyss+1","TheCursedMod:TroublousMinions+1","TheCursedMod:HellsGateOpen+1","TheCursedMod:CircleOfAmplification","TheCursedMod:Stretching","TheCursedMod:CursedBlade","TheCursedMod:CursedAmulet","TheCursedMod:EmpowerCircles+1","TheCursedMod:CircleOfCorruption+1","TheCursedMod:Obscuration","TheCursedMod:CollectTribute","TheCursedMod:HellfireBreathing+1","hubris:Greed","TheCursedMod:FleshFromBone","hubris:Greed","hubris:Greed","TheCursedMod:SurpriseAttack","hubris:Greed","hubris:Greed","hubris:Greed","hubris:Greed","TheCursedMod:CollectTribute","hubris:Greed","hubris:Greed","hubris:Greed","hubris:Greed","hubris:Greed","hubris:Greed","hubris:Greed","hubris:Greed","TheCursedMod:EmpowerCircles","hubris:Greed","hubris:Greed","hubris:Greed","hubris:Greed","hubris:Greed","hubris:Greed","hubris:Greed","TheCursedMod:CursedArmor","hubris:Greed","hubris:Greed","hubris:Greed","hubris:Greed","Steam","hubris:Greed","hubris:Greed","hubris:Greed","hubris:Greed","hubris:Greed","Hello World","hubris:Greed","hubris:Greed","hubris:Greed","hubris:Greed","hubris:Greed","hubris:Greed","TheCursedMod:VoidForm","CurseOfTheBell","hubris:Greed","Rebound","hubris:Greed","hubris:Greed","hubris:Greed","Sunder","TheCursedMod:HellfireBreathing+1","hubris:Greed","TheCursedMod:Evocation","Regret","hubris:Greed","hubris:Greed","hubris:Greed","hubris:Greed","hubris:Greed","hubris:Greed"],"relics":["TheCursedMod:BlackMagic101","Strawberry","Kunai","Ancient Tea Set","Nunchaku","Runesmith:AutoHammer","Smiling Mask","energizedSpire:OgreHead","Bottled Lightning","Oddly Smooth Stone","hubris:DisguiseKit","hubris:BottledRain","Bag of Marbles","Calling Bell","MealTicket","Runesmith:Nanobots","CaptainsWheel"],"acts_visited":["Exordium","TheCity","TheBeyond"],"potions_floor_usage":[33,33,36,36,38,38],"damage_taken":[{"damage":2.0,"enemies":"Small Slimes","floor":1.0,"turns":4.0},{"damage":0.0,"enemies":"Jaw Worm","floor":2.0,"turns":6.0},{"damage":16.0,"enemies":"Lagavulin","floor":6.0,"turns":10.0},{"damage":6.0,"enemies":"Gremlin Nob","floor":8.0,"turns":4.0},{"damage":0.0,"enemies":"2 Louse","floor":10.0,"turns":2.0},{"damage":4.0,"enemies":"3 Sentries","floor":11.0,"turns":6.0},{"damage":0.0,"enemies":"Red Slaver","floor":12.0,"turns":3.0},{"damage":5.0,"enemies":"Gremlin Nob","floor":14.0,"turns":3.0},{"damage":14.0,"enemies":"Slime Boss","floor":16.0,"turns":8.0},{"damage":11.0,"enemies":"Spheric Guardian","floor":18.0,"turns":4.0},{"damage":1.0,"enemies":"Shell Parasite","floor":20.0,"turns":6.0},{"damage":0.0,"enemies":"Shell Parasite","floor":22.0,"turns":5.0},{"damage":21.0,"enemies":"Book of Stabbing","floor":23.0,"turns":6.0},{"damage":26.0,"enemies":"Gremlin Leader","floor":25.0,"turns":8.0},{"damage":19.0,"enemies":"Snecko","floor":26.0,"turns":8.0},{"damage":35.0,"enemies":"Slavers","floor":29.0,"turns":5.0},{"damage":9,"enemies":"Snecko","floor":31,"turns":6},{"damage":32,"enemies":"Automaton","floor":33,"turns":10},{"damage":5,"enemies":"3 Shapes","floor":35,"turns":7},{"damage":1,"enemies":"3 Darklings","floor":36,"turns":4},{"damage":23,"enemies":"Jaw Worm Horde","floor":38,"turns":4},{"damage":55,"enemies":"Reptomancer","floor":40,"turns":2}],"seed_played":"8708252171340021294","potions_obtained":[{"floor":2.0,"key":"SpeedPotion"},{"floor":6.0,"key":"Energy Potion"},{"floor":7.0,"key":"ColorlessPotion"},{"floor":7.0,"key":"AttackPotion"},{"floor":11.0,"key":"CultistPotion"},{"floor":12.0,"key":"Swift Potion"},{"floor":16.0,"key":"CultistPotion"},{"floor":21.0,"key":"SmokeBomb"},{"floor":21.0,"key":"SkillPotion"},{"floor":22.0,"key":"EssenceOfSteel"},{"floor":25.0,"key":"DistilledChaos"},{"floor":29.0,"key":"Dexterity Potion"},{"floor":31,"key":"GamblersBrew"},{"floor":35,"key":"EntropicBrew"}],"is_trial":false,"path_per_floor":["M","M","?","?","?","E","?","E","T","M","E","M","$","E","R","B",null,"M","?","MIM","?","M","E","R","E","MIM","R","?","E","R","M","R","B",null,"M","M","?","M","?","E"],"character_chosen":"THE_CURSED","items_purchased":["Runesmith:AutoHammer","TheCursedMod:CircleOfCorruption"],"campfire_rested":2,"item_purchase_floors":[13,13],"current_hp_per_floor":[73,73,58,58,58,49,49,43,43,43,39,39,39,34,34,20,82,71,71,70,70,70,49,49,23,4,28,55,20,20,11,35,3,82,77,76,76,53,53,0,0],"gold":1999,"neow_bonus":"THREE_RARE_CARDS","is_daily":false,"chose_seed":false,"campfire_upgraded":3,"win_rate":0.0,"timestamp":1612036030,"path_taken":["M","M","?","?","?","E","?","E","T","M","E","M","$","E","R","BOSS","M","?","?","?","?","E","R","E","MIM","R","?","E","R","M","R","BOSS","M","?","?","?","?","E"],"items_purchased_type":["Relic","Card"],"build_version":"2020-12-22","purchased_purges":0,"victory":false,"max_hp_per_floor":[75,75,75,75,75,82,82,82,82,82,82,82,82,82,82,82,82,82,82,82,82,82,82,82,82,82,82,82,82,82,82,82,82,82,82,82,82,82,82,82,82],"card_choices":[{"not_picked":["TheCursedMod:DemonicPact","TheCursedMod:CursedRelics"],"picked":"TheCursedMod:CircleOfAbyss","floor":0.0},{"not_picked":["TheCursedMod:BloodBarrier","TheCursedMod:SaltUponWound"],"picked":"TheCursedMod:TroublousMinions","floor":1.0},{"not_picked":["TheCursedMod:Stigma","TheCursedMod:RapidMovement"],"picked":"TheCursedMod:HellsGateOpen","floor":2.0},{"not_picked":["TheCursedMod:UltimatePain","TheCursedMod:CursedMace"],"picked":"TheCursedMod:CircleOfAmplification","floor":6.0},{"not_picked":["TheCursedMod:FuryStrike","TheCursedMod:FleshFromBone"],"picked":"TheCursedMod:Stretching","floor":8.0},{"not_picked":["TheCursedMod:FleshFromBone","TheCursedMod:PrepareRite"],"picked":"TheCursedMod:CursedBlade","floor":10.0},{"not_picked":["TheCursedMod:Torture","TheCursedMod:Stretching"],"picked":"TheCursedMod:CursedAmulet","floor":11.0},{"not_picked":["TheCursedMod:AbyssShockwave","TheCursedMod:CursedBlade"],"picked":"TheCursedMod:EmpowerCircles","floor":12.0},{"not_picked":["TheCursedMod:SpitefulStrike","TheCursedMod:CursedSpellbook"],"picked":"TheCursedMod:Obscuration","floor":14.0},{"not_picked":["TheCursedMod:ParallelWorld","TheCursedMod:Neurasthenia"],"picked":"TheCursedMod:CollectTribute","floor":16.0},{"not_picked":["TheCursedMod:Stigma+1","TheCursedMod:ReleasedStrength"],"picked":"TheCursedMod:HellfireBreathing+1","floor":18.0},{"not_picked":["TheCursedMod:CursedBlade","TheCursedMod:Torture"],"picked":"TheCursedMod:FleshFromBone","floor":20.0},{"not_picked":["TheCursedMod:AbyssShockwave","TheCursedMod:RavingStaff"],"picked":"TheCursedMod:SurpriseAttack","floor":22.0},{"not_picked":["TheCursedMod:EmpowerCircles","TheCursedMod:PrepareRite"],"picked":"TheCursedMod:CollectTribute","floor":23.0},{"not_picked":["TheCursedMod:CircleOfCorruption","TheCursedMod:ReleasedStrength"],"picked":"TheCursedMod:EmpowerCircles","floor":25.0},{"not_picked":["TheCursedMod:CursedBlade+1","TheCursedMod:CursedStaff","Scrape"],"picked":"TheCursedMod:CursedArmor","floor":26.0},{"not_picked":["TheCursedMod:RavingStaff+1","TheCursedMod:Evocation","TheCursedMod:CursedArmor"],"picked":"Steam","floor":29.0},{"not_picked":["TheCursedMod:CursedAmulet+1","TheCursedMod:CursedMace","TheCursedMod:WearCloak"],"picked":"Hello World","floor":31},{"not_picked":["TheCursedMod:AntiAging","TheCursedMod:Neurasthenia","hubris:Prefetch"],"picked":"TheCursedMod:VoidForm","floor":33},{"not_picked":["TheCursedMod:RavingStaff","TheCursedMod:SoulCrush","TheCursedMod:CursedShiv"],"picked":"Rebound","floor":35},{"not_picked":["TheCursedMod:Mangle","TheCursedMod:VitalStrike","TheCursedMod:WearCloak+1"],"picked":"Sunder","floor":36},{"not_picked":["TheCursedMod:CursedArmor+1","TheCursedMod:Obscuration+1","Conserve Battery"],"picked":"TheCursedMod:Evocation","floor":38}],"player_experience":1972426,"relics_obtained":[{"floor":6.0,"key":"Strawberry"},{"floor":8.0,"key":"Kunai"},{"floor":9.0,"key":"Ancient Tea Set"},{"floor":11.0,"key":"Nunchaku"},{"floor":14.0,"key":"Smiling Mask"},{"floor":20.0,"key":"Bottled Lightning"},{"floor":23.0,"key":"Oddly Smooth Stone"},{"floor":25.0,"key":"hubris:DisguiseKit"},{"floor":26.0,"key":"hubris:BottledRain"},{"floor":29.0,"key":"Bag of Marbles"},{"floor":34,"key":"MealTicket"},{"floor":34,"key":"Runesmith:Nanobots"},{"floor":34,"key":"CaptainsWheel"}],"event_choices":[{"damage_healed":73.0,"max_hp_gain":0.0,"max_hp_loss":75.0,"gold_gain":0.0,"event_name":"betterThird:BetterShining","player_choice":"Upgrade","floor":3.0,"gold_loss":0.0,"damage_taken":15.0,"cards_upgraded":["TheCursedMod:Defend_TheCursed","TheCursedMod:TroublousMinions"]},{"cards_removed":["TheCursedMod:Defend_TheCursed"],"damage_healed":0.0,"max_hp_gain":0.0,"max_hp_loss":0.0,"gold_gain":0.0,"event_name":"The Cleric","player_choice":"Card Removal","floor":4.0,"gold_loss":50.0,"damage_taken":0.0},{"damage_healed":0.0,"max_hp_gain":0.0,"max_hp_loss":0.0,"gold_gain":0.0,"event_name":"Lab","player_choice":"Got Potions","floor":7.0,"gold_loss":0.0,"damage_taken":0.0},{"damage_healed":0.0,"max_hp_gain":0.0,"max_hp_loss":0.0,"gold_gain":0.0,"event_name":"Vampires","player_choice":"Ignored","floor":19.0,"gold_loss":0.0,"damage_taken":0.0},{"damage_healed":0.0,"max_hp_gain":0.0,"max_hp_loss":0.0,"gold_gain":0.0,"event_name":"The Woman in Blue","player_choice":"Bought 2 Potions","floor":21.0,"gold_loss":0.0,"damage_taken":0.0},{"damage_healed":27.0,"max_hp_gain":0.0,"max_hp_loss":0.0,"gold_gain":0.0,"event_name":"The Library","player_choice":"Heal","floor":28.0,"gold_loss":0.0,"damage_taken":0.0},{"damage_healed":0,"gold_gain":0,"player_choice":"Copied","damage_taken":0,"max_hp_gain":0,"max_hp_loss":0,"event_name":"Duplicator","floor":37,"gold_loss":0,"cards_obtained":["TheCursedMod:HellfireBreathing"]},{"damage_healed":0,"gold_gain":275,"player_choice":"Desecrate","damage_taken":0,"max_hp_gain":0,"max_hp_loss":0,"event_name":"Golden Shrine","floor":39,"gold_loss":0,"cards_obtained":["Regret"]}],"is_beta":false,"boss_relics":[{"not_picked":["Runesmith:UraniumAnvil","energizedSpire:EnergizedDie"],"picked":"energizedSpire:OgreHead"},{"not_picked":["Tiny House","Coffee Dripper"],"picked":"Calling Bell"}],"items_purged_floors":[],"is_endless":false,"potions_floor_spawned":[2,6,11,12,16,22,25,29,31,35],"killed_by":"Reptomancer","ascension_level":1}}