{"host":"qxeepl7ydvsgmfdb","time":1612014833,"event":{"mods":["AchievementEnabler","BaseMod","Colored Powertips","Minty Spire (QoL Compilation)","Quick Restart","slay the spire mod where everything is the same but ironclad has a cowboy hat"],"gold_per_floor":[114,289,308,308,308,308,349,349,375,411,435,462,462,487,487,616,616,635,635,653,390,665,705,705,705,705],"floor_reached":25,"language":"ENG","playtime":624,"items_purged":["Writhe"],"score":302,"play_id":"1e4b9d9d-2dda-4357-ba25-368ab17bf705","local_time":"20210130085353","is_ascension_mode":true,"campfire_choices":[{"data":"Zap","floor":6,"key":"SMITH"},{"data":"Fusion","floor":8,"key":"SMITH"},{"floor":13,"key":"REST"},{"floor":15,"key":"REST"},{"floor":24,"key":"REST"}],"circlet_count":0,"master_deck":["Strike_B","Strike_B","Defend_B","Defend_B","Defend_B","Defend_B","Zap+1","Dualcast","Sweeping Beam","Melter","Fusion+1","Darkness","Chaos","Chaos","Rainbow","Chill+1","Ball Lightning","Defragment","Regret"],"relics":["Cracked Core","NeowsBlessing","Golden Idol","Ornamental Fan","PreservedInsect","Singing Bowl","Centennial Puzzle","Empty Cage","Boot","Lantern","MealTicket"],"acts_visited":["Exordium","TheCity"],"potions_floor_usage":[16,23,25],"damage_taken":[{"damage":0,"enemies":"2 Louse","floor":1,"turns":1},{"damage":0,"enemies":"Small Slimes","floor":3,"turns":1},{"damage":0,"enemies":"3 Sentries","floor":7,"turns":1},{"damage":18,"enemies":"Gremlin Nob","floor":10,"turns":3},{"damage":2,"enemies":"Cultist","floor":11,"turns":3},{"damage":10,"enemies":"3 Louse","floor":14,"turns":4},{"damage":60,"enemies":"The Guardian","floor":16,"turns":9},{"damage":24,"enemies":"2 Thieves","floor":18,"turns":4},{"damage":23,"enemies":"Chosen","floor":20,"turns":5},{"damage":27,"enemies":"Gremlin Leader","floor":23,"turns":8},{"damage":42,"enemies":"Book of Stabbing","floor":25,"turns":4}],"seed_played":"3525932534399573977","potions_obtained":[{"floor":1,"key":"Regen Potion"},{"floor":10,"key":"PowerPotion"},{"floor":23,"key":"Explosive Potion"}],"is_trial":false,"path_per_floor":["M","?","M","?","?","R","E","R","T","E","M","T","R","M","R","B",null,"M","?","M","$","?","E","R","E"],"character_chosen":"DEFECT","items_purchased":["Defragment","Lantern"],"campfire_rested":3,"item_purchase_floors":[21,21],"current_hp_per_floor":[75,75,75,68,50,50,50,50,50,32,30,30,52,42,64,4,75,51,51,28,28,28,17,40,0,0],"gold":705,"neow_bonus":"THREE_ENEMY_KILL","is_daily":false,"chose_seed":false,"campfire_upgraded":2,"win_rate":0.0,"timestamp":1612014833,"path_taken":["M","?","M","?","?","R","E","R","T","E","M","?","R","M","R","BOSS","M","?","M","$","?","E","R","E"],"items_purchased_type":["Card","Relic"],"build_version":"2020-12-22","purchased_purges":1,"victory":false,"max_hp_per_floor":[75,75,75,75,75,75,75,75,75,75,75,75,75,75,75,75,75,75,75,75,75,75,77,77,77,77],"card_choices":[{"not_picked":["Tempest","Lockon"],"picked":"Sweeping Beam","floor":1},{"not_picked":["Compile Driver","Gash"],"picked":"Melter","floor":3},{"not_picked":["Rip and Tear","Steam"],"picked":"Fusion","floor":7},{"not_picked":["BootSequence","Loop"],"picked":"Darkness","floor":10},{"not_picked":["Beam Cell","Compile Driver"],"picked":"Chaos","floor":11},{"not_picked":["Turbo","Coolheaded"],"picked":"Chaos","floor":14},{"not_picked":["Seek","Creative AI"],"picked":"Rainbow","floor":16},{"not_picked":["Sweeping Beam+1","Steam"],"picked":"Chill+1","floor":18},{"not_picked":["Beam Cell","Reprogram"],"picked":"Ball Lightning","floor":20},{"not_picked":["Lockon","Stack","Go for the Eyes"],"picked":"Singing Bowl","floor":23}],"player_experience":157023,"relics_obtained":[{"floor":7,"key":"Ornamental Fan"},{"floor":9,"key":"PreservedInsect"},{"floor":10,"key":"Singing Bowl"},{"floor":12,"key":"Centennial Puzzle"},{"floor":23,"key":"MealTicket"}],"event_choices":[{"damage_healed":0,"gold_gain":175,"player_choice":"AGREE","damage_taken":0,"max_hp_gain":0,"max_hp_loss":0,"event_name":"Liars Game","floor":2,"gold_loss":0,"cards_obtained":["Doubt"]},{"cards_removed":["Doubt"],"damage_healed":0,"gold_gain":0,"player_choice":"Card Removal","damage_taken":7,"max_hp_gain":0,"max_hp_loss":0,"event_name":"Golden Wing","floor":4,"gold_loss":0},{"damage_healed":0,"gold_gain":0,"player_choice":"Take Damage","damage_taken":18,"relics_obtained":["Golden Idol"],"max_hp_gain":0,"max_hp_loss":0,"event_name":"Golden Idol","floor":5,"gold_loss":0},{"damage_healed":0,"gold_gain":0,"player_choice":"Opened","damage_taken":0,"relics_obtained":["Boot"],"max_hp_gain":0,"max_hp_loss":0,"event_name":"The Mausoleum","floor":19,"gold_loss":0,"cards_obtained":["Writhe"]},{"damage_healed":0,"gold_gain":275,"player_choice":"Desecrate","damage_taken":0,"max_hp_gain":0,"max_hp_loss":0,"event_name":"Golden Shrine","floor":22,"gold_loss":0,"cards_obtained":["Regret"]}],"is_beta":false,"boss_relics":[{"not_picked":["Sozu","Cursed Key"],"picked":"Empty Cage"}],"items_purged_floors":[21],"is_endless":false,"potions_floor_spawned":[1,10,23],"killed_by":"Book of Stabbing","ascension_level":4}}