{"host":"juoup3p5tvzzktl5","time":1612009618,"event":{"mods":["ATMod(∞¢Ë™Mod)","Aspiration","BaseMod","Better Vampires","BetterRewards","Colored Map","Colored Powertips","Downfall","Friendly Minions","GifTheSpireLib","Hermit","Hubris","Infinite Spire","KinomotoSakuraMod(ƒæ÷Æ±æ”£)","Koishi","KomeijiMod","Marisa£®ÏF”Í°°ƒß¿Ì…≥£©","Minty Spire (QoL Compilation)","Quick Restart","Reimu£®≤©¿ˆ¡È√Œ£©","Relic Filter Mod","Reliquary","Replay The Spire","Shop Mod","StSLib","The Administrix","The Alterego","The Bug Knight","The Construct","The Cursed","The Jungle","The Mystic","The Runesmith","The Senshi","Youmu£®ªÍ∆«—˝√Œ£©","Yuyuko"],"gold_per_floor":[118,132,142,142,157,157,172,192,192,208,242,342,342,361,361,464,464,481,491,505,521,521,521],"floor_reached":22,"language":"ZHS","playtime":1492,"items_purged":[],"score":194,"play_id":"1fc39100-e0b0-42ff-afae-d5e294ff8bed","local_time":"20210130212658","is_ascension_mode":false,"campfire_choices":[{"data":"Coolheaded","floor":6.0,"key":"SMITH"},{"data":"Redo","floor":13.0,"key":"SMITH"},{"data":"Dualcast","floor":15.0,"key":"SMITH"}],"circlet_count":0,"master_deck":["Strike_B","Strike_B","Strike_B","Strike_B","Defend_B","Defend_B","Defend_B","Defend_B","Zap","Dualcast+1","AT_FamilyPortrait","Leap","Coolheaded+1","Barrage","Echo Form","Cold Snap","Redo+1","Mirror Shield","FIFO Queue+1"],"relics":["Cracked Core","AT_ATBox","infinitespire:Joker Card","hubris:Zylophone","reliquary:Aerogel","SlaversCollar","Prayer Wheel"],"acts_visited":["Exordium","TheCity"],"potions_floor_usage":[19,20,21],"damage_taken":[{"damage":0.0,"enemies":"Cultist","floor":1.0,"turns":3.0},{"damage":1.0,"enemies":"2 Louse","floor":2.0,"turns":2.0},{"damage":2.0,"enemies":"Jaw Worm","floor":3.0,"turns":3.0},{"damage":8.0,"enemies":"Gremlin Gang","floor":5.0,"turns":5.0},{"damage":11.0,"enemies":"Lots of Slimes","floor":7.0,"turns":5.0},{"damage":0.0,"enemies":"Large Slime","floor":8.0,"turns":7.0},{"damage":4.0,"enemies":"Looter","floor":10.0,"turns":4.0},{"damage":5.0,"enemies":"Lagavulin","floor":11.0,"turns":5.0},{"damage":1.0,"enemies":"3 Louse","floor":14.0,"turns":2.0},{"damage":2.0,"enemies":"Hexaghost","floor":16.0,"turns":14.0},{"damage":0,"enemies":"Chosen","floor":18,"turns":4},{"damage":8,"enemies":"Spheric Guardian","floor":19,"turns":4},{"damage":28,"enemies":"Snake Plant","floor":20,"turns":7},{"damage":27,"enemies":"Centurion and Healer","floor":21,"turns":15},{"damage":12,"enemies":"Sentry and Sphere","floor":22,"turns":3}],"seed_played":"-4625564066928211006","potions_obtained":[{"floor":1.0,"key":"Weak Potion"},{"floor":8.0,"key":"Swift Potion"},{"floor":14.0,"key":"Swift Potion"},{"floor":18,"key":"DuplicationPotion"},{"floor":19,"key":"construct:ShiftPotion"}],"is_trial":false,"path_per_floor":["M","M","M","?","M","R","M","M","T","M","E","?","R","M","R","B",null,"M","M","M","M","M"],"character_chosen":"DEFECT","items_purchased":[],"campfire_rested":0,"item_purchase_floors":[],"current_hp_per_floor":[75,74,72,72,64,64,53,53,53,49,44,44,44,43,43,41,75,75,67,39,12,0,0],"gold":521,"neow_bonus":"","is_daily":false,"chose_seed":false,"campfire_upgraded":3,"win_rate":0.0,"timestamp":1612009618,"path_taken":["M","?","?","?","M","R","M","M","T","M","E","?","R","M","R","BOSS","M","M","M","M","M"],"items_purchased_type":[],"build_version":"2020-12-22","purchased_purges":0,"victory":false,"max_hp_per_floor":[75,75,75,75,75,75,75,75,75,75,75,75,75,75,75,75,75,75,75,75,75,75,75],"card_choices":[{"not_picked":["Steam","AT_HeatAcrobatics"],"picked":"Leap","floor":1.0},{"not_picked":["Static Discharge","Rip and Tear"],"picked":"Coolheaded","floor":2.0},{"not_picked":["Tempest","Streamline"],"picked":"Barrage","floor":3.0},{"not_picked":["Leap","Steam"],"picked":"Echo Form","floor":5.0},{"not_picked":["Gash","Leap","ReplaySort"],"picked":"SKIP","floor":7.0},{"not_picked":["Force Field","Go for the Eyes"],"picked":"Cold Snap","floor":8.0},{"not_picked":["BasicCrystalCard","Barrage","Conserve Battery"],"picked":"SKIP","floor":10.0},{"not_picked":["Turbo","Rip and Tear","Redo"],"picked":"SKIP","floor":11.0},{"not_picked":["Turbo","Rip and Tear"],"picked":"Redo","floor":11.0},{"not_picked":["Panic Button","Streamline","Leap"],"picked":"SKIP","floor":14.0},{"not_picked":["hubris:SpecializedCircuitry","Reboot"],"picked":"Mirror Shield","floor":16.0},{"not_picked":["Chaos","Cold Snap"],"picked":"FIFO Queue+1","floor":18},{"not_picked":["Rip and Tear","Sweeping Beam","Steam Power"],"picked":"SKIP","floor":19},{"not_picked":["Streamline","Go for the Eyes","Hologram+1"],"picked":"SKIP","floor":20},{"not_picked":["Turbo","AT_ThreeBodyProblem+1"],"picked":"ReplayTheSpireMod:Fabricate Wheel","floor":21}],"player_experience":1149281,"relics_obtained":[{"floor":9.0,"key":"hubris:Zylophone"},{"floor":11.0,"key":"reliquary:Aerogel"}],"event_choices":[{"damage_healed":0.0,"max_hp_gain":0.0,"max_hp_loss":0.0,"gold_gain":0.0,"event_name":"Liars Game","player_choice":"Ignored","floor":4.0,"gold_loss":0.0,"damage_taken":0.0},{"damage_healed":0.0,"max_hp_gain":0.0,"max_hp_loss":0.0,"gold_gain":100.0,"event_name":"Golden Shrine","player_choice":"Pray","floor":12.0,"gold_loss":0.0,"damage_taken":0.0}],"is_beta":false,"boss_relics":[{"not_picked":["hubris:Stopwatch","SacredBark"],"picked":"SlaversCollar"}],"items_purged_floors":[],"is_endless":false,"potions_floor_spawned":[1,8,14,18,19],"killed_by":"Sentry and Sphere","ascension_level":0}}