{"host":"ut3qe46kys7sl3ey","time":1612049219,"event":{"mods":["2.2 Compatiblity","AchievementEnabler","Bard","BaseMod","Bestiary","Better Altar","Better Match","Better Note","Better Sensory Stone","Better Skull","Better Third Choice","BetterRewards","Block Reminder","Colored Map","Colored Powertips","Curses Come First","DeckTracker","Downfall","Energized Spire","Friendly Minions","Highlight Path","Hubris","Infinite Spire","Minty Spire (QoL Compilation)","Permanent Neow","Quick Restart","Random Character Button","Relic Sorter","Relic Stats","Reliquary","Replay The Spire","StSLib","The Blue Laboratory","The Bug Knight","The Construct","The Cursed","The Jungle","The Mystic","The Spell Scribe","Unceasing Turn Reminder","Unknown Chances","Wandering Minibosses"],"gold_per_floor":[113,113,130,43,43,63,81,112,137,167,167,202,221,238,238,342,342,374,474,80,91,91,91,16,28,28,28,55,55,55,70,70,70,70],"floor_reached":33,"language":"ENG","playtime":3098,"items_purged":["HollowMod:NailStrikeStart","HollowMod:QuickDashStart"],"score":310,"play_id":"c1874b56-6e37-4dd2-ba69-348f95aa8ed8","local_time":"20210131012659","is_ascension_mode":false,"campfire_choices":[{"data":"infinitespire:Punishment","floor":11,"key":"SMITH"},{"floor":15,"key":"REST"},{"floor":23,"key":"REST"},{"floor":27,"key":"REST"},{"data":"HollowMod:FocusHealStart","floor":32,"key":"SMITH"}],"circlet_count":0,"master_deck":["HollowMod:NailStrikeStart","HollowMod:NailStrikeStart","HollowMod:QuickDashStart","HollowMod:QuickDashStart","HollowMod:QuickDashStart","HollowMod:FocusHealStart+1","HollowMod:PogoStrike","hubris:Sloth","infinitespire:Punishment+1","Jack Of All Trades","HollowMod:ZotesMagnificence","sneckomod:SnekBite","HollowMod:CycloneSlash","HollowMod:WraithStrike","ReplayTheSpireMod:Private Reserves","HollowMod:MantisMark","HollowMod:SharpenedShadows","HollowMod:MonarchWings","HollowMod:SiblingsSouls","HollowMod:DoubleDash","HollowMod:ShadowDash","HollowMod:DescendingDark","HollowMod:VoidDash","HollowMod:CycloneSlash+1","Mayhem","HollowMod:MantisMark+1","hubris:Fate"],"relics":["ReplayTheSpireMod:SealedPack","infinitespire:Beetle Shell","hubris:Metronome","HollowMod:MillibellesNoteRelic","Centennial Puzzle","HollowMod:LumaflyLanternRelic","SlaversCollar","Sling","Blue Candle","Oddly Smooth Stone","Calipers"],"acts_visited":["Exordium","Exordium"],"potions_floor_usage":[16,33,33,33],"damage_taken":[{"damage":11,"enemies":"Jaw Worm","floor":1,"turns":2},{"damage":0,"enemies":"Small Slimes","floor":3,"turns":2},{"damage":0,"enemies":"2 Louse","floor":6,"turns":1},{"damage":8,"enemies":"Red Slaver","floor":7,"turns":4},{"damage":9,"enemies":"3 Sentries","floor":8,"turns":5},{"damage":0,"enemies":"Gremlin Nob","floor":10,"turns":3},{"damage":23,"enemies":"Lagavulin","floor":12,"turns":3},{"damage":5,"enemies":"Looter","floor":13,"turns":2},{"damage":11,"enemies":"Blue Slaver","floor":14,"turns":2},{"damage":36,"enemies":"HollowMod:FalseKnight","floor":16,"turns":8},{"damage":30,"enemies":"theJungle:GiantWrat","floor":18,"turns":6},{"damage":26,"enemies":"theJungle:5_Spyders","floor":21,"turns":7},{"damage":20,"enemies":"theJungle:2_Flameangoes","floor":25,"turns":3},{"damage":2,"enemies":"theJungle:2_Phrogs","floor":28,"turns":5},{"damage":26,"enemies":"theJungle:SlimyTreeVines","floor":31,"turns":6},{"damage":57,"enemies":"theJungle:TotemBoss","floor":33,"turns":4}],"seed_played":"1958077562984464034","potions_obtained":[{"floor":1,"key":"blueLaboratory:HorrorPotion"},{"floor":7,"key":"blueLaboratory:NullPotion"},{"floor":13,"key":"Fire Potion"},{"floor":14,"key":"Block Potion"},{"floor":28,"key":"EssenceOfSteel"}],"is_trial":false,"path_per_floor":["M","?","M","$","?","M","M","E","T","E","R","E","M","M","R","B",null,"M","?","$","M","?","R","?","M","T","R","E","$","AVR","M","R","B"],"character_chosen":"THE_BUGKNIGHT","items_purchased":["ReplayTheSpireMod:Private Reserves","Mayhem","Sling"],"campfire_rested":3,"item_purchase_floors":[4,20,20],"current_hp_per_floor":[64,64,64,64,64,64,56,47,47,47,47,24,19,8,30,9,75,45,45,45,25,25,47,52,32,32,56,54,54,54,49,49,0,0],"gold":70,"neow_bonus":"BOSS_RELIC","is_daily":false,"chose_seed":false,"campfire_upgraded":2,"win_rate":0.0,"timestamp":1612049219,"path_taken":["M","?","M","$","?","M","M","E","T","E","R","E","M","M","R","BOSS","M","?","$","M","?","R","?","M","T","R","E","?","AVR","M","R","BOSS"],"items_purchased_type":["Card","Card","Relic"],"build_version":"2020-12-22","purchased_purges":2,"victory":false,"max_hp_per_floor":[75,75,75,75,75,75,75,75,75,75,75,75,75,75,75,75,75,75,75,75,75,75,75,80,80,80,80,80,80,80,80,80,80,80],"relic_stats":{"Centennial Puzzle":[30],"counters":[16,63],"Blue Candle":[0],"obtain_stats":[{"SlaversCollar":17,"hubris:Metronome":8,"Centennial Puzzle":10,"Calipers":30,"HollowMod:LumaflyLanternRelic":12,"Blue Candle":26,"Oddly Smooth Stone":28,"HollowMod:VesselMask":0,"ReplayTheSpireMod:SealedPack":0,"infinitespire:Beetle Shell":2,"HollowMod:MillibellesNoteRelic":9,"Sling":20},{"SlaversCollar":10,"hubris:Metronome":5,"Centennial Puzzle":6,"Calipers":14,"HollowMod:LumaflyLanternRelic":7,"Blue Candle":13,"Oddly Smooth Stone":14,"HollowMod:VesselMask":0,"ReplayTheSpireMod:SealedPack":0,"infinitespire:Beetle Shell":1,"HollowMod:MillibellesNoteRelic":5,"Sling":11},{"SlaversCollar":32,"hubris:Metronome":14,"Centennial Puzzle":17,"Calipers":53,"HollowMod:LumaflyLanternRelic":20,"Blue Candle":48,"Oddly Smooth Stone":53,"HollowMod:VesselMask":0,"ReplayTheSpireMod:SealedPack":0,"infinitespire:Beetle Shell":2,"HollowMod:MillibellesNoteRelic":14,"Sling":38}]},"card_choices":[{"not_picked":["hubris:InfiniteBlow","infinitespire:Starlight"],"picked":"infinitespire:Punishment","floor":0},{"not_picked":["ReplayTheSpireMod:Trickstab","Survey Options"],"picked":"Jack Of All Trades","floor":0},{"not_picked":["HollowMod:NewInfectedGuardian","HollowMod:Weaversong"],"picked":"HollowMod:ZotesMagnificence","floor":0},{"not_picked":["hexamod:Sear","sneckomod:Unknown"],"picked":"sneckomod:SnekBite","floor":0},{"not_picked":["HollowMod:DreamGate","HollowMod:MawleksShell"],"picked":"HollowMod:CycloneSlash","floor":1},{"not_picked":["HollowMod:CycloneSlash","HollowMod:HeavyBlow"],"picked":"HollowMod:WraithStrike","floor":3},{"not_picked":["HollowMod:TaintedHusks","HollowMod:LifebloodCore"],"picked":"HollowMod:MantisMark","floor":6},{"not_picked":["HollowMod:LifebloodCocoon","HollowMod:HuntersJournal"],"picked":"HollowMod:SharpenedShadows","floor":7},{"not_picked":["HollowMod:SoulSplash","HollowMod:SoulStrike"],"picked":"HollowMod:MonarchWings","floor":8},{"not_picked":["HollowMod:WraithStrike","HollowMod:ChannelNail"],"picked":"HollowMod:SiblingsSouls","floor":10},{"not_picked":["HollowMod:Grubsong","HollowMod:GreatSlash"],"picked":"HollowMod:DoubleDash","floor":12},{"not_picked":["HollowMod:Grubsong","HollowMod:PerfectDash"],"picked":"HollowMod:ShadowDash","floor":13},{"not_picked":["HollowMod:VengefulVoid","HollowMod:HuntersJournal"],"picked":"HollowMod:DescendingDark","floor":14},{"not_picked":["HollowMod:theNailsmith","HollowMod:SoulMaster"],"picked":"HollowMod:VoidDash","floor":16},{"not_picked":["HollowMod:ChannelNail","HollowMod:SharpenedNail"],"picked":"HollowMod:CycloneSlash+1","floor":18},{"not_picked":["HollowMod:MonarchWings","HollowMod:InfectedCysts","HollowMod:SoulShaman"],"picked":"SKIP","floor":21},{"not_picked":["HollowMod:CornifersMapStart","HollowMod:ShadowDash+1","HollowMod:HowlingWraiths+1"],"picked":"SKIP","floor":25},{"not_picked":["HollowMod:LuriensSpire","HollowMod:GoodIntentions"],"picked":"HollowMod:MantisMark+1","floor":28},{"not_picked":["HollowMod:FastStrike","HollowMod:GoodIntentions","HollowMod:Grubsong"],"picked":"SKIP","floor":31}],"player_experience":203436,"relics_obtained":[{"floor":2,"key":"infinitespire:Beetle Shell"},{"floor":8,"key":"hubris:Metronome"},{"floor":9,"key":"HollowMod:MillibellesNoteRelic"},{"floor":10,"key":"Centennial Puzzle"},{"floor":12,"key":"HollowMod:LumaflyLanternRelic"},{"floor":26,"key":"Blue Candle"},{"floor":28,"key":"Oddly Smooth Stone"}],"event_choices":[{"damage_healed":0,"gold_gain":100,"player_choice":"Pray","damage_taken":0,"max_hp_gain":0,"max_hp_loss":0,"event_name":"Golden Shrine","floor":19,"gold_loss":0},{"cards_removed":["infinitespire:Punishment"],"damage_healed":0,"gold_gain":0,"player_choice":"Give","damage_taken":0,"max_hp_gain":0,"max_hp_loss":0,"event_name":"betterNote:BetterNote","floor":22,"gold_loss":0,"cards_obtained":["HollowMod:InfectedCysts"]}],"is_beta":false,"boss_relics":[{"not_picked":["Replay:Ancient Bell","reliquary:KinkedSpring"],"picked":"SlaversCollar"}],"items_purged_floors":[20,30],"is_endless":false,"potions_floor_spawned":[1,7,13,14,28],"killed_by":"theJungle:TotemBoss","ascension_level":0}}