{"host":"htqwg582tjjtn9p7","time":1612048044,"event":{"mods":["2.2 Compatiblity","AchievementEnabler","Act Like it!","Aspiration","BaseMod","Better Third Choice","Colored Map","Conspire","Curses Come First","Displayed Cursed Tome","Energized Spire","Force Act Four","Fox Events","GifTheSpireLib","Hermit","Highlight Path","JesterMod","Mad Scientist","Minty Spire (QoL Compilation)","Pale of the Ancients","Permanent Neow","Random Character Button","Relic Stats","Reliquary","Replay The Spire","Robot Space Explorer","Somnambulant","Spicy Shops","Spikes Relics","StSLib","Stuff the Spire","The Blue Laboratory","The Bug Knight","The Forsaken","The Gatherer","The Judge","The Jungle","The Marked","The Runesmith","The Servant 0.9.4","Uncapped"],"gold_per_floor":[116,116,116,140,140,140,158,158,211,55,103,149,189,232,232,351,351,401,439,439,484,104,104,170,194,221,262,280,76,97,121,121,210,210,328,328,426,470,17,17,78,121,121,265,265,338,388,411,411,411,436,529,529,228,228,266,266,113,113,113],"floor_reached":61,"language":"ENG","playtime":3661,"items_purged":["Injury","theForsaken:TheForsaken_Strike","theForsaken:Penitence"],"score":2248,"play_id":"30692f2b-1645-47b1-90e1-2660e4255c38","local_time":"20210131000724","is_ascension_mode":true,"campfire_choices":[{"data":"theForsaken:Smite","floor":6.0,"key":"SMITH"},{"floor":15.0,"key":"DIG"},{"data":"theForsaken:BountifulSunlight","floor":23.0,"key":"SMITH"},{"data":"theForsaken:StoreUp","floor":32.0,"key":"SMITH"},{"data":"theForsaken:ShieldBash","floor":40.0,"key":"SMITH"},{"data":"theForsaken:ShieldBash","floor":49,"key":"SMITH"},{"data":"ReplayUltimateDefense","floor":55,"key":"SMITH"},{"data":"StuffTheSpire:BrainWave","floor":57,"key":"SMITH"}],"circlet_count":0,"master_deck":["AscendersBane","theForsaken:TheForsaken_Defend","theForsaken:TheForsaken_Defend","theForsaken:TheForsaken_Defend","theForsaken:Smite+1","theForsaken:BountifulSunlight+1","Wish","Alpha","theForsaken:SpreadingPlague","theForsaken:ShieldBash+1","theForsaken:StoreUp+1","theForsaken:StoreUp+1","StuffTheSpire:BrainWave+1","StuffTheSpire:BrainWave","theForsaken:ShieldBash","theForsaken:ShieldBash+1","theForsaken:StoreUp+1","theForsaken:TheForsaken_Defend+1","theForsaken:Devotion+1","ReplayUltimateDefense+1","theForsaken:QuickAttack+1"],"relics":["theForsaken:JudgementScales","Golden Idol","Bag of Marbles","theForsaken:Lifeblossom","reliquary:RoseTintedGlasses","StuffTheSpire:Mouthbags","Snecko Heart","Ice Cream","StuffTheSpire:Experiment12","SpikesRelics:DaevaFist","RollingBoulder","Toxic Egg 2","Replay:Drink Me","Orrery","StuffTheSpire:OldFever","DollysMirror","SnailShell","reliquary:BallBearing","StuffTheSpire:Tea","Lantern","paleoftheancients:Timepiece","paleoftheancients:KeyRelic","Coffee Dripper","Gremlin Horn","paleoftheancients:SoulOfTheWokeBloke","Strawberry"],"acts_visited":["Exordium","TheCity","TheBeyond","TheBeyond"],"potions_floor_usage":[44,60],"damage_taken":[{"damage":1.0,"enemies":"2 Louse","floor":1.0,"turns":5.0},{"damage":13.0,"enemies":"Cultist","floor":4.0,"turns":5.0},{"damage":6.0,"enemies":"Jaw Worm","floor":7.0,"turns":8.0},{"damage":24.0,"enemies":"3 Louse","floor":11.0,"turns":9.0},{"damage":55.0,"enemies":"Lots of Slimes","floor":12.0,"turns":14.0},{"damage":67.0,"enemies":"Lagavulin","floor":13.0,"turns":9.0},{"damage":19.0,"enemies":"2 Fungi Beasts","floor":14.0,"turns":7.0},{"damage":26.0,"enemies":"Fading Forest","floor":16.0,"turns":11.0},{"damage":68.0,"enemies":"Spheric Guardian","floor":18.0,"turns":8.0},{"damage":38.0,"enemies":"Shell Parasite","floor":19.0,"turns":8.0},{"damage":66.0,"enemies":"Sentry and Sphere","floor":21.0,"turns":8.0},{"damage":40.0,"enemies":"conspire:SneckoGhost","floor":24.0,"turns":7.0},{"damage":0.0,"enemies":"Chosen and Byrds","floor":25.0,"turns":6.0},{"damage":34.0,"enemies":"Book of Stabbing","floor":27.0,"turns":6.0},{"damage":35.0,"enemies":"Snecko","floor":28.0,"turns":9.0},{"damage":41.0,"enemies":"Cultist and Chosen","floor":30.0,"turns":6.0},{"damage":7.0,"enemies":"Snake Plant","floor":31.0,"turns":4.0},{"damage":76.0,"enemies":"Pondfish","floor":33.0,"turns":8.0},{"damage":5.0,"enemies":"3 Shapes","floor":35.0,"turns":7.0},{"damage":9.0,"enemies":"Orb Walker","floor":37.0,"turns":4.0},{"damage":17.0,"enemies":"3 Darklings","floor":38.0,"turns":4.0},{"damage":53.0,"enemies":"Reptomancer","floor":41.0,"turns":6.0},{"damage":0.0,"enemies":"Maw","floor":42.0,"turns":6.0},{"damage":0,"enemies":"Nemesis","floor":44,"turns":9},{"damage":5,"enemies":"conspire:MimicChest","floor":46,"turns":6},{"damage":0,"enemies":"Jaw Worm Horde","floor":47,"turns":5},{"damage":5,"enemies":"3 Darklings","floor":48,"turns":4},{"damage":25,"enemies":"Time Eater","floor":50,"turns":9},{"damage":0,"enemies":"Time Eater","floor":51,"turns":7},{"damage":0,"enemies":"Time Eater","floor":52,"turns":6},{"damage":0,"enemies":"Time Eater","floor":56,"turns":8},{"damage":0,"enemies":"paleoftheancients:N","floor":60,"turns":10}],"seed_played":"-3038446570761063908","potions_obtained":[{"floor":1.0,"key":"FairyPotion"},{"floor":4.0,"key":"blueLaboratory:BottleOfVodka"},{"floor":14.0,"key":"Ancient Potion"},{"floor":30.0,"key":"LifebloodPotion"},{"floor":33.0,"key":"BlessingOfTheForge"},{"floor":37.0,"key":"Strength Potion"},{"floor":47,"key":"blueLaboratory:BottleOfVodka"},{"floor":48,"key":"Block Potion"},{"floor":56,"key":"blueLaboratory:Moonshine"}],"is_trial":false,"path_per_floor":["M","?","?","M","?","R","M","?","T","$","M","M","E","M","R_BF","B",null,"M","M","?","M","$","R","E","M","T","E","M","$","M","M","R","B",null,"M","?","M","M","$","R","E","M","T","E","?","?","M","M","R","B","M","M","?","$","R","M","R","$","?","B",null],"character_chosen":"THE_FORSAKEN","items_purchased":["theForsaken:Lifeblossom","Ice Cream","Toxic Egg 2","Orrery","StuffTheSpire:OldFever","DollysMirror","ReplayUltimateDefense","Strawberry"],"campfire_rested":0,"item_purchase_floors":[10,22,29,39,39,39,54,58],"current_hp_per_floor":[61,40,40,32,32,32,61,45,45,45,61,61,45,61,61,61,61,50,61,61,40,40,40,61,61,61,59,61,61,45,61,61,43,45,46,40,40,35,35,35,36,40,40,40,38,40,40,40,40,40,40,40,40,40,40,40,40,47,47,47],"gold":113,"neow_bonus":"REMOVE_CARD","is_daily":false,"chose_seed":false,"campfire_upgraded":7,"win_rate":0.0,"timestamp":1612048044,"path_taken":["M","?","?","?","?","R","M","?","T","$","M","M","E","M","R_BF","BOSS","M","M","?","M","$","R","E","M","T","E","M","$","?","M","R","BOSS","M","?","M","M","$","R","E","M","T","E","?","?","M","?","R","BOSS","M","M","?","$","R","M","R","$","?","BOSS"],"items_purchased_type":["Relic","Relic","Relic","Relic","Relic","Relic","Card","Relic"],"build_version":"2020-12-22","purchased_purges":3,"victory":true,"max_hp_per_floor":[61,61,61,61,61,61,61,61,61,61,61,61,61,61,61,61,61,61,61,61,61,61,61,61,61,61,61,61,61,61,61,61,61,46,46,40,40,40,40,40,40,40,40,40,40,40,40,40,40,40,40,40,40,40,40,40,40,47,47,47],"relic_stats":{"Gremlin Horn":[10,10],"counters":[32,229],"Golden Idol":216,"obtain_stats":[{"Ice Cream":22,"SnailShell":41,"Lantern":46,"Snecko Heart":17,"Gremlin Horn":50,"theForsaken:Lifeblossom":10,"StuffTheSpire:Experiment12":24,"DollysMirror":39,"Strawberry":58,"RollingBoulder":27,"reliquary:RoseTintedGlasses":13,"Toxic Egg 2":29,"Replay:Drink Me":34,"StuffTheSpire:Tea":44,"paleoftheancients:KeyRelic":50,"Golden Idol":2,"paleoftheancients:Timepiece":50,"StuffTheSpire:Mouthbags":15,"paleoftheancients:SoulOfTheWokeBloke":51,"Orrery":39,"reliquary:BallBearing":43,"Bag of Marbles":9,"SpikesRelics:DaevaFist":26,"Coffee Dripper":50,"theForsaken:JudgementScales":0,"StuffTheSpire:OldFever":39},{"Ice Cream":11,"SnailShell":22,"Lantern":25,"Snecko Heart":8,"Gremlin Horn":28,"theForsaken:Lifeblossom":3,"StuffTheSpire:Experiment12":12,"DollysMirror":21,"Strawberry":31,"RollingBoulder":14,"reliquary:RoseTintedGlasses":6,"Toxic Egg 2":15,"Replay:Drink Me":18,"StuffTheSpire:Tea":24,"paleoftheancients:KeyRelic":28,"Golden Idol":1,"paleoftheancients:Timepiece":28,"StuffTheSpire:Mouthbags":7,"paleoftheancients:SoulOfTheWokeBloke":29,"Orrery":21,"reliquary:BallBearing":23,"Bag of Marbles":3,"SpikesRelics:DaevaFist":13,"Coffee Dripper":28,"theForsaken:JudgementScales":0,"StuffTheSpire:OldFever":21},{"Ice Cream":92,"SnailShell":159,"Lantern":180,"Snecko Heart":68,"Gremlin Horn":198,"theForsaken:Lifeblossom":18,"StuffTheSpire:Experiment12":99,"DollysMirror":153,"Strawberry":219,"RollingBoulder":111,"reliquary:RoseTintedGlasses":50,"Toxic Egg 2":120,"Replay:Drink Me":138,"StuffTheSpire:Tea":174,"paleoftheancients:KeyRelic":198,"Golden Idol":5,"paleoftheancients:Timepiece":198,"StuffTheSpire:Mouthbags":57,"paleoftheancients:SoulOfTheWokeBloke":205,"Orrery":153,"reliquary:BallBearing":165,"Bag of Marbles":18,"SpikesRelics:DaevaFist":105,"Coffee Dripper":198,"theForsaken:JudgementScales":0,"StuffTheSpire:OldFever":153}]},"card_choices":[{"not_picked":["theForsaken:Parry","theForsaken:HealingLight"],"picked":"theForsaken:BountifulSunlight","floor":1.0},{"not_picked":["theForsaken:ShieldCharge","theForsaken:MagicWeapon","theForsaken:QuickAttack"],"picked":"SKIP","floor":4.0},{"not_picked":["theForsaken:BlessedWeapon","theForsaken:Parry","theForsaken:HymnOfPatience"],"picked":"SKIP","floor":7.0},{"not_picked":["theForsaken:DarkBarrier","theForsaken:WordsOfMight","theForsaken:Parry"],"picked":"SKIP","floor":11.0},{"not_picked":["theForsaken:BlightOfFamine","theForsaken:PanicDive","theForsaken:RainingSunlight"],"picked":"SKIP","floor":12.0},{"not_picked":["theForsaken:BlessedWeapon","theForsaken:PowerUp","theForsaken:CreepingInfection"],"picked":"SKIP","floor":13.0},{"not_picked":["theForsaken:Parry","theForsaken:WordsOfMight"],"picked":"theForsaken:SpreadingPlague","floor":14.0},{"not_picked":["theForsaken:QuickAttack","theForsaken:HymnOfRest+1","theForsaken:BlightOfFamine"],"picked":"SKIP","floor":18.0},{"not_picked":["theForsaken:CreepingInfection","theForsaken:PreciseStrike","theForsaken:ScorchingSunlight"],"picked":"SKIP","floor":19.0},{"not_picked":["theForsaken:PowerUp","theForsaken:ScorchingSunlight","theForsaken:BottledPlague"],"picked":"SKIP","floor":21.0},{"not_picked":["theForsaken:Thunderbolt","theForsaken:BottledPlague+1"],"picked":"theForsaken:ShieldBash","floor":24.0},{"not_picked":["theForsaken:Eulogy+1","theForsaken:HymnOfRest"],"picked":"theForsaken:StoreUp","floor":25.0},{"not_picked":["theForsaken:WordOfPower","theForsaken:Confusion","theForsaken:ShieldCharge"],"picked":"SKIP","floor":27.0},{"not_picked":["theForsaken:WordsOfPestilence+1","theForsaken:BindingThorns","theForsaken:CleansingLight+1"],"picked":"SKIP","floor":28.0},{"not_picked":["theForsaken:ScorchingSunlight","theForsaken:BattleHymn+1","theForsaken:Preservation+1"],"picked":"SKIP","floor":30.0},{"not_picked":["theForsaken:RainingSunlight","theForsaken:BottledPlague+1","theForsaken:LightRoll+1"],"picked":"SKIP","floor":31.0},{"not_picked":["theForsaken:HorrifyingStrike","theForsaken:ScorchingSunlight"],"picked":"theForsaken:StoreUp+1","floor":35.0},{"not_picked":["theForsaken:ChargeAttack","theForsaken:ScorchingSunlight","theForsaken:BattleHymn+1"],"picked":"SKIP","floor":37.0},{"not_picked":["theForsaken:DarkBargain+1","theForsaken:HymnOfPatience+1","theForsaken:HorrifyingStrike"],"picked":"SKIP","floor":38.0},{"not_picked":["theForsaken:FuryStrikes","theForsaken:Parry+1"],"picked":"theForsaken:ShieldBash","floor":39.0},{"not_picked":["theForsaken:ScorchingSunlight","theForsaken:Eulogy+1"],"picked":"theForsaken:ShieldBash","floor":39.0},{"not_picked":["theForsaken:PowerUp+1","theForsaken:Mantra+1","theForsaken:ShieldCharge"],"picked":"SKIP","floor":41.0},{"not_picked":["theForsaken:Backlash+1","theForsaken:WardingHymn+1"],"picked":"theForsaken:StoreUp+1","floor":42.0},{"not_picked":["theForsaken:Riposte+1","theForsaken:FatRoll+1","theForsaken:PanicDive+1"],"picked":"SKIP","floor":44},{"not_picked":["theForsaken:HorrifyingStrike+1","theForsaken:BountifulSunlight+1"],"picked":"theForsaken:Devotion+1","floor":46},{"not_picked":["theForsaken:Backlash+1","theForsaken:SolarFlare","theForsaken:FatRoll+1"],"picked":"SKIP","floor":47},{"not_picked":["theForsaken:DarkRift","theForsaken:ShieldCharge+1","theForsaken:CowardsBrand+1"],"picked":"SKIP","floor":48},{"not_picked":["theForsaken:Thunderbolt","theForsaken:Parry+1","theForsaken:QuickAttack+1"],"picked":"SKIP","floor":51},{"not_picked":["theForsaken:FuryStrikes+1","theForsaken:SolarFlare","theForsaken:WordsOfPestilence"],"picked":"SKIP","floor":52},{"not_picked":["theForsaken:HorrifyingStrike+1","theForsaken:FatRoll+1"],"picked":"theForsaken:QuickAttack+1","floor":56}],"player_experience":1986923,"relics_obtained":[{"floor":9.0,"key":"Bag of Marbles"},{"floor":13.0,"key":"reliquary:RoseTintedGlasses"},{"floor":15.0,"key":"StuffTheSpire:Mouthbags"},{"floor":24.0,"key":"StuffTheSpire:Experiment12"},{"floor":26.0,"key":"SpikesRelics:DaevaFist"},{"floor":27.0,"key":"RollingBoulder"},{"floor":41.0,"key":"SnailShell"},{"floor":43.0,"key":"reliquary:BallBearing"},{"floor":44,"key":"StuffTheSpire:Tea"},{"floor":46,"key":"Lantern"},{"floor":51,"key":"paleoftheancients:SoulOfTheWokeBloke"}],"event_choices":[{"damage_healed":0.0,"max_hp_gain":0.0,"max_hp_loss":0.0,"gold_gain":0.0,"event_name":"Golden Idol","player_choice":"Take Damage","floor":2.0,"gold_loss":0.0,"damage_taken":21.0,"relics_obtained":["Golden Idol"]},{"damage_healed":0.0,"max_hp_gain":0.0,"max_hp_loss":0.0,"gold_gain":0.0,"event_name":"Match and Keep!","player_choice":"1 cards matched","floor":3.0,"gold_loss":0.0,"damage_taken":0.0,"cards_obtained":["Injury"]},{"damage_healed":0.0,"max_hp_gain":0.0,"max_hp_loss":0.0,"gold_gain":1.0,"event_name":"betterThird:BetterScrap","player_choice":"Card Card ","floor":8.0,"gold_loss":0.0,"damage_taken":16.0,"cards_obtained":["Wish","Alpha"]},{"damage_healed":0.0,"max_hp_gain":0.0,"max_hp_loss":0.0,"gold_gain":0.0,"event_name":"Match and Keep!","player_choice":"0 cards matched","floor":20.0,"gold_loss":0.0,"damage_taken":0.0,"cards_obtained":[]},{"damage_healed":0,"gold_gain":0,"player_choice":"Leave","damage_taken":0,"max_hp_gain":0,"max_hp_loss":0,"event_name":"conspire:Investor","floor":45,"gold_loss":0}],"is_beta":false,"boss_relics":[{"not_picked":["conspire:RunicOctahedron","energizedSpire:MagnifyingGlass"],"picked":"Snecko Heart"},{"not_picked":["reliquary:RedPaperclip","energizedSpire:OgreHead"],"picked":"Replay:Drink Me"}],"items_purged_floors":[22,29,54],"is_endless":false,"potions_floor_spawned":[1,4,14,16,24,27,30,33,37,38,47,48,56],"ascension_level":15}}