{"host":"c6u7e77myxvw4d0m","time":1612009950,"event":{"mods":["AchievementEnabler","BaseMod","Bestiary","Colored Map","Colored Powertips","Minty Spire (QoL Compilation)","Rare Cards Sparkle","Relic Stats","everything is the same but u backflip on backflip"],"gold_per_floor":[209,226,226,226,246,246,273,273,343,375,5,25,40,67,67,146,146,157,171,86,97,97,97,97,97,97,13,24,24,50,65,65,142,142,162,8,75,95,145,145,173,184,184,184,32,59,59,59,59],"floor_reached":48,"language":"ENG","playtime":2338,"items_purged":["Strike_R","Strike_R"],"score":1077,"play_id":"1f916fff-fa3f-4824-8b78-076a4a3187c5","local_time":"20210130143230","is_ascension_mode":true,"campfire_choices":[{"data":"Feed","floor":6,"key":"SMITH"},{"data":"Hemokinesis","floor":8,"key":"SMITH"},{"data":"Double Tap","floor":15,"key":"SMITH"},{"data":"Immolate","floor":23,"key":"SMITH"},{"data":"Inflame","floor":32,"key":"SMITH"},{"data":"Limit Break","floor":40,"key":"SMITH"},{"data":"Flame Barrier","floor":44,"key":"SMITH"},{"data":"Battle Trance","floor":47,"key":"SMITH"}],"circlet_count":0,"master_deck":["AscendersBane","Strike_R","Strike_R","Defend_R","Defend_R","Defend_R","Defend_R","Bash","Headbutt","Iron Wave","Feed+1","Anger","Hemokinesis+1","Twin Strike","True Grit","Battle Trance+1","Double Tap+1","Cleave","Immolate+1","Pommel Strike","Carnage+1","Bludgeon+1","Blood for Blood+1","Uppercut+1","Inflame+1","Shockwave","Limit Break+1","Hemokinesis+1","Heavy Blade+1","Feel No Pain","Inflame+1","Flame Barrier+1","Feel No Pain"],"relics":["Burning Blood","Potion Belt","Ornamental Fan","Red Skull","Bag of Marbles","Pantograph","Velvet Choker","Molten Egg 2","Pear","SsserpentHead","Toy Ornithopter","Coffee Dripper","Orichalcum","The Courier","Medical Kit","StrikeDummy"],"acts_visited":["Exordium","TheCity","TheBeyond"],"potions_floor_usage":[12,13,14,16,25,30,31,31,37,38,41,46],"damage_taken":[{"damage":9,"enemies":"2 Louse","floor":1,"turns":2},{"damage":4,"enemies":"Jaw Worm","floor":2,"turns":5},{"damage":13,"enemies":"Cultist","floor":5,"turns":5},{"damage":8,"enemies":"Gremlin Nob","floor":7,"turns":3},{"damage":24,"enemies":"Lagavulin","floor":10,"turns":5},{"damage":2,"enemies":"Red Slaver","floor":12,"turns":1},{"damage":0,"enemies":"3 Louse","floor":13,"turns":3},{"damage":5,"enemies":"3 Sentries","floor":14,"turns":6},{"damage":9,"enemies":"Slime Boss","floor":16,"turns":8},{"damage":12,"enemies":"2 Thieves","floor":18,"turns":4},{"damage":22,"enemies":"Shell Parasite","floor":19,"turns":3},{"damage":5,"enemies":"Centurion and Healer","floor":21,"turns":4},{"damage":0,"enemies":"Snake Plant","floor":25,"turns":1},{"damage":15,"enemies":"Snecko","floor":28,"turns":3},{"damage":21,"enemies":"Gremlin Leader","floor":30,"turns":6},{"damage":23,"enemies":"Shelled Parasite and Fungi","floor":31,"turns":3},{"damage":97,"enemies":"Champ","floor":33,"turns":7},{"damage":34,"enemies":"3 Darklings","floor":35,"turns":4},{"damage":2,"enemies":"3 Shapes","floor":37,"turns":3},{"damage":25,"enemies":"Spire Growth","floor":38,"turns":3},{"damage":43,"enemies":"Nemesis","floor":41,"turns":5},{"damage":18,"enemies":"Maw","floor":42,"turns":6},{"damage":45,"enemies":"Giant Head","floor":46,"turns":6},{"damage":15,"enemies":"Nemesis","floor":48,"turns":3}],"seed_played":"-5717274327015476392","potions_obtained":[{"floor":7,"key":"CultistPotion"},{"floor":10,"key":"DuplicationPotion"},{"floor":12,"key":"SpeedPotion"},{"floor":14,"key":"Ancient Potion"},{"floor":21,"key":"SmokeBomb"},{"floor":28,"key":"Weak Potion"},{"floor":30,"key":"SkillPotion"},{"floor":35,"key":"Explosive Potion"},{"floor":37,"key":"EssenceOfSteel"}],"is_trial":false,"path_per_floor":["M","M","?","?","M","R","E","R","T","E","$","M","M","E","R","B",null,"M","M","?","M","?","R","?","M","T","$","M","?","E","M","R","B",null,"M","$","M","M","?","R","E","M","T","R","$","E","R","E"],"character_chosen":"IRONCLAD","items_purchased":["Bag of Marbles","SteroidPotion","SkillPotion","True Grit","Blood for Blood+1","Fire Potion","Medical Kit","Regen Potion"],"campfire_rested":0,"item_purchase_floors":[11,11,11,11,27,36,45,45],"current_hp_per_floor":[65,67,67,67,63,63,65,65,65,47,47,55,65,70,70,95,97,95,83,83,88,88,88,88,94,104,104,95,95,80,73,73,7,92,68,68,81,67,67,67,39,31,31,31,31,12,12,0,0],"gold":59,"neow_bonus":"HUNDRED_GOLD","is_daily":false,"chose_seed":false,"campfire_upgraded":8,"win_rate":0.0,"timestamp":1612009950,"path_taken":["M","M","?","?","M","R","E","R","T","E","$","?","M","E","R","BOSS","M","M","?","M","?","R","?","?","T","?","M","?","E","M","R","BOSS","M","$","?","M","?","R","E","M","T","R","?","E","R","E"],"items_purchased_type":["Relic","Potion","Potion","Card","Card","Potion","Relic","Potion"],"build_version":"2020-12-22","purchased_purges":2,"victory":false,"max_hp_per_floor":[75,75,75,75,78,78,82,82,82,82,82,86,90,94,94,98,98,102,106,106,110,110,110,110,110,120,120,120,120,120,120,120,120,120,124,124,128,128,128,128,132,136,136,136,136,136,136,136,136],"relic_stats":{"SsserpentHead":150,"counters":[24,99],"Ornamental Fan":[148],"Pantograph":49,"Orichalcum":[18],"Medical Kit":[0],"obtain_stats":[{"Potion Belt":7,"Pear":26,"Velvet Choker":17,"The Courier":43,"Orichalcum":41,"Medical Kit":45,"Burning Blood":0,"SsserpentHead":29,"Ornamental Fan":9,"Pantograph":14,"Molten Egg 2":20,"Bag of Marbles":11,"Coffee Dripper":34,"StrikeDummy":46,"Red Skull":10,"Toy Ornithopter":30},{"Potion Belt":4,"Pear":13,"Velvet Choker":9,"The Courier":22,"Orichalcum":21,"Medical Kit":22,"Burning Blood":0,"SsserpentHead":14,"Ornamental Fan":4,"Pantograph":8,"Molten Egg 2":11,"Bag of Marbles":5,"Coffee Dripper":17,"StrikeDummy":23,"Red Skull":5,"Toy Ornithopter":15},{"Potion Belt":15,"Pear":50,"Velvet Choker":38,"The Courier":90,"Orichalcum":84,"Medical Kit":90,"Burning Blood":0,"SsserpentHead":53,"Ornamental Fan":15,"Pantograph":30,"Molten Egg 2":45,"Bag of Marbles":20,"Coffee Dripper":69,"StrikeDummy":96,"Red Skull":20,"Toy Ornithopter":59}],"Burning Blood":138,"Toy Ornithopter":30},"card_choices":[{"not_picked":["Sword Boomerang","Anger"],"picked":"Headbutt","floor":1},{"not_picked":["Havoc","Body Slam"],"picked":"Iron Wave","floor":2},{"not_picked":["Iron Wave","Shrug It Off"],"picked":"Anger","floor":5},{"not_picked":["True Grit","Body Slam"],"picked":"Hemokinesis","floor":7},{"not_picked":["True Grit","Armaments"],"picked":"Twin Strike","floor":10},{"not_picked":["Iron Wave","Armaments"],"picked":"Battle Trance","floor":12},{"not_picked":["Burning Pact","Sever Soul"],"picked":"Double Tap","floor":13},{"not_picked":["Perfected Strike","Shrug It Off"],"picked":"Cleave","floor":14},{"not_picked":["Limit Break","Berserk"],"picked":"Immolate","floor":16},{"not_picked":["Reckless Charge","Clothesline","Seeing Red"],"picked":"SKIP","floor":18},{"not_picked":["Heavy Blade","Iron Wave"],"picked":"Pommel Strike","floor":19},{"not_picked":["Infernal Blade","Spot Weakness"],"picked":"Carnage+1","floor":21},{"not_picked":["Anger+1","Sword Boomerang+1"],"picked":"Uppercut+1","floor":28},{"not_picked":["Twin Strike+1","Dark Embrace"],"picked":"Inflame","floor":30},{"not_picked":["Whirlwind+1","Combust"],"picked":"Shockwave","floor":31},{"not_picked":["Fiend Fire+1","Corruption"],"picked":"Limit Break","floor":33},{"not_picked":["Havoc+1","Pommel Strike+1"],"picked":"Hemokinesis+1","floor":35},{"not_picked":["Burning Pact+1","Searing Blow+1"],"picked":"Heavy Blade+1","floor":37},{"not_picked":["Shrug It Off","Warcry"],"picked":"Feel No Pain","floor":38},{"not_picked":["Combust","Body Slam+1"],"picked":"Flame Barrier","floor":41},{"not_picked":["Second Wind+1","Uppercut+1","Shrug It Off"],"picked":"SKIP","floor":42},{"not_picked":["Second Wind+1","Uppercut+1","Shrug It Off"],"picked":"SKIP","floor":42},{"not_picked":["Evolve","Dark Embrace"],"picked":"Feel No Pain","floor":46}],"player_experience":565953,"relics_obtained":[{"floor":7,"key":"Potion Belt"},{"floor":9,"key":"Ornamental Fan"},{"floor":10,"key":"Red Skull"},{"floor":14,"key":"Pantograph"},{"floor":26,"key":"Pear"},{"floor":30,"key":"Toy Ornithopter"},{"floor":41,"key":"Orichalcum"},{"floor":43,"key":"The Courier"},{"floor":46,"key":"StrikeDummy"}],"event_choices":[{"damage_healed":0,"gold_gain":0,"player_choice":"Ignored","damage_taken":0,"max_hp_gain":0,"max_hp_loss":0,"event_name":"Golden Wing","floor":3,"gold_loss":0},{"damage_healed":0,"gold_gain":0,"player_choice":"1 cards matched","damage_taken":0,"max_hp_gain":0,"max_hp_loss":0,"event_name":"Match and Keep!","floor":4,"gold_loss":0,"cards_obtained":["Feed"]},{"damage_healed":0,"gold_gain":0,"player_choice":"Obtained Relic","damage_taken":0,"relics_obtained":["Molten Egg 2"],"max_hp_gain":0,"max_hp_loss":0,"event_name":"Addict","floor":20,"gold_loss":85},{"damage_healed":0,"gold_gain":0,"player_choice":"Read","damage_taken":0,"max_hp_gain":0,"max_hp_loss":0,"event_name":"The Library","floor":22,"gold_loss":0,"cards_obtained":["Bludgeon"]},{"cards_removed":["Strike_R"],"damage_healed":0,"gold_gain":0,"player_choice":"Offered Basic","damage_taken":0,"max_hp_gain":0,"max_hp_loss":0,"event_name":"Bonfire Elementals","floor":24,"gold_loss":0},{"damage_healed":0,"gold_gain":0,"player_choice":"Trade","damage_taken":0,"relics_obtained":["SsserpentHead"],"max_hp_gain":0,"max_hp_loss":0,"event_name":"FaceTrader","floor":29,"gold_loss":0},{"damage_healed":0,"gold_gain":0,"player_choice":"Copied","damage_taken":0,"max_hp_gain":0,"max_hp_loss":0,"event_name":"Duplicator","floor":39,"gold_loss":0,"cards_obtained":["Inflame"]}],"is_beta":false,"boss_relics":[{"not_picked":["Pandora\u0027s Box","Black Blood"],"picked":"Velvet Choker"},{"not_picked":["SlaversCollar","Astrolabe"],"picked":"Coffee Dripper"}],"items_purged_floors":[11,36],"is_endless":false,"potions_floor_spawned":[7,10,12,14,21,25,28,30,35,37],"killed_by":"Nemesis","ascension_level":17}}