{"host":"Tuck","time":1612044238,"event":{"mods":["BaseMod","Minty Spire (QoL Compilation)","StSLib"],"gold_per_floor":[111,111,127,151,168,197,197,230,230,230,263,280,280,39,39,137,137,148,166,185,185,201,201,226,246,271,541,572,572,589,614,614,719,719,736,756,349,349,349,349,378,53,76,104,118,168,196,196,196,196,196,196,120,151,151],"floor_reached":56,"language":"ENG","playtime":8154,"items_purged":["Strike_B","Defend_B"],"score":1572,"play_id":"68ed7b8c-2726-4b71-8871-da8de7bc17b3","local_time":"20210130150358","is_ascension_mode":true,"campfire_choices":[{"data":"Coolheaded","floor":7.0,"key":"SMITH"},{"data":"Hologram","floor":13,"key":"SMITH"},{"data":"Genetic Algorithm","floor":15,"key":"SMITH"},{"data":"Chaos","floor":23,"key":"SMITH"},{"data":"Forethought","floor":29,"key":"SMITH"},{"floor":32,"key":"REST"},{"data":"Consume","floor":40,"key":"SMITH"},{"data":"Loop","floor":49,"key":"SMITH"},{"data":"Master of Strategy","floor":52,"key":"SMITH"}],"circlet_count":0,"master_deck":["Defend_B","Defend_B","Defend_B","Zap","Dualcast","Multi-Cast","Compile Driver","Coolheaded+1","Sweeping Beam","Machine Learning","Genetic Algorithm+1","Barrage","Turbo","Hologram+1","Machine Learning","Conserve Battery","Leap","Echo Form","Force Field+1","Doom and Gloom","Skim+1","Force Field+1","Forethought+1","Blind","Deep Breath","Meteor Strike","White Noise","Amplify","Consume+1","Echo Form","Genetic Algorithm+1","Recycle+1","Recycle+1","Fusion+1","Master of Strategy+1","Loop+1","Glacier+1","Double Energy+1","Loop","Creative AI+1","Go for the Eyes"],"relics":["FrozenCore","WarpedTongs","Omamori","Happy Flower","Bag of Preparation","Anchor","Vajra","Inserter","Dream Catcher","Oddly Smooth Stone","Symbiotic Virus","Boot","Sozu","Potion Belt","StoneCalendar","Medical Kit","Art of War","OrangePellets","TungstenRod","Unceasing Top","Nunchaku","Gambling Chip"],"acts_visited":["Exordium","TheCity","TheBeyond","TheEnding"],"potions_floor_usage":[55],"damage_taken":[{"damage":5.0,"enemies":"Small Slimes","floor":1.0,"turns":3.0},{"damage":2.0,"enemies":"Cultist","floor":3.0,"turns":4.0},{"damage":0.0,"enemies":"Jaw Worm","floor":5.0,"turns":3.0},{"damage":13.0,"enemies":"Lagavulin","floor":6.0,"turns":7.0},{"damage":2.0,"enemies":"Gremlin Nob","floor":8.0,"turns":3.0},{"damage":1,"enemies":"3 Sentries","floor":11,"turns":5},{"damage":0,"enemies":"Exordium Thugs","floor":12,"turns":4},{"damage":12,"enemies":"Hexaghost","floor":16,"turns":10},{"damage":0,"enemies":"Spheric Guardian","floor":18,"turns":7},{"damage":0,"enemies":"Chosen","floor":19,"turns":6},{"damage":1,"enemies":"Shelled Parasite and Fungi","floor":20,"turns":8},{"damage":0,"enemies":"Snake Plant","floor":22,"turns":6},{"damage":0,"enemies":"Gremlin Leader","floor":24,"turns":6},{"damage":0,"enemies":"Snecko","floor":25,"turns":5},{"damage":4,"enemies":"Book of Stabbing","floor":28,"turns":5},{"damage":0,"enemies":"Cultist and Chosen","floor":30,"turns":6},{"damage":8,"enemies":"Slavers","floor":31,"turns":6},{"damage":8,"enemies":"Automaton","floor":33,"turns":10},{"damage":10,"enemies":"3 Shapes","floor":35,"turns":4},{"damage":0,"enemies":"3 Darklings","floor":36,"turns":8},{"damage":0,"enemies":"Nemesis","floor":41,"turns":7},{"damage":0,"enemies":"Giant Head","floor":44,"turns":9},{"damage":0,"enemies":"Transient","floor":45,"turns":5},{"damage":0,"enemies":"Mind Bloom Boss Battle","floor":46,"turns":8},{"damage":0,"enemies":"Reptomancer","floor":47,"turns":9},{"damage":0,"enemies":"Awakened One","floor":50,"turns":10},{"damage":0,"enemies":"Shield and Spear","floor":54,"turns":10},{"damage":9,"enemies":"The Heart","floor":55,"turns":11}],"seed_played":"7167978802786850504","potions_obtained":[{"floor":3.0,"key":"PowerPotion"},{"floor":6.0,"key":"Fire Potion"},{"floor":8.0,"key":"EssenceOfSteel"},{"floor":21,"key":"DistilledChaos"}],"is_trial":false,"path_per_floor":["M","?","M","T","M","E","R","E","T","?","E","M","R","$","R","B",null,"M","M","M","?","M","R","E","M","T","?","E","R","M","E","R","B",null,"M","M","$","?","?","R","E","$","T","E","M","?","E","?","R","B",null,"R","$","E","B",null],"character_chosen":"DEFECT","items_purchased":["Machine Learning","Conserve Battery","Leap","Echo Form","Potion Belt","Medical Kit","Master of Strategy","Loop"],"campfire_rested":1,"item_purchase_floors":[14,14,14,37,37,42,42,53],"current_hp_per_floor":[63,63,61,61,61,48,48,46,46,46,45,45,45,45,45,33,68,68,68,67,67,67,67,67,67,67,19,15,15,15,7,27,19,68,58,58,58,58,58,58,58,58,58,58,58,58,58,58,58,58,65,65,65,65,56],"gold":151,"neow_bonus":"TRANSFORM_TWO_CARDS","is_daily":false,"chose_seed":false,"campfire_upgraded":8,"win_rate":0.0,"timestamp":1612044238,"path_taken":["M","?","?","?","M","E","R","E","T","?","E","?","R","$","R","BOSS","M","M","M","?","?","R","E","M","T","?","E","R","M","E","R","BOSS","M","?","$","?","?","R","E","$","T","E","?","?","E","?","R","BOSS","R","$","E","BOSS"],"items_purchased_type":["Card","Card","Card","Card","Relic","Relic","Card","Card"],"build_version":"2020-12-18","purchased_purges":2,"victory":true,"max_hp_per_floor":[68,68,68,68,68,68,68,68,68,68,68,68,68,68,68,68,68,68,68,68,68,68,68,68,68,68,68,68,68,68,68,68,68,68,68,68,68,65,65,65,65,65,65,65,65,65,65,65,65,65,65,65,65,65,65],"card_choices":[{"not_picked":["Conserve Battery","Steam"],"picked":"Coolheaded","floor":1.0},{"not_picked":["Rebound","Barrage"],"picked":"Sweeping Beam","floor":3.0},{"not_picked":["Streamline","Sweeping Beam"],"picked":"Chaos","floor":5.0},{"not_picked":["Sunder","Compile Driver"],"picked":"Machine Learning","floor":6.0},{"not_picked":["Streamline","BootSequence"],"picked":"Genetic Algorithm","floor":8.0},{"not_picked":["Gash","Lockon"],"picked":"Turbo","floor":11},{"not_picked":["Steam Power","Go for the Eyes"],"picked":"Hologram","floor":12},{"not_picked":["Machine Learning","Meteor Strike"],"picked":"Echo Form","floor":16},{"not_picked":["Sunder","Lockon"],"picked":"Force Field+1","floor":18},{"not_picked":["Compile Driver","Barrage"],"picked":"Doom and Gloom","floor":19},{"not_picked":["Tempest+1","Barrage","Storm+1"],"picked":"SKIP","floor":20},{"not_picked":["Aggregate","Streamline"],"picked":"Skim+1","floor":22},{"not_picked":["Beam Cell","Ball Lightning+1"],"picked":"Force Field+1","floor":24},{"not_picked":["Gash","Compile Driver","Aggregate"],"picked":"SKIP","floor":25},{"not_picked":["Reboot","Gash"],"picked":"Meteor Strike","floor":28},{"not_picked":["Go for the Eyes","Compile Driver"],"picked":"White Noise","floor":30},{"not_picked":["Reinforced Body","Barrage"],"picked":"Amplify","floor":31},{"not_picked":["Stack","Cold Snap+1"],"picked":"Consume","floor":32},{"not_picked":["Scrape","Beam Cell+1","Steam+1"],"picked":"SKIP","floor":35},{"not_picked":["Hologram","Compile Driver+1","Redo+1"],"picked":"SKIP","floor":36},{"not_picked":["Hologram+1","Rebound+1"],"picked":"Fusion+1","floor":41},{"not_picked":["Ball Lightning+1","Darkness+1"],"picked":"Loop","floor":44},{"not_picked":["Lockon+1","Cold Snap"],"picked":"Glacier+1","floor":45},{"not_picked":["Consume+1","Barrage+1"],"picked":"Double Energy+1","floor":47},{"not_picked":["Genetic Algorithm","Echo Form"],"picked":"Go for the Eyes","floor":54}],"player_experience":2304979,"relics_obtained":[{"floor":4.0,"key":"Omamori"},{"floor":6.0,"key":"Happy Flower"},{"floor":8.0,"key":"Bag of Preparation"},{"floor":9.0,"key":"Anchor"},{"floor":11,"key":"Vajra"},{"floor":24,"key":"Dream Catcher"},{"floor":26,"key":"Oddly Smooth Stone"},{"floor":28,"key":"Symbiotic Virus"},{"floor":31,"key":"Boot"},{"floor":41,"key":"StoneCalendar"},{"floor":43,"key":"Art of War"},{"floor":44,"key":"TungstenRod"},{"floor":46,"key":"Unceasing Top"},{"floor":47,"key":"Nunchaku"},{"floor":54,"key":"Gambling Chip"}],"event_choices":[{"damage_healed":0.0,"max_hp_gain":0.0,"max_hp_loss":0.0,"gold_gain":0.0,"event_name":"Accursed Blacksmith","player_choice":"Rummage","floor":2.0,"gold_loss":0.0,"damage_taken":0.0,"relics_obtained":["WarpedTongs"],"cards_obtained":["Pain"]},{"damage_healed":0.0,"max_hp_gain":0.0,"max_hp_loss":0.0,"gold_gain":0.0,"cards_transformed":["Strike_B"],"event_name":"Living Wall","player_choice":"Change","floor":10.0,"gold_loss":0.0,"damage_taken":0.0,"cards_obtained":["Barrage"]},{"damage_healed":0,"gold_gain":0,"player_choice":"Got Potions","damage_taken":0,"max_hp_gain":0,"max_hp_loss":0,"event_name":"Lab","floor":21,"gold_loss":0},{"damage_healed":0,"gold_gain":270,"player_choice":"GOLD GOLD CARD CARD CARD GOLD ","damage_taken":48,"max_hp_gain":0,"max_hp_loss":0,"event_name":"Knowing Skull","floor":27,"potions_obtained":[],"gold_loss":0,"cards_obtained":["Forethought","Blind","Deep Breath"]},{"damage_healed":0,"gold_gain":0,"player_choice":"Max HP","damage_taken":0,"max_hp_gain":0,"max_hp_loss":3,"event_name":"Winding Halls","floor":38,"gold_loss":0},{"damage_healed":0,"gold_gain":0,"player_choice":"Copied","damage_taken":0,"max_hp_gain":0,"max_hp_loss":0,"event_name":"Duplicator","floor":39,"gold_loss":0,"cards_obtained":["Genetic Algorithm"]},{"damage_healed":0,"gold_gain":0,"player_choice":"Fight","damage_taken":0,"max_hp_gain":0,"max_hp_loss":0,"event_name":"MindBloom","floor":46,"gold_loss":0},{"damage_healed":0,"gold_gain":0,"player_choice":"Ignored","damage_taken":0,"max_hp_gain":0,"max_hp_loss":0,"event_name":"Tomb of Lord Red Mask","floor":48,"gold_loss":0}],"is_beta":true,"boss_relics":[{"not_picked":["Calling Bell","Inserter"],"picked":"FrozenCore"},{"not_picked":["Cursed Key","Philosopher\u0027s Stone"],"picked":"SacredBark"}],"items_purged_floors":[14,37],"is_endless":false,"potions_floor_spawned":[3,6,8,16,18,24,28,31,44,45,46],"ascension_level":1}}