{"host":"TheHustler","time":1612004799,"event":{"mods":["BaseMod","Block Reminder","Colored Map","Colored Powertips","Minty Spire (QoL Compilation)","Quick Restart","StSLib","SuperFastMode","Unceasing Turn Reminder"],"gold_per_floor":[114,129,144,159,159,159,189,189,239,239,269,284,284,314,314,414,414,429,429,379,394,419,419,419,434,484,77,107,122,16,16,16,116,116,131,131,131,146,161,191,206,206,206,206,236,236,38,53,53,53],"floor_reached":51,"language":"ENG","playtime":1484,"items_purged":["Strike_R"],"score":918,"play_id":"070dbbae-8704-4c17-ae0a-1c0a3af225fe","local_time":"20210130120639","daily_mods":["Specialized","Colorless Cards","Terminal"],"is_ascension_mode":false,"campfire_choices":[{"data":"Body Slam","floor":6,"key":"SMITH"},{"data":"Flex","floor":10,"key":"SMITH"},{"data":"True Grit","floor":15,"key":"SMITH"},{"data":"Bash","floor":23,"key":"SMITH"},{"data":"Flex","floor":32,"key":"SMITH"},{"data":"Apotheosis","floor":42,"key":"SMITH"},{"data":"Bludgeon","floor":46,"key":"SMITH"},{"data":"Dark Shackles","floor":49,"key":"SMITH"}],"circlet_count":0,"master_deck":["Strike_R","Strike_R","Defend_R","Defend_R","Defend_R","Defend_R+1","Bash+1","Flame Barrier","Flame Barrier","Flame Barrier","Flame Barrier+1","Flame Barrier","Flex+1","Body Slam+1","Panacea+1","Panacea","Flash of Steel","True Grit+1","Corruption","Sentinel+1","Flame Barrier+1","Shrug It Off","Shrug It Off","Flash of Steel","Madness","Flex+1","Apotheosis+1","Dark Shackles","Parasite","Madness","Madness","Bludgeon+1","Dark Shackles+1","Pommel Strike+1"],"relics":["Burning Blood","Potion Belt","Smiling Mask","Juzu Bracelet","HornCleat","PreservedInsect","Runic Dome","Bag of Preparation","Strawberry","DollysMirror","Charon\u0027s Ashes","Busted Crown","Pear","War Paint","Vajra"],"acts_visited":["Exordium","TheCity","TheBeyond"],"potions_floor_usage":[14,14,47,50,50,50,50,50,50,50,50],"damage_taken":[{"damage":0,"enemies":"Cultist","floor":1,"turns":5},{"damage":0,"enemies":"Jaw Worm","floor":2,"turns":7},{"damage":0,"enemies":"Small Slimes","floor":3,"turns":3},{"damage":0,"enemies":"Exordium Wildlife","floor":4,"turns":7},{"damage":1,"enemies":"3 Sentries","floor":7,"turns":10},{"damage":4,"enemies":"Lagavulin","floor":11,"turns":10},{"damage":2,"enemies":"Blue Slaver","floor":12,"turns":3},{"damage":0,"enemies":"Gremlin Nob","floor":14,"turns":3},{"damage":0,"enemies":"Hexaghost","floor":16,"turns":10},{"damage":0,"enemies":"3 Byrds","floor":18,"turns":2},{"damage":0,"enemies":"Shell Parasite","floor":21,"turns":4},{"damage":13,"enemies":"Cultist and Chosen","floor":25,"turns":7},{"damage":0,"enemies":"Book of Stabbing","floor":28,"turns":5},{"damage":13,"enemies":"Sentry and Sphere","floor":29,"turns":6},{"damage":53,"enemies":"Champ","floor":33,"turns":13},{"damage":0,"enemies":"3 Shapes","floor":35,"turns":4},{"damage":0,"enemies":"3 Darklings","floor":38,"turns":3},{"damage":11,"enemies":"Maw","floor":39,"turns":7},{"damage":12,"enemies":"Reptomancer","floor":40,"turns":7},{"damage":0,"enemies":"Writhing Mass","floor":41,"turns":6},{"damage":31,"enemies":"Nemesis","floor":45,"turns":9},{"damage":0,"enemies":"4 Shapes","floor":48,"turns":4},{"damage":6,"enemies":"Awakened One","floor":50,"turns":12}],"seed_played":"-828330817948855686","potions_obtained":[{"floor":2,"key":"AttackPotion"},{"floor":7,"key":"CultistPotion"},{"floor":11,"key":"EntropicBrew"},{"floor":12,"key":"SteroidPotion"},{"floor":21,"key":"BloodPotion"},{"floor":28,"key":"Dexterity Potion"},{"floor":35,"key":"Weak Potion"},{"floor":40,"key":"Swift Potion"},{"floor":41,"key":"Strength Potion"}],"is_trial":false,"path_per_floor":["M","M","M","M","?","R","E","?","T","R","E","M","?","E","R","B",null,"M","?","?","M","T","R","?","M","T","$","E","M","$","?","R","B",null,"M","$","?","M","M","E","M","R","T","?","E","R","$","M","R","B",null],"character_chosen":"IRONCLAD","items_purchased":["Corruption","Sentinel","DollysMirror","Shrug It Off","Flash of Steel","Fruit Juice","Dark Shackles"],"campfire_rested":0,"item_purchase_floors":[27,27,27,30,30,47,47],"current_hp_per_floor":[78,77,76,75,79,78,77,76,75,74,73,72,58,64,64,68,67,66,75,74,73,72,71,70,63,70,70,73,66,66,66,66,19,67,66,65,64,63,58,62,68,68,68,59,34,34,39,45,45,58],"gold":53,"neow_bonus":"","is_daily":true,"chose_seed":false,"campfire_upgraded":8,"win_rate":0.0,"timestamp":1612004799,"path_taken":["M","M","M","M","?","R","E","?","T","R","E","M","?","E","R","BOSS","M","?","?","M","?","R","?","M","T","$","E","M","?","?","R","BOSS","M","$","?","M","M","E","M","R","T","?","E","R","$","M","R","BOSS"],"items_purchased_type":["Card","Card","Relic","Card","Card","Potion","Card"],"build_version":"2020-12-18","purchased_purges":1,"victory":true,"max_hp_per_floor":[78,77,76,75,79,78,77,76,75,74,73,72,71,70,69,68,67,66,75,74,73,72,71,70,69,75,74,73,72,71,70,69,68,67,66,65,64,63,62,71,70,69,68,67,66,65,69,68,67,66],"card_choices":[{"not_picked":["Pommel Strike","Uppercut"],"picked":"Flex","floor":1},{"not_picked":["Clothesline","Pummel","Searing Blow"],"picked":"SKIP","floor":2},{"not_picked":["Hemokinesis","Headbutt"],"picked":"Body Slam","floor":3},{"not_picked":["Thunderclap","Twin Strike"],"picked":"Panacea","floor":4},{"not_picked":["Headbutt","Flex","Mind Blast"],"picked":"SKIP","floor":7},{"not_picked":["Cleave","Armaments"],"picked":"Panacea","floor":11},{"not_picked":["Wild Strike","Ghostly Armor"],"picked":"Flash of Steel","floor":12},{"not_picked":["Warcry","Hemokinesis"],"picked":"True Grit","floor":14},{"not_picked":["The Bomb","Master of Strategy"],"picked":"Berserk","floor":16},{"not_picked":["Inflame","Warcry","Clothesline"],"picked":"SKIP","floor":18},{"not_picked":["Clash","Searing Blow+1","Clothesline"],"picked":"SKIP","floor":21},{"not_picked":["Heavy Blade","Armaments","Whirlwind"],"picked":"SKIP","floor":25},{"not_picked":["Trip","Burning Pact","Power Through+1"],"picked":"SKIP","floor":28},{"not_picked":["Perfected Strike","Warcry"],"picked":"Shrug It Off","floor":29},{"not_picked":["Exhume","Brutality"],"picked":"Apotheosis","floor":33},{"not_picked":["Impatience+1"],"picked":"SKIP","floor":35},{"not_picked":["Thunderclap"],"picked":"SKIP","floor":38},{"not_picked":[],"picked":"Dark Shackles","floor":39},{"not_picked":["Discovery"],"picked":"SKIP","floor":40},{"not_picked":["Discovery"],"picked":"SKIP","floor":41},{"not_picked":[],"picked":"Bludgeon","floor":45},{"not_picked":[],"picked":"Pommel Strike+1","floor":48}],"player_experience":653120,"relics_obtained":[{"floor":7,"key":"Potion Belt"},{"floor":9,"key":"Juzu Bracelet"},{"floor":11,"key":"HornCleat"},{"floor":14,"key":"PreservedInsect"},{"floor":22,"key":"Bag of Preparation"},{"floor":26,"key":"Strawberry"},{"floor":28,"key":"Charon\u0027s Ashes"},{"floor":40,"key":"Pear"},{"floor":43,"key":"War Paint"},{"floor":45,"key":"Vajra"}],"event_choices":[{"damage_healed":0,"gold_gain":0,"player_choice":"Donut","damage_taken":0,"max_hp_gain":5,"max_hp_loss":0,"event_name":"Big Fish","floor":5,"gold_loss":0},{"damage_healed":0,"gold_gain":0,"player_choice":"Gave Potion","damage_taken":0,"relics_obtained":["Smiling Mask"],"max_hp_gain":0,"max_hp_loss":0,"event_name":"WeMeetAgain","floor":8,"gold_loss":0},{"damage_healed":0,"gold_gain":0,"player_choice":"Entered Light","damage_taken":14,"max_hp_gain":0,"max_hp_loss":0,"event_name":"Shining Light","floor":13,"gold_loss":0,"cards_upgraded":["Flame Barrier","Panacea"]},{"cards_removed":["Berserk"],"damage_healed":0,"gold_gain":0,"player_choice":"Offered Rare","damage_taken":0,"max_hp_gain":10,"max_hp_loss":0,"event_name":"Bonfire Elementals","floor":19,"gold_loss":0},{"damage_healed":0,"gold_gain":0,"player_choice":"Bet on Murderer","damage_taken":0,"max_hp_gain":0,"max_hp_loss":0,"event_name":"The Joust","floor":20,"gold_loss":50},{"damage_healed":0,"gold_gain":0,"player_choice":"Ignored","damage_taken":0,"max_hp_gain":0,"max_hp_loss":0,"event_name":"Vampires","floor":24,"gold_loss":0},{"damage_healed":0,"gold_gain":0,"cards_transformed":["Strike_R","Strike_R"],"player_choice":"Became Test Subject","damage_taken":0,"max_hp_gain":0,"max_hp_loss":0,"event_name":"Drug Dealer","floor":31,"gold_loss":0,"cards_obtained":["Madness","Flex"]},{"damage_healed":0,"gold_gain":0,"player_choice":"Ignored","damage_taken":0,"max_hp_gain":0,"max_hp_loss":0,"event_name":"Mysterious Sphere","floor":37,"gold_loss":0},{"damage_healed":0,"gold_gain":0,"player_choice":"Embrace Madness","damage_taken":9,"max_hp_gain":0,"max_hp_loss":0,"event_name":"Winding Halls","floor":44,"gold_loss":0,"cards_obtained":["Madness","Madness"]}],"is_beta":true,"boss_relics":[{"not_picked":["Calling Bell","Coffee Dripper"],"picked":"Runic Dome"},{"not_picked":["Tiny House","SacredBark"],"picked":"Busted Crown"}],"items_purged_floors":[27],"is_endless":false,"potions_floor_spawned":[2,7,11,12,21,28,35,40,41],"ascension_level":0}}