{"host":"qbjtml023iza03hb","time":1612008869,"event":{"mods":["AchievementEnabler","BaseMod","Better Sensory Stone","Hermit","Minty Spire (QoL Compilation)","StSLib","The Animator","The Cursed"],"gold_per_floor":[113,124,164,7,38,73,73,86,112,112,136,147,147,147,147,273,273,291,291,310,310,336,336,336,24,24,24,24,24],"floor_reached":28,"language":"FRA","playtime":2747,"items_purged":["animator:Strike"],"score":251,"play_id":"5f222f6b-609f-4a5f-b46d-5a87346bc074","local_time":"20210130131429","is_ascension_mode":true,"campfire_choices":[{"data":"animator:Defend","floor":7.0,"key":"PURGE"},{"data":"animator:EmiyaShirou","floor":13.0,"key":"SMITH"},{"data":"animator:MumenRider","floor":15.0,"key":"SMITH"},{"data":"animator:Laby","floor":23,"key":"SMITH"},{"data":"animator:Albedo","floor":27,"key":"SMITH"}],"circlet_count":0,"master_deck":["animator:Defend_OnePunchMan","animator:Strike","animator:Defend","animator:Defend","animator:Genos","animator:MumenRider+1","animator:IchigoKurosaki","animator:EmiyaShirou+1","animator:Vesta","animator:Biyorigo","animator:SilverFang","animator:Sonic","animator:GazelDwargon","animator:Laby+1","animator:GazelDwargon","animator:Elesis","animator:SilverFang","animator:Kira","animator:Lelouch","animator:Viivi+1","animator:Albedo+1","animator:Laby+1"],"relics":["animator:VividPicture","animator:TheMissingPiece","Peace Pipe","Bronze Scales","Golden Idol","MutagenicStrength","DollysMirror","Mango"],"acts_visited":["Exordium","TheCity"],"potions_floor_usage":[28,28],"damage_taken":[{"damage":0.0,"enemies":"Small Slimes","floor":1.0,"turns":3.0},{"damage":6.0,"enemies":"Jaw Worm","floor":2.0,"turns":4.0},{"damage":0.0,"enemies":"2 Louse","floor":5.0,"turns":3.0},{"damage":11.0,"enemies":"Gremlin Nob","floor":6.0,"turns":4.0},{"damage":8.0,"enemies":"Large Slime","floor":8.0,"turns":11.0},{"damage":5.0,"enemies":"Exordium Thugs","floor":11.0,"turns":4.0},{"damage":2.0,"enemies":"Red Slaver","floor":12.0,"turns":5.0},{"damage":6.0,"enemies":"Hexaghost","floor":16.0,"turns":12.0},{"damage":23.0,"enemies":"Chosen","floor":18.0,"turns":6.0},{"damage":2,"enemies":"Shell Parasite","floor":20,"turns":10},{"damage":19,"enemies":"Sentry and Sphere","floor":22,"turns":8},{"damage":29,"enemies":"Colosseum Slavers","floor":28,"turns":7},{"damage":6,"enemies":"Colosseum Nobs","floor":28,"turns":2}],"seed_played":"-8832053061109989394","potions_obtained":[{"floor":1.0,"key":"DistilledChaos"},{"floor":2.0,"key":"Fire Potion"},{"floor":6.0,"key":"EssenceOfSteel"},{"floor":8.0,"key":"Strength Potion"},{"floor":18,"key":"Dexterity Potion"},{"floor":22,"key":"EssenceOfSteel"}],"is_trial":false,"path_per_floor":["M","M","?","$","M","E","R","M","T","?","M","M","R","?","R","B",null,"M","?","M","?","M","R","?","$","T","R","?"],"character_chosen":"THE_ANIMATOR","items_purchased":["animator:Biyorigo","animator:Albedo","DollysMirror"],"campfire_rested":0,"item_purchase_floors":[4,25,25],"current_hp_per_floor":[66,60,60,60,60,50,50,42,42,35,30,28,28,28,28,23,63,40,40,38,38,19,19,19,19,33,33,0,0],"gold":24,"neow_bonus":"RANDOM_COLORLESS","is_daily":false,"chose_seed":false,"campfire_upgraded":4,"win_rate":0.0,"timestamp":1612008869,"path_taken":["M","M","?","$","M","E","R","M","T","?","M","M","R","?","R","BOSS","M","?","M","?","M","R","?","$","T","R","?"],"items_purchased_type":["Card","Card","Relic"],"build_version":"2020-12-22","purchased_purges":1,"victory":false,"max_hp_per_floor":[66,66,66,66,66,67,67,67,67,67,67,67,67,62,62,63,63,63,63,63,63,63,63,63,63,77,77,77,77],"card_choices":[{"not_picked":["animator:Shimakaze","animator:MisakiNakahara"],"picked":"animator:IchigoKurosaki","floor":0.0},{"not_picked":["animator:Souei","animator:Hitei"],"picked":"animator:EmiyaShirou","floor":1.0},{"not_picked":["animator:Layla","animator:Rider"],"picked":"animator:Vesta","floor":2.0},{"not_picked":["animator:Azekura","animator:Tatsumaki"],"picked":"animator:SilverFang","floor":5.0},{"not_picked":["animator:Tatsumaki","animator:SilverFang"],"picked":"animator:Sonic","floor":6.0},{"not_picked":["animator:Genos","animator:Assassin"],"picked":"animator:GazelDwargon","floor":8.0},{"not_picked":["animator:Ara","animator:Fredrika"],"picked":"animator:Laby","floor":11.0},{"not_picked":["animator:Konayuki","animator:Shuna"],"picked":"animator:GazelDwargon","floor":12.0},{"not_picked":["animator:Shizu","animator:Ainz"],"picked":"animator:Elesis","floor":16.0},{"not_picked":["animator:Melzalgald","animator:Geryuganshoop"],"picked":"animator:SilverFang","floor":18},{"not_picked":["animator:Ain","animator:Melzalgald","animator:Elsword"],"picked":"SKIP","floor":20},{"not_picked":["animator:Shimakaze","animator:MamizouFutatsuiwa"],"picked":"animator:Kira","floor":21},{"not_picked":["animator:LimeBell","animator:TakanashiRikka"],"picked":"animator:Lelouch","floor":21},{"not_picked":["animator:Gillette","animator:Azekura"],"picked":"animator:Viivi+1","floor":22}],"player_experience":517287,"relics_obtained":[{"floor":6.0,"key":"Peace Pipe"},{"floor":9.0,"key":"Bronze Scales"},{"floor":26,"key":"Mango"}],"event_choices":[{"cards_removed":["animator:Strike"],"damage_healed":0.0,"max_hp_gain":0.0,"max_hp_loss":0.0,"gold_gain":0.0,"event_name":"Golden Wing","player_choice":"Card Removal","floor":10.0,"gold_loss":0.0,"damage_taken":7.0},{"damage_healed":0.0,"max_hp_gain":0.0,"max_hp_loss":5.0,"gold_gain":0.0,"event_name":"Golden Idol","player_choice":"Lose Max HP","floor":14.0,"gold_loss":0.0,"damage_taken":0.0,"relics_obtained":["Golden Idol"]},{"damage_healed":0,"gold_gain":0,"player_choice":"Ignored","damage_taken":0,"max_hp_gain":0,"max_hp_loss":0,"event_name":"Vampires","floor":19,"gold_loss":0},{"damage_healed":0,"gold_gain":2,"player_choice":"1","damage_taken":0,"max_hp_gain":0,"max_hp_loss":0,"event_name":"betterStone:BetterStone","floor":21,"gold_loss":0},{"damage_healed":0,"gold_gain":0,"player_choice":"Inject Mutagens","damage_taken":0,"relics_obtained":["MutagenicStrength"],"max_hp_gain":0,"max_hp_loss":0,"event_name":"Drug Dealer","floor":24,"gold_loss":0},{"damage_healed":0,"gold_gain":0,"player_choice":"Fight","damage_taken":0,"max_hp_gain":0,"max_hp_loss":0,"event_name":"Colosseum","floor":28,"gold_loss":0},{"damage_healed":0,"gold_gain":0,"player_choice":"Fought Nobs","damage_taken":0,"max_hp_gain":0,"max_hp_loss":0,"event_name":"Colosseum","floor":28,"gold_loss":0}],"is_beta":false,"boss_relics":[{"not_picked":["animator:CursedBlade","Tiny House"],"picked":"animator:VividPicture"}],"items_purged_floors":[4],"is_endless":false,"potions_floor_spawned":[1,2,6,8,18,22],"killed_by":"Colosseum Nobs","ascension_level":3}}