{"host":"exhp4inpfmbngj23","time":1612012340,"event":{"mods":["Abigail Mod","BaseMod","Beaked The Cultist","Downfall","Friendly Minions","Kiyohime????","Minty Spire (QoL Compilation)","StSLib","The Alterego"],"gold_per_floor":[99,116,135,235,246,271,348,148,12,32,17,49,49,66,76,173,223,223,240,340,385,2,36,62,47,57,57,70,80,80,92,108,211,211,111,111,254,254,105,125,178,207,238,250,281,308,320,349,372,384,396,437,78,78,78,78,78,78],"floor_reached":56,"language":"ENG","playtime":7631,"items_purged":[],"score":861,"play_id":"58e02ba4-3061-4fc9-86f0-1d7c5f1abd6c","local_time":"20210130051220","is_ascension_mode":false,"campfire_choices":[{"floor":1,"key":"RECALL"},{"data":"Slimebound:Split","floor":8,"key":"SMITH"},{"data":"Slimebound:LeadByExample","floor":13,"key":"SMITH"},{"data":"Slimebound:SplitLeeching","floor":18,"key":"SMITH"},{"floor":27,"key":"REST"},{"floor":30,"key":"REST"},{"data":"Slimebound:OozeBath","floor":35,"key":"SMITH"},{"data":"Slimebound:OozeBath","floor":47,"key":"SMITH"},{"floor":54,"key":"REST"}],"circlet_count":0,"master_deck":["Slimebound:Strike_Slimebound","Slimebound:Strike_Slimebound","Slimebound:Strike_Slimebound+1","Slimebound:Tackle","Slimebound:Defend_Slimebound+1","Slimebound:Defend_Slimebound","Slimebound:Defend_Slimebound","Slimebound:Defend_Slimebound","Slimebound:Split+1","Slimebound:CorrosiveSpit","Flash of Steel","Slimebound:SplitLeeching+1","Slimebound:LivingWall","Slimebound:SplitMire+1","Slimebound:Repurpose","Slimebound:Replication","Slimebound:LeadByExample+1","Slimebound:SamplingLick","Slimebound:SpikyOuterGoop","Slimebound:LeechEnergy","Slimebound:SplitLeeching+1","Slimebound:LevelUp","Slimebound:Teamwork","Slimebound:RallyTheTroops+1","Slimebound:LevelUp","Slimebound:Equalize","Slimebound:Schlurp","Slimebound:Replication+1","Slimebound:OozeBath+1","Slimebound:SlimeTap","Slimebound:MegaLick","Slimebound:SplitBruiser","Slimebound:SplitLeeching+1","Slimebound:PressTheAttack+1","Slimebound:GoopSpray+1","Slimebound:OozeBath+1","expansioncontent:AwakenDeath","Slimebound:Replication","Slimebound:Gluttony","Slimebound:OozeBath+1","Slimebound:GoopSpray+1","Slimebound:Schlurp+1","Slimebound:MegaLick+1","Slimebound:SamplingLick+1","Slimebound:SamplingLick+1","Slimebound:MassFeed","Slimebound:Equalize+1","Slimebound:SlimeBrawl","Slimebound:Replication","Slimebound:LevelUp"],"relics":["Slimebound:AbsorbEndCombatUpgraded","Smiling Mask","Pear","downfall:HeartBlessingRed","downfall:HeartBlessingGreen","Nunchaku","Tiny House","Lizard Tail","Slimebound:MaxSlimesRelic","Chemical X","Whetstone","Incense Burner","Lantern","downfall:HeartBlessingBlue","War Paint","DollysMirror","Juzu Bracelet","MawBank","Blood Vial","Bottled Flame"],"acts_visited":["Exordium","TheCity","TheBeyond","TheEnding"],"potions_floor_usage":[6,6,11,25,33,37,37,50,55,55],"damage_taken":[{"damage":3,"enemies":"Small Slimes","floor":2,"turns":3},{"damage":0,"enemies":"Cultist","floor":3,"turns":3},{"damage":2,"enemies":"Jaw Worm","floor":5,"turns":4},{"damage":15,"enemies":"Lagavulin","floor":6,"turns":6},{"damage":10,"enemies":"downfall:FleeingMerchant","floor":9,"turns":4},{"damage":5,"enemies":"3 Louse","floor":10,"turns":3},{"damage":9,"enemies":"downfall:FleeingMerchant","floor":11,"turns":4},{"damage":9,"enemies":"3 Sentries","floor":12,"turns":7},{"damage":0,"enemies":"Large Slime","floor":14,"turns":5},{"damage":9,"enemies":"2 Fungi Beasts","floor":15,"turns":4},{"damage":3,"enemies":"SI_SHIV_ARCHETYPE","floor":16,"turns":9},{"damage":40,"enemies":"3 Byrds","floor":19,"turns":4},{"damage":26,"enemies":"IC_STATUS_ARCHETYPE","floor":20,"turns":9},{"damage":14,"enemies":"downfall:FleeingMerchant","floor":22,"turns":4},{"damage":31,"enemies":"Book of Stabbing","floor":23,"turns":6},{"damage":2,"enemies":"downfall:FleeingMerchant","floor":25,"turns":4},{"damage":14,"enemies":"Spheric Guardian","floor":26,"turns":4},{"damage":4,"enemies":"Shelled Parasite and Fungi","floor":28,"turns":6},{"damage":9,"enemies":"Sentry and Sphere","floor":29,"turns":5},{"damage":4,"enemies":"3 Cultists","floor":31,"turns":7},{"damage":0,"enemies":"Centurion and Healer","floor":32,"turns":5},{"damage":2,"enemies":"WA_ARCHETYPE_CALM","floor":33,"turns":8},{"damage":11,"enemies":"downfall:FleeingMerchant","floor":37,"turns":4},{"damage":18,"enemies":"Orb Walker","floor":40,"turns":3},{"damage":54,"enemies":"Giant Head","floor":42,"turns":9},{"damage":21,"enemies":"3 Darklings","floor":43,"turns":6},{"damage":9,"enemies":"Sphere and 2 Shapes","floor":45,"turns":9},{"damage":4,"enemies":"4 Shapes","floor":46,"turns":8},{"damage":0,"enemies":"3 Darklings","floor":48,"turns":5},{"damage":4,"enemies":"Jaw Worm Horde","floor":49,"turns":6},{"damage":85,"enemies":"IC_BLOCK_ARCHETYPE","floor":50,"turns":15},{"damage":236,"enemies":"downfall:CharBossMerchant","floor":52,"turns":13},{"damage":101,"enemies":"downfall:NeowBoss","floor":55,"turns":32},{"damage":27,"enemies":"downfall:NeowBossFinal","floor":56,"turns":2}],"seed_played":"6910246489366343346","potions_obtained":[{"floor":2,"key":"Slimebound:SlimedPotion"},{"floor":3,"key":"DistilledChaos"},{"floor":6,"key":"FearPotion"},{"floor":14,"key":"Strength Potion"},{"floor":15,"key":"SpeedPotion"},{"floor":17,"key":"SneckoOil"},{"floor":23,"key":"LiquidBronze"},{"floor":28,"key":"SmokeBomb"},{"floor":29,"key":"BlessingOfTheForge"},{"floor":33,"key":"SteroidPotion"},{"floor":40,"key":"FairyPotion"},{"floor":42,"key":"Ancient Potion"},{"floor":52,"key":"LiquidBronze"}],"is_trial":false,"path_per_floor":["R","M","M","?","M","E","T","R","$","M","$","E","R","M","M","B",null,"R","M","?","T","$","E","T","$","M","R","M","M","R","M","M","B",null,"R","?","?","?","$","M","T","E","M","$","M","M","R","M","M","B",null,"E","$","R","B","B"],"character_chosen":"SLIMEBOUND","items_purchased":["Slimebound:LeadByExample","Slimebound:SamplingLick","Chemical X","Slimebound:OozeBath","Whetstone","War Paint","Slimebound:Gluttony","DollysMirror","Slimebound:Replication","Slimebound:LevelUp","Bottled Flame"],"campfire_rested":3,"item_purchase_floors":[9,9,22,22,22,37,37,39,53,53,53],"current_hp_per_floor":[65,64,65,65,63,54,64,64,58,59,54,51,51,57,52,57,80,80,44,34,34,34,13,13,13,9,33,33,30,54,56,64,70,80,90,90,85,85,85,73,73,39,38,38,52,57,57,70,81,31,99,20,20,49,20,0,0,0],"gold":78,"neow_bonus":"RANDOM_COLORLESS","is_daily":false,"chose_seed":false,"campfire_upgraded":5,"win_rate":0.0,"timestamp":1612012340,"path_taken":["R","M","M","?","M","E","T","R","$","M","?","E","R","M","M","BOSS","R","M","?","?","$","E","T","$","M","R","M","M","R","M","M","BOSS","R","?","?","?","$","M","T","E","M","$","M","M","R","M","M","BOSS","E","$","R","BOSS","BOSS"],"items_purchased_type":["Card","Card","Relic","Card","Relic","Relic","Card","Relic","Card","Card","Relic"],"build_version":"2020-12-22","purchased_purges":0,"victory":false,"max_hp_per_floor":[65,65,65,65,65,65,75,75,75,75,75,75,75,75,75,75,80,80,80,80,80,80,80,80,80,80,80,80,80,80,80,80,80,80,90,90,90,90,90,90,90,90,90,90,90,90,90,90,99,99,99,99,99,99,99,99,99,99],"card_choices":[{"not_picked":["Forethought","Madness"],"picked":"Flash of Steel","floor":0},{"not_picked":["Slimebound:Nibble","Slimebound:ProtectTheBoss"],"picked":"Slimebound:SplitLeeching","floor":2},{"not_picked":["Slimebound:LeechEnergy","Slimebound:Chomp"],"picked":"Slimebound:LivingWall","floor":3},{"not_picked":["Slimebound:BestDefense","Slimebound:Nibble"],"picked":"Slimebound:SplitMire","floor":5},{"not_picked":["Slimebound:GoopTackle","Slimebound:OneTwoCombo"],"picked":"Slimebound:Repurpose","floor":6},{"not_picked":["Slimebound:SlimeBrawl","Slimebound:FlameTackle"],"picked":"Slimebound:Replication","floor":9},{"not_picked":["Slimebound:FormOfPuddle","Slimebound:Prepare"],"picked":"Slimebound:SpikyOuterGoop","floor":10},{"not_picked":["Slimebound:Chomp","Slimebound:ProtectTheBoss"],"picked":"Slimebound:LeechEnergy","floor":11},{"not_picked":["Slimebound:GoopTackle","Slimebound:ItLooksTasty"],"picked":"Slimebound:SplitLeeching","floor":12},{"not_picked":["Slimebound:Dissolve","Slimebound:ItLooksTasty"],"picked":"Slimebound:LevelUp","floor":14},{"not_picked":["Slimebound:ForwardTackle","Slimebound:Nibble"],"picked":"Slimebound:Teamwork","floor":15},{"not_picked":["Slimebound:OozeBath","Slimebound:PrepareCrush"],"picked":"Slimebound:RallyTheTroops","floor":16},{"not_picked":["Slimebound:Prepare","Slimebound:SplitMire"],"picked":"Slimebound:LevelUp","floor":17},{"not_picked":["Slimebound:Prepare","Slimebound:HauntingLick"],"picked":"Slimebound:Equalize","floor":19},{"not_picked":["Slimebound:HauntingLick","Slimebound:ComboTackle+1"],"picked":"Slimebound:Schlurp","floor":20},{"not_picked":["Slimebound:DouseInSlime","Slimebound:SamplingLick"],"picked":"Slimebound:Replication+1","floor":22},{"not_picked":["Slimebound:FinishingTackle","Slimebound:HauntingLick+1"],"picked":"Slimebound:SlimeTap","floor":23},{"not_picked":["Slimebound:LeechLife","Slimebound:LeechEnergy"],"picked":"Slimebound:MegaLick","floor":25},{"not_picked":["Slimebound:SlimeSpikes+1","Slimebound:ComboTackle+1"],"picked":"Slimebound:SplitBruiser","floor":26},{"not_picked":["Slimebound:PrepareCrush","Slimebound:ProtectTheBoss"],"picked":"Slimebound:SplitLeeching+1","floor":28},{"not_picked":["Slimebound:HauntingLick","Slimebound:ProtectTheBoss"],"picked":"Slimebound:PressTheAttack+1","floor":29},{"not_picked":["Slimebound:FlameTackle","Slimebound:AcidTongue"],"picked":"Slimebound:GoopSpray+1","floor":31},{"not_picked":["Slimebound:GoopTackle","Slimebound:PressTheAttack","Slimebound:Grow"],"picked":"SKIP","floor":32},{"not_picked":["Slimebound:LeechLife","Slimebound:WasteNot"],"picked":"Slimebound:OozeBath","floor":33},{"not_picked":["expansioncontent:YouAreMine","expansioncontent:DecaShield"],"picked":"expansioncontent:AwakenDeath","floor":36},{"not_picked":["Slimebound:HauntingLick","Slimebound:PressTheAttack"],"picked":"Slimebound:Replication","floor":37},{"not_picked":["Slimebound:Prepare","Slimebound:Chomp"],"picked":"Slimebound:GoopSpray+1","floor":40},{"not_picked":["Slimebound:SplitLeeching+1","Slimebound:SamplingLick"],"picked":"Slimebound:Schlurp+1","floor":42},{"not_picked":["Slimebound:FinishingTackle","Slimebound:FormOfPuddle+1"],"picked":"Slimebound:MegaLick+1","floor":43},{"not_picked":["Slimebound:LeadByExample","Slimebound:LivingWall+1"],"picked":"Slimebound:SamplingLick+1","floor":45},{"not_picked":["Slimebound:FormOfPuddle+1","Slimebound:LeechingTouch"],"picked":"Slimebound:SamplingLick+1","floor":46},{"not_picked":["Slimebound:BestDefense+1","Slimebound:GrowthPunch"],"picked":"Slimebound:MassFeed","floor":48},{"not_picked":["Slimebound:LeechingTouch+1","Slimebound:ComboTackle+1"],"picked":"Slimebound:Equalize+1","floor":49},{"not_picked":["Slimebound:MegaLick","Slimebound:PressTheAttack+1"],"picked":"Slimebound:SlimeBrawl","floor":52}],"player_experience":2073913,"relics_obtained":[{"floor":6,"key":"Smiling Mask"},{"floor":7,"key":"Pear"},{"floor":12,"key":"Nunchaku"},{"floor":20,"key":"Lizard Tail"},{"floor":20,"key":"Slimebound:MaxSlimesRelic"},{"floor":23,"key":"Incense Burner"},{"floor":24,"key":"Lantern"},{"floor":41,"key":"Juzu Bracelet"},{"floor":42,"key":"MawBank"},{"floor":52,"key":"Blood Vial"}],"event_choices":[{"damage_healed":0,"gold_gain":0,"player_choice":"Ignored","damage_taken":0,"max_hp_gain":0,"max_hp_loss":0,"event_name":"Mysterious Sphere","floor":38,"gold_loss":0}],"is_beta":false,"boss_relics":[{"not_picked":["beaked:SacredDeck","Sozu"],"picked":"Tiny House"},{"not_picked":["Velvet Choker","Runic Dome"],"picked":"Slimebound:AbsorbEndCombatUpgraded"}],"items_purged_floors":[],"is_endless":false,"potions_floor_spawned":[2,3,6,14,15,23,28,29,33,40,42,43,46,52],"killed_by":"downfall:NeowBossFinal","ascension_level":0}}