{"host":"9oysz4knkucnjyyz","time":1612039366,"event":{"mods":["100% Spire Juice","2.2 Compatiblity","A Penny For Your Troubles","Act Like it!","BaseMod","Better Altar","Better Match","Better Note","Better Sensory Stone","Better Skull","Better Third Choice","BetterRewards","Displayed Cursed Tome","Downfall","Friendly Minions","Googly Eyes","GungeonMod","Hallownest","Hermit","Lobotomy","LobotomyExtend","Minty Spire (QoL Compilation)","Reliquary","Spicy Shops","Spire Arcade","Spire Birthday Party","StSLib","The Bug Knight","Wide Potions","everything is the same but u backflip on backflip","slay the spire mod where everything is the same but ironclad has a cowboy hat"],"gold_per_floor":[111,123,137,157,175,175,192,192,264,296,310,322,322,341,341,416,416,416,416,416,416,26,26,26,26,26,26,26,26,26,26,26,26,26,26,26,26,26,26,26,26,26,26,0,0,0,0,0,0,0,0,0],"floor_reached":53,"language":"ENG","playtime":3560,"items_purged":[],"score":2051,"play_id":"564fb0df-4f9b-4586-9d54-61dd2b6b2468","local_time":"20210130154246","is_ascension_mode":true,"campfire_choices":[{"floor":43,"key":"RECALL"}],"circlet_count":0,"master_deck":["BlueStar","QueenOfHatred","BigBird","Mercenary","LongBird","ApocalypseBird","PunishingBird","SpecialBullet","SpecialBullet","SpecialBullet","SpecialBullet","SpecialBullet","SpecialBullet","SpecialBullet","InformationCode","SecurityCode","DisciplinaryCode","CherryBlossom","GoldRush+1","OldLady","GrinderMk4","WallGazer","Regret_ego","RedEyes+1","Scorched","Logging","MHz","TodaysExpression+1","SpiderBud","Wellcheers","BigBadWolf","FourthMatchFlame","WelfareCode","CENSORED_ego+1","RedShoes","SingingMachine","WristCuter","OSAHOGD","CherryBlossom+1","GrinderMk4+1","FourthMatchFlame","DemoMod:Elimentaler","NothingThere","GoldRush","ControlCode","Variant","GreedKing","QueenBee","FieryBird","SummonCall"],"relics":["CogitoBucket","RabbitCall","Membership Card","WingedGreaves","ClockworkSouvenir","PreservedInsect","Toxic Egg 2","MealTicket","Happy Flower","Gremlin Horn","LetterFromLob","SkinProphecy","reliquary:BoilingFlask","reliquary:TuningFork","Ectoplasm","TreeSap","DemoMod:OrangeGuonStone","DemoMod:MeatBun","reliquary:JackalopeAntler","HonorFeather","BackwardClock","DemoMod:RatBoots","DemoMod:ResourcefulSack","DemoMod:PartiallyEatenCheese","reliquary:RedCape","Busted Crown","reliquary:Knoch","Red Mask","DemoMod:PoisonVial","reliquary:SharkskinSheath","Twilight","Justitia_r","WantedRequest","Lamp_r","InTheNameOfLoveAndHate_r","SoundOfStar_r"],"acts_visited":["Exordium","TheCity","TheCity","TheBeyond"],"potions_floor_usage":[18,24,24],"damage_taken":[{"damage":0,"enemies":"Cultist","floor":1,"turns":2},{"damage":0,"enemies":"Small Slimes","floor":2,"turns":2},{"damage":12,"enemies":"Jaw Worm","floor":3,"turns":2},{"damage":13,"enemies":"Looter","floor":4,"turns":2},{"damage":10,"enemies":"Exordium Wildlife","floor":5,"turns":2},{"damage":17,"enemies":"Exordium Thugs","floor":7,"turns":3},{"damage":8,"enemies":"3 Sentries","floor":10,"turns":3},{"damage":7,"enemies":"2 Fungi Beasts","floor":11,"turns":2},{"damage":16,"enemies":"3 Louse","floor":12,"turns":2},{"damage":0,"enemies":"Blue Slaver","floor":14,"turns":1},{"damage":60,"enemies":"Hexaghost","floor":16,"turns":5},{"damage":83,"enemies":"Chosen","floor":18,"turns":6},{"damage":22,"enemies":"Shell Parasite","floor":19,"turns":3},{"damage":0,"enemies":"Cultist and Chosen","floor":21,"turns":1},{"damage":0,"enemies":"Book of Stabbing","floor":24,"turns":1},{"damage":10,"enemies":"DemoMod:Veteran_shot_gun_kin_and_bullet_kin","floor":28,"turns":1},{"damage":0,"enemies":"DemoMod:4_Bullet_Kins_with_one_veteran","floor":29,"turns":1},{"damage":119,"enemies":"DemoMod:Veteran_shot_gun_kin_and_blue_shotgun_kin_with_gunsinger","floor":30,"turns":9},{"damage":2,"enemies":"DemoMod:Red_and_blue_shotgun_kin_with_gunsinger","floor":31,"turns":1},{"damage":4,"enemies":"DemoMod:2_Mousers","floor":32,"turns":1},{"damage":47,"enemies":"DemoMod:ResourcefulRat","floor":35,"turns":6},{"damage":39,"enemies":"3 Shapes","floor":37,"turns":2},{"damage":0,"enemies":"Orb Walker","floor":38,"turns":1},{"damage":71,"enemies":"Transient","floor":39,"turns":5},{"damage":8,"enemies":"3 Darklings","floor":40,"turns":1},{"damage":5,"enemies":"Spire Growth","floor":41,"turns":2},{"damage":14,"enemies":"Reptomancer","floor":42,"turns":2},{"damage":6,"enemies":"Giant Head","floor":46,"turns":4},{"damage":41,"enemies":"4 Shapes","floor":47,"turns":2},{"damage":6,"enemies":"Reptomancer","floor":48,"turns":2},{"damage":7,"enemies":"Jaw Worm Horde","floor":49,"turns":2},{"damage":102,"enemies":"Maw","floor":50,"turns":5},{"damage":183,"enemies":"FixerMidnight","floor":52,"turns":7},{"damage":30,"enemies":"Malkuth","floor":53,"turns":3},{"damage":30,"enemies":"Netzach","floor":53,"turns":4},{"damage":164,"enemies":"Geburah","floor":53,"turns":5},{"damage":111,"enemies":"Binah","floor":53,"turns":4},{"damage":69,"enemies":"Angela","floor":53,"turns":7}],"seed_played":"-7240909979604912839","potions_obtained":[{"floor":2,"key":"AttackPotion"},{"floor":4,"key":"PowerPotion"},{"floor":18,"key":"EssenceOfSteel"},{"floor":19,"key":"Swift Potion"},{"floor":29,"key":"DuplicationPotion"}],"is_trial":false,"path_per_floor":["M","M","M","M","M","R","M","R","T","E","M","M","R","M","R","B",null,"M","M","?","M","$","R","E","R","T","R","M","M","M","M","M","R","B","B",null,"M","M","M","M","M","E","R","?","T","E","M","E","M","M","R","B",null],"character_chosen":"Angela","items_purchased":["Membership Card","DemoMod:GnawedKey","WingedGreaves","ClockworkSouvenir","PreservedInsect","Toxic Egg 2","CherryBlossom","GoldRush","MealTicket","Happy Flower","Gremlin Horn","DemoMod:OrangeGuonStone","DemoMod:MeatBun","reliquary:JackalopeAntler","WristCuter"],"campfire_rested":0,"item_purchase_floors":[0,0,0,0,0,0,0,0,0,0,0,22,22,22,22],"current_hp_per_floor":[70,70,66,61,59,59,54,54,54,54,55,54,54,66,66,30,86,12,15,15,27,56,56,122,122,122,122,124,130,15,27,37,138,128,111,139,136,158,164,170,176,182,182,182,182,188,190,196,202,165,204,206],"gold":0,"neow_bonus":"","is_daily":false,"chose_seed":false,"campfire_upgraded":0,"win_rate":0.0,"timestamp":1612039366,"path_taken":["M","?","M","M","M","R","M","R","T","E","M","M","R","M","R","BOSS","M","M","?","?","$","R","E","R","T","R","M","M","M","M","M","R","BOSS","BOSS","M","M","M","M","M","E","R","?","T","E","M","E","M","M","R","BOSS"],"items_purchased_type":["Relic","Relic","Relic","Relic","Relic","Relic","Card","Card","Relic","Relic","Relic","Relic","Relic","Relic","Card"],"build_version":"2020-12-22","purchased_purges":0,"victory":true,"max_hp_per_floor":[70,70,70,70,70,70,74,74,74,80,86,92,92,98,98,104,104,112,114,114,120,120,120,122,122,122,122,128,130,134,136,138,138,140,146,146,152,158,164,170,176,182,182,182,182,188,190,196,202,204,204,206],"card_choices":[{"not_picked":["MeatLantern","BeautyBeast"],"picked":"OldLady","floor":1},{"not_picked":["Lantern"],"picked":"GrinderMk4","floor":1},{"not_picked":["Murderer","VoidDream"],"picked":"WallGazer","floor":2},{"not_picked":["Wingbeat+1"],"picked":"Regret_ego","floor":2},{"not_picked":["Noise+1"],"picked":"RedEyes+1","floor":3},{"not_picked":["VoidDream","CherryBlossoms"],"picked":"PunishingBird","floor":4},{"not_picked":["FrostShard+1","Regret_ego"],"picked":"SKIP","floor":4},{"not_picked":["HappyTeddy","MHz"],"picked":"Scorched","floor":5},{"not_picked":["Horn"],"picked":"Logging","floor":5},{"not_picked":["Wellcheers","MeatLantern"],"picked":"MHz","floor":7},{"not_picked":["RapturousDream+1"],"picked":"TodaysExpression+1","floor":7},{"not_picked":["SingingMachine","WhitesApple"],"picked":"SpiderBud","floor":10},{"not_picked":["FrostShard+1","Mimicry"],"picked":"SKIP","floor":10},{"not_picked":["HeroicMonk","CrumblingArmor"],"picked":"Wellcheers","floor":11},{"not_picked":["Beak","Discord"],"picked":"SKIP","floor":11},{"not_picked":["BeautyBeast","VoidDream"],"picked":"BigBadWolf","floor":12},{"not_picked":["LifeForTheDareDevil"],"picked":"FourthMatchFlame","floor":12},{"not_picked":["VoidDream","Yin"],"picked":"LaLuna","floor":14},{"not_picked":["ScreamingWedge+1"],"picked":"CherryBlossom","floor":14},{"not_picked":["FairyFestival","MeatLantern"],"picked":"Mercenary","floor":16},{"not_picked":["GoldRush"],"picked":"CENSORED_ego+1","floor":16},{"not_picked":["UniverseFragment","LittlePrince"],"picked":"RedShoes","floor":18},{"not_picked":["Penitence+1","Wingbeat+1"],"picked":"SKIP","floor":18},{"not_picked":["Mimicry","CrimsonScar"],"picked":"SKIP","floor":19},{"not_picked":["MeatLantern","WhitesApple"],"picked":"SingingMachine","floor":21},{"not_picked":["Noise+1","TodaysExpression+1"],"picked":"SKIP","floor":21},{"not_picked":["MeatLantern","Freischutz"],"picked":"OSAHOGD","floor":28},{"not_picked":["Lantern","GreenStem"],"picked":"SKIP","floor":28},{"not_picked":["SwordSharpenedByTears"],"picked":"CherryBlossom+1","floor":29},{"not_picked":["RapturousDream+1"],"picked":"GrinderMk4+1","floor":30},{"not_picked":["Penitence+1","Horn"],"picked":"SKIP","floor":31},{"not_picked":["RapturousDream+1"],"picked":"FourthMatchFlame","floor":32},{"not_picked":[],"picked":"DemoMod:Elimentaler","floor":35},{"not_picked":["BlackSwan","CherryBlossoms"],"picked":"NothingThere","floor":35},{"not_picked":["Mimicry"],"picked":"GoldRush","floor":35},{"not_picked":["Yin","SnowQueen"],"picked":"BlueStar","floor":37},{"not_picked":["MeatLantern","LaLuna"],"picked":"LongBird","floor":38},{"not_picked":["LaLuna","VoidDream"],"picked":"MeltingLove","floor":39},{"not_picked":["WhitesApple","Scarecrow"],"picked":"Variant","floor":40},{"not_picked":["ShyLook","DespairKnight"],"picked":"GreedKing","floor":41},{"not_picked":["VoidDream","CrumblingArmor"],"picked":"QueenOfHatred","floor":42},{"not_picked":["Bloodbath","Scarecrow"],"picked":"QueenBee","floor":46},{"not_picked":["MeatLantern","BlackSwan"],"picked":"FieryBird","floor":48},{"not_picked":["DreamingCurrent","SilentOrchestra"],"picked":"BigBird","floor":49}],"player_experience":374671,"relics_obtained":[{"floor":1,"key":"LetterFromLob"},{"floor":9,"key":"reliquary:BoilingFlask"},{"floor":10,"key":"reliquary:TuningFork"},{"floor":36,"key":"DemoMod:RatBoots"},{"floor":36,"key":"DemoMod:ResourcefulSack"},{"floor":36,"key":"DemoMod:PartiallyEatenCheese"},{"floor":36,"key":"reliquary:RedCape"},{"floor":36,"key":"Busted Crown"},{"floor":42,"key":"reliquary:Knoch"},{"floor":46,"key":"DemoMod:PoisonVial"},{"floor":48,"key":"reliquary:SharkskinSheath"},{"floor":50,"key":"Twilight"}],"event_choices":[{"damage_healed":0,"gold_gain":0,"player_choice":"Upgraded","damage_taken":0,"max_hp_gain":0,"max_hp_loss":0,"event_name":"Upgrade Shrine","floor":20,"gold_loss":0,"cards_upgraded":["GoldRush"]},{"damage_healed":0,"gold_gain":0,"player_choice":"Paid","damage_taken":0,"relics_obtained":["Red Mask"],"max_hp_gain":0,"max_hp_loss":0,"event_name":"Tomb of Lord Red Mask","floor":44,"gold_loss":26}],"is_beta":false,"boss_relics":[{"not_picked":["SacredBark","Snecko Eye"],"picked":"Ectoplasm"},{"not_picked":[]}],"items_purged_floors":[],"is_endless":false,"potions_floor_spawned":[2,3,4,5,11,16,18,19,29,37,41,42,46,47],"ascension_level":20}}