{"host":"815dqs41i1y8uxms","time":1612043307,"event":{"mods":["A Penny For Your Troubles","Act Like it!","BaseMod","Dark Map","Elementarium","Fox Events","Minty Spire (QoL Compilation)","Rare Cards Sparkle","Shop Mod","Spire Arcade","StSLib","The Marked"],"gold_per_floor":[109,27,102,102,118,118,118,118,145,158,174,174,187,222,222,222,222],"floor_reached":16,"language":"ENG","playtime":569,"items_purged":[],"score":100,"play_id":"d1a42e32-93f3-4c5b-88f4-11b615c85d17","local_time":"20210130224827","is_ascension_mode":false,"campfire_choices":[{"floor":6,"key":"RECALL"},{"data":"theMarked:EmpowerWeapon","floor":8,"key":"SMITH"},{"floor":15,"key":"REST"}],"circlet_count":0,"master_deck":["theMarked:Strike","theMarked:Strike","theMarked:Strike","theMarked:Strike","theMarked:Defend","theMarked:Defend+1","theMarked:Defend","theMarked:Defend","theMarked:SoldierOfQuellstein","theMarked:Improvise","theMarked:MagusForm","theMarked:EmpowerWeapon+1","theMarked:Aftermath","theMarked:KeepCalmAndFight","theMarked:SwordAndMagic","theMarked:Memento"],"relics":["theMarked:ArtifactOfAir","NeowsBlessing","Happy Flower","foxEvents:EldersFace","Shovel"],"acts_visited":["Exordium"],"potions_floor_usage":[14,14],"damage_taken":[{"damage":0,"enemies":"Cultist","floor":1,"turns":1},{"damage":0,"enemies":"2 Louse","floor":5,"turns":1},{"damage":0,"enemies":"Jaw Worm","floor":10,"turns":1},{"damage":13,"enemies":"3 Louse","floor":11,"turns":3},{"damage":10,"enemies":"2 Fungi Beasts","floor":13,"turns":4},{"damage":6,"enemies":"Gremlin Nob","floor":14,"turns":3},{"damage":50,"enemies":"Hexaghost","floor":16,"turns":9}],"seed_played":"-7993833706889697908","potions_obtained":[{"floor":5,"key":"BlessingOfTheForge"},{"floor":11,"key":"Fire Potion"}],"is_trial":false,"path_per_floor":["M","$","?","?","M","R","?","R","T","M","M","?","M","E","R","B"],"character_chosen":"THE_DEFAULT","items_purchased":["theMarked:MagusForm"],"campfire_rested":1,"item_purchase_floors":[2],"current_hp_per_floor":[70,70,59,64,64,64,57,57,57,57,44,44,34,28,50,0,0],"gold":222,"neow_bonus":"THREE_ENEMY_KILL","is_daily":false,"chose_seed":false,"campfire_upgraded":1,"win_rate":0.0,"timestamp":1612043307,"path_taken":["M","?","?","?","M","R","?","R","T","M","M","?","M","E","R","BOSS"],"items_purchased_type":["Card"],"build_version":"2020-12-22","purchased_purges":0,"victory":false,"max_hp_per_floor":[70,70,70,75,75,75,75,75,75,75,75,75,75,75,75,75,75],"card_choices":[{"not_picked":["theMarked:TwofoldDefense","theMarked:WastefulAttack"],"picked":"theMarked:Improvise","floor":1},{"not_picked":["theMarked:Frustration","theMarked:LightningStrikesTwice"],"picked":"theMarked:EmpowerWeapon","floor":5},{"not_picked":["theMarked:SwordAndMagic","theMarked:ElectricStrings"],"picked":"theMarked:Aftermath","floor":10},{"not_picked":["theMarked:Parkour","theMarked:Polarize"],"picked":"theMarked:KeepCalmAndFight","floor":11},{"not_picked":["theMarked:Improvise","theMarked:LightningStrikesTwice"],"picked":"theMarked:SwordAndMagic","floor":13},{"not_picked":["theMarked:Determination","theMarked:WardOff"],"picked":"theMarked:Memento","floor":14}],"player_experience":3714341,"relics_obtained":[{"floor":9,"key":"Happy Flower"},{"floor":14,"key":"Shovel"}],"event_choices":[{"damage_healed":0,"gold_gain":75,"player_choice":"Gather Gold","damage_taken":11,"max_hp_gain":0,"max_hp_loss":0,"event_name":"World of Goop","floor":3,"gold_loss":0},{"damage_healed":0,"gold_gain":0,"player_choice":"Donut","damage_taken":0,"max_hp_gain":5,"max_hp_loss":0,"event_name":"Big Fish","floor":4,"gold_loss":0},{"cards_removed":["theMarked:Strike"],"damage_healed":0,"gold_gain":0,"player_choice":"Card Removal","damage_taken":7,"max_hp_gain":0,"max_hp_loss":0,"event_name":"Golden Wing","floor":7,"gold_loss":0},{"damage_healed":0,"gold_gain":0,"player_choice":"Trade","damage_taken":0,"relics_obtained":["foxEvents:EldersFace"],"max_hp_gain":0,"max_hp_loss":0,"event_name":"FaceTrader","floor":12,"gold_loss":0}],"is_beta":false,"boss_relics":[],"items_purged_floors":[],"is_endless":false,"potions_floor_spawned":[5,11],"killed_by":"Hexaghost","ascension_level":0}}