{"host":"zekcc3vicrep0och","time":1612043746,"event":{"mods":["AchievementEnabler","BaseMod","Colored Map","Colored Powertips","Displayed Cursed Tome","Highlight Path","Minty Spire (QoL Compilation)","Quick Restart","Relic Stats","StSLib","The Cursed"],"gold_per_floor":[117,267,267,26,26,26,55,55,55,69,13,13,45,58,58,130,130,143,143,143,143,162,162,194,194,194,194,52,85,104,123,123,194,194,214,225,238,255,255,283,283,317,317,328,353,353,353,383,383,383],"floor_reached":51,"language":"ENG","playtime":2300,"items_purged":["Doubt","Strike_B"],"score":1540,"play_id":"44abcca8-09b0-4c29-a562-dd061458198f","local_time":"20210131005546","is_ascension_mode":true,"campfire_choices":[{"data":"Hologram","floor":6.0,"key":"SMITH"},{"floor":8.0,"key":"REST"},{"data":"Defragment","floor":12.0,"key":"SMITH"},{"data":"Dualcast","floor":15.0,"key":"SMITH"},{"floor":23.0,"key":"REST"},{"floor":25.0,"key":"REST"},{"floor":27.0,"key":"REST"},{"floor":32.0,"key":"REST"},{"floor":41.0,"key":"REST"},{"floor":47,"key":"REST"},{"floor":49,"key":"RECALL"}],"circlet_count":0,"master_deck":["AscendersBane","Strike_B+1","Strike_B","Defend_B","Defend_B","Defend_B","Defend_B+1","Zap","Dualcast+1","Hyperbeam+1","Hologram+1","Defragment+1","Cold Snap+1","Chaos+1","Electrodynamics","Conserve Battery+1","Glacier+1","Thunder Strike+1","Zap+1","Steam+1","Coolheaded+1","Undo+1","Self Repair","Echo Form","Force Field+1","Seek+1","Conserve Battery+1","Capacitor","Stack+1","BootSequence+1","Coolheaded+1"],"relics":["FrozenCore","Runic Capacitor","Bronze Scales","Toxic Egg 2","Omamori","Fusion Hammer","Nilry\u0027s Codex","PreservedInsect","Whetstone","Mercury Hourglass","Regal Pillow","Orichalcum","Bottled Flame","Pear","Eternal Feather"],"acts_visited":["Exordium","TheCity","TheBeyond"],"potions_floor_usage":[50],"damage_taken":[{"damage":2.0,"enemies":"Jaw Worm","floor":1.0,"turns":3.0},{"damage":12.0,"enemies":"3 Sentries","floor":7.0,"turns":3.0},{"damage":0.0,"enemies":"2 Louse","floor":10.0,"turns":1.0},{"damage":10.0,"enemies":"Gremlin Nob","floor":13.0,"turns":3.0},{"damage":0.0,"enemies":"Cultist","floor":14.0,"turns":2.0},{"damage":20.0,"enemies":"Slime Boss","floor":16.0,"turns":6.0},{"damage":3.0,"enemies":"3 Byrds","floor":18.0,"turns":2.0},{"damage":0.0,"enemies":"Spheric Guardian","floor":22.0,"turns":4.0},{"damage":31.0,"enemies":"Slavers","floor":24.0,"turns":4.0},{"damage":7.0,"enemies":"Gremlin Leader","floor":29.0,"turns":6.0},{"damage":19.0,"enemies":"Snake Plant","floor":30.0,"turns":3.0},{"damage":3.0,"enemies":"Shelled Parasite and Fungi","floor":31.0,"turns":6.0},{"damage":15.0,"enemies":"Champ","floor":33.0,"turns":7.0},{"damage":0.0,"enemies":"Orb Walker","floor":35.0,"turns":4.0},{"damage":3.0,"enemies":"3 Shapes","floor":36.0,"turns":3.0},{"damage":26.0,"enemies":"Jaw Worm Horde","floor":37.0,"turns":4.0},{"damage":7.0,"enemies":"Writhing Mass","floor":38.0,"turns":8.0},{"damage":5.0,"enemies":"Nemesis","floor":40.0,"turns":7.0},{"damage":25.0,"enemies":"Reptomancer","floor":42.0,"turns":6.0},{"damage":0,"enemies":"4 Shapes","floor":44,"turns":6},{"damage":0,"enemies":"Nemesis","floor":45,"turns":7},{"damage":22,"enemies":"Giant Head","floor":48,"turns":9},{"damage":33,"enemies":"Awakened One","floor":50,"turns":19}],"seed_played":"-5408382243098987828","potions_obtained":[{"floor":7.0,"key":"SpeedPotion"},{"floor":14.0,"key":"SkillPotion"},{"floor":16.0,"key":"FairyPotion"},{"floor":18.0,"key":"Block Potion"},{"floor":30.0,"key":"EssenceOfSteel"},{"floor":33.0,"key":"AttackPotion"},{"floor":38.0,"key":"Swift Potion"},{"floor":44,"key":"Dexterity Potion"}],"is_trial":false,"path_per_floor":["M","?","?","$","?","R","E","R","T","M","$","R","E","M","R","B",null,"M","?","?","?","M","R","E","R","T","R","$","E","M","M","R","B",null,"M","M","M","M","?","E","R","E","T","M","E","?","R","E","R","B",null],"character_chosen":"DEFECT","items_purchased":["Runic Capacitor","FearPotion","Self Repair"],"campfire_rested":7,"item_purchase_floors":[4,11,28],"current_hp_per_floor":[62,62,41,41,41,41,29,50,50,50,50,50,40,40,40,20,58,55,55,34,34,34,55,24,45,45,66,66,66,47,51,71,70,71,71,71,52,59,59,61,71,53,53,53,70,70,81,66,81,48],"gold":383,"neow_bonus":"ONE_RANDOM_RARE_CARD","is_daily":false,"chose_seed":false,"campfire_upgraded":3,"win_rate":0.0,"timestamp":1612043746,"path_taken":["M","?","?","$","?","R","E","R","T","M","$","R","E","?","R","BOSS","M","?","?","?","M","R","E","R","T","R","$","E","M","?","R","BOSS","M","M","M","M","?","E","R","E","T","M","E","?","R","E","R","BOSS"],"items_purchased_type":["Relic","Potion","Card"],"build_version":"2020-12-22","purchased_purges":2,"victory":true,"max_hp_per_floor":[71,71,71,71,71,71,71,71,71,71,71,71,71,71,71,71,71,71,71,71,71,71,71,71,71,71,71,71,71,71,71,71,71,71,71,71,71,71,71,71,71,71,71,71,81,81,81,81,81,81],"relic_stats":{"Regal Pillow":0,"counters":[23,122],"Bronze Scales":[354],"Eternal Feather":15,"PreservedInsect":337,"Whetstone":["Strike_B","Cold Snap"],"Orichalcum":[30],"obtain_stats":[{"Regal Pillow":40,"Pear":45,"Nilry\u0027s Codex":20,"Eternal Feather":48,"PreservedInsect":24,"Runic Capacitor":4,"Omamori":13,"Whetstone":26,"Orichalcum":42,"Mercury Hourglass":29,"FrozenCore":34,"Bottled Flame":43,"Bronze Scales":7,"Fusion Hammer":17,"Toxic Egg 2":9,"Cracked Core":0},{"Regal Pillow":18,"Pear":21,"Nilry\u0027s Codex":7,"Eternal Feather":22,"PreservedInsect":9,"Runic Capacitor":1,"Omamori":4,"Whetstone":9,"Orichalcum":19,"Mercury Hourglass":10,"FrozenCore":13,"Bottled Flame":19,"Bronze Scales":2,"Fusion Hammer":6,"Toxic Egg 2":2,"Cracked Core":0},{"Regal Pillow":76,"Pear":94,"Nilry\u0027s Codex":20,"Eternal Feather":103,"PreservedInsect":28,"Runic Capacitor":3,"Omamori":10,"Whetstone":28,"Orichalcum":82,"Mercury Hourglass":34,"FrozenCore":50,"Bottled Flame":82,"Bronze Scales":6,"Fusion Hammer":18,"Toxic Egg 2":6,"Cracked Core":0}],"FrozenCore":[30],"Mercury Hourglass":[340]},"card_choices":[{"not_picked":["Steam","Leap"],"picked":"Hologram","floor":1.0},{"not_picked":["Redo","Skim","Beam Cell"],"picked":"SKIP","floor":7.0},{"not_picked":["Coolheaded+1","Beam Cell"],"picked":"Defragment","floor":10.0},{"not_picked":["Stack+1","Leap+1"],"picked":"Cold Snap","floor":13.0},{"not_picked":["Leap+1","Go for the Eyes"],"picked":"Chaos+1","floor":14.0},{"not_picked":["Seek+1","Biased Cognition"],"picked":"Electrodynamics","floor":16.0},{"not_picked":["Go for the Eyes","Steam+1"],"picked":"Conserve Battery+1","floor":18.0},{"not_picked":["Recycle+1","Blizzard"],"picked":"Coolheaded+1","floor":22.0},{"not_picked":["Melter","Beam Cell"],"picked":"Undo+1","floor":24.0},{"not_picked":["Thunder Strike","Chill+1"],"picked":"Echo Form","floor":29.0},{"not_picked":["Sweeping Beam","Genetic Algorithm+1"],"picked":"Force Field+1","floor":30.0},{"not_picked":["Turbo+1","Gash","Streamline+1"],"picked":"SKIP","floor":31.0},{"not_picked":["All For One","Echo Form"],"picked":"Seek+1","floor":33.0},{"not_picked":["Hologram+1","Leap+1"],"picked":"Conserve Battery+1","floor":35.0},{"not_picked":["Sweeping Beam","Chill+1"],"picked":"Capacitor","floor":36.0},{"not_picked":["Gash","Redo+1","Hologram+1"],"picked":"SKIP","floor":37.0},{"not_picked":["Gash","Sweeping Beam","Thunder Strike"],"picked":"SKIP","floor":38.0},{"not_picked":["Go for the Eyes","Doom and Gloom","Hello World+1"],"picked":"SKIP","floor":40.0},{"not_picked":["Streamline","Gash+1","Leap+1"],"picked":"SKIP","floor":42.0},{"not_picked":["Hello World","Cold Snap"],"picked":"Stack+1","floor":44},{"not_picked":["Echo Form","Thunder Strike"],"picked":"BootSequence+1","floor":45},{"not_picked":["Go for the Eyes+1","Steam+1"],"picked":"Coolheaded+1","floor":48}],"player_experience":560943,"relics_obtained":[{"floor":7.0,"key":"Bronze Scales"},{"floor":9.0,"key":"Toxic Egg 2"},{"floor":13.0,"key":"Omamori"},{"floor":24.0,"key":"PreservedInsect"},{"floor":26.0,"key":"Whetstone"},{"floor":29.0,"key":"Mercury Hourglass"},{"floor":40.0,"key":"Regal Pillow"},{"floor":42.0,"key":"Orichalcum"},{"floor":43,"key":"Bottled Flame"},{"floor":45,"key":"Pear"},{"floor":48,"key":"Eternal Feather"}],"event_choices":[{"damage_healed":0.0,"max_hp_gain":0.0,"max_hp_loss":0.0,"gold_gain":150.0,"event_name":"Liars Game","player_choice":"AGREE","floor":2.0,"gold_loss":0.0,"damage_taken":0.0,"cards_obtained":["Doubt"]},{"damage_healed":0.0,"max_hp_gain":0.0,"max_hp_loss":0.0,"gold_gain":0.0,"event_name":"Shining Light","player_choice":"Entered Light","floor":3.0,"gold_loss":0.0,"damage_taken":21.0,"cards_upgraded":["Strike_B","Defend_B"]},{"damage_healed":0.0,"max_hp_gain":0.0,"max_hp_loss":0.0,"gold_gain":0.0,"event_name":"Upgrade Shrine","player_choice":"Upgraded","floor":5.0,"gold_loss":0.0,"damage_taken":0.0,"cards_upgraded":["Hyperbeam"]},{"damage_healed":0.0,"max_hp_gain":0.0,"max_hp_loss":0.0,"gold_gain":0.0,"event_name":"Ghosts","player_choice":"Ignored","floor":19.0,"gold_loss":0.0,"damage_taken":0.0},{"damage_healed":0.0,"max_hp_gain":0.0,"max_hp_loss":0.0,"gold_gain":0.0,"event_name":"Cursed Tome","player_choice":"Obtained Book","floor":20.0,"gold_loss":0.0,"damage_taken":21.0},{"damage_healed":0.0,"max_hp_gain":0.0,"max_hp_loss":0.0,"gold_gain":0.0,"event_name":"Match and Keep!","player_choice":"4 cards matched","floor":21.0,"gold_loss":0.0,"damage_taken":0.0,"cards_obtained":["Glacier","Thunder Strike","Zap","Steam"]},{"cards_removed":["Strike_B"],"damage_healed":0.0,"max_hp_gain":0.0,"max_hp_loss":0.0,"gold_gain":0.0,"event_name":"Falling","player_choice":"Removed Attack","floor":39.0,"gold_loss":0.0,"damage_taken":0.0},{"damage_healed":0,"gold_gain":0,"player_choice":"Forge","damage_taken":0,"max_hp_gain":0,"max_hp_loss":0,"event_name":"Accursed Blacksmith","floor":46,"gold_loss":0,"cards_upgraded":["Thunder Strike"]}],"is_beta":false,"boss_relics":[{"not_picked":["Pandora\u0027s Box","Cursed Key"],"picked":"Fusion Hammer"},{"not_picked":["Black Star","Runic Pyramid"],"picked":"FrozenCore"}],"items_purged_floors":[4,28],"is_endless":false,"potions_floor_spawned":[7,14,16,18,30,33,35,38,40,44],"ascension_level":18}}