{"host":"yzb2zje941uub2vb","time":1612044439,"event":{"mods":["AchievementEnabler","BaseMod","Minty Spire (QoL Compilation)","The Construct"],"gold_per_floor":[111,61,61,61,36,36,52,63,63,63,80,29,40,58,58,159,159,159,159],"floor_reached":18,"language":"ZHS","playtime":1418,"items_purged":[],"score":152,"play_id":"945c0501-3879-4908-a33c-3e27936ad7c8","local_time":"20210130230719","is_ascension_mode":false,"campfire_choices":[{"data":"construct:Autoturret","floor":6,"key":"SMITH"},{"data":"construct:Reinforce","floor":10,"key":"SMITH"},{"floor":15,"key":"REST"}],"circlet_count":0,"master_deck":["construct:Strike_Gold","construct:Strike_Gold","construct:Strike_Gold","construct:Defend_Gold","construct:Defend_Gold+1","construct:Defend_Gold+1","construct:Defend_Gold","construct:Defend_Gold","construct:AttackMode","construct:DefenseMode","construct:Reinforce+1","construct:Boost","construct:Autoturret+1","construct:Autoturret","CurseOfTheBell"],"relics":["construct:Cogwheel","Calling Bell","Potion Belt","White Beast Statue","Gambling Chip"],"acts_visited":["Exordium","TheCity"],"potions_floor_usage":[],"damage_taken":[{"damage":1,"enemies":"2 Louse","floor":1,"turns":4},{"damage":0,"enemies":"Jaw Worm","floor":7,"turns":13},{"damage":1,"enemies":"Cultist","floor":8,"turns":6},{"damage":0,"enemies":"Large Slime","floor":11,"turns":23},{"damage":10,"enemies":"Lots of Slimes","floor":13,"turns":11},{"damage":4,"enemies":"Exordium Wildlife","floor":14,"turns":21},{"damage":15,"enemies":"The Guardian","floor":16,"turns":48},{"damage":86,"enemies":"Chosen","floor":18,"turns":20}],"seed_played":"8762313457723575952","potions_obtained":[{"floor":11,"key":"LiquidMemories"},{"floor":13,"key":"Energy Potion"},{"floor":14,"key":"FearPotion"}],"is_trial":false,"path_per_floor":["M","?","?","?","$","R","M","M","T","R","M","$","M","M","R","B",null,"M"],"character_chosen":"THE_CONSTRUCT_MOD","items_purchased":["construct:Autoturret","construct:Autoturret"],"campfire_rested":1,"item_purchase_floors":[5,12],"current_hp_per_floor":[84,84,67,60,60,60,60,59,59,59,59,59,49,45,70,55,85,0,0],"gold":159,"neow_bonus":"THREE_CARDS","is_daily":false,"chose_seed":false,"campfire_upgraded":2,"win_rate":0.0,"timestamp":1612044439,"path_taken":["M","?","?","?","$","R","M","M","T","R","?","$","M","M","R","BOSS","M"],"items_purchased_type":["Card","Card"],"build_version":"2020-12-22","purchased_purges":0,"victory":false,"max_hp_per_floor":[85,85,85,85,85,85,85,85,85,85,85,85,85,85,85,85,85,85,85],"card_choices":[{"not_picked":["construct:ClusterMines","construct:FlakBarrage"],"picked":"construct:Reinforce","floor":0},{"not_picked":["construct:FierceBash","construct:Hazardproof"],"picked":"construct:Boost","floor":1},{"not_picked":["construct:Overcharge","construct:Boost","construct:Analyze"],"picked":"SKIP","floor":7},{"not_picked":["construct:Electrocute","construct:Impenetrable","construct:FierceBash"],"picked":"SKIP","floor":8},{"not_picked":["construct:FlakBarrage","construct:OmegaCannon","construct:ForceCore"],"picked":"SKIP","floor":11},{"not_picked":["construct:ModeShift","construct:ScrapCannon","construct:SyphonStrike"],"picked":"SKIP","floor":13},{"not_picked":["construct:Reinforce","construct:ScrapCannon","construct:HardReboot"],"picked":"SKIP","floor":14}],"player_experience":105542,"relics_obtained":[{"floor":17,"key":"Potion Belt"},{"floor":17,"key":"White Beast Statue"},{"floor":17,"key":"Gambling Chip"}],"event_choices":[{"cards_removed":["construct:Strike_Gold"],"damage_healed":0,"gold_gain":0,"player_choice":"Card Removal","damage_taken":0,"max_hp_gain":0,"max_hp_loss":0,"event_name":"The Cleric","floor":2,"gold_loss":50},{"damage_healed":0,"gold_gain":0,"player_choice":"Entered Light","damage_taken":17,"max_hp_gain":0,"max_hp_loss":0,"event_name":"Shining Light","floor":3,"gold_loss":0,"cards_upgraded":["construct:Defend_Gold","construct:Defend_Gold"]},{"cards_removed":["construct:Strike_Gold"],"damage_healed":0,"gold_gain":0,"player_choice":"Card Removal","damage_taken":7,"max_hp_gain":0,"max_hp_loss":0,"event_name":"Golden Wing","floor":4,"gold_loss":0}],"is_beta":false,"boss_relics":[{"not_picked":["Runic Dome","Fusion Hammer"],"picked":"Calling Bell"}],"items_purged_floors":[],"is_endless":false,"potions_floor_spawned":[11,13,14],"killed_by":"Chosen","ascension_level":0}}