{"host":"39erygfi9n0tobyn","time":1612027442,"event":{"mods":["2.2 Compatiblity","BaseMod","Bestiary","Colored Map","Colored Powertips","Curses Come First","Highlight Path","Keyboard Shortcuts","Minty Spire (QoL Compilation)","Relic Stats","StSLib","SuperFastMode"],"gold_per_floor":[119,119,119,43,62,62,97,97,124,199,233,233,252,263,263,365,365,385,56,56,90,15,50,62,101,113,125,137,169,181,193,205,217,217],"floor_reached":33,"language":"ENG","playtime":1189,"items_purged":["Doubt"],"score":287,"play_id":"ab6d2cd9-e1ee-4c1f-a5ea-3a5d72558c84","local_time":"20210130142402","is_ascension_mode":false,"campfire_choices":[{"data":"Neutralize","floor":6,"key":"SMITH"},{"data":"Dagger Throw","floor":8,"key":"SMITH"},{"floor":12,"key":"REST"},{"floor":15,"key":"REST"},{"floor":24,"key":"REST"},{"floor":28,"key":"REST"},{"floor":32,"key":"REST"}],"circlet_count":0,"master_deck":["Strike_G+1","Strike_G+1","Strike_G+1","Strike_G+1","Strike_G+1","Defend_G+1","Defend_G+1","Defend_G+1","Defend_G+1","Survivor","Neutralize+1","Flying Knee","Slice","Backflip","Blade Dance","Dagger Throw+1","Decay","Adrenaline","Quick Slash","Dagger Throw","Bullet Time","Escape Plan","Caltrops","Dodge and Roll","All Out Attack","Bouncing Flask","Pain","Poisoned Stab"],"relics":["Cursed Key","Ninja Scroll","Toy Ornithopter","Vajra","Oddly Smooth Stone","SlaversCollar","TungstenRod","White Beast Statue","Red Mask","MawBank","The Specimen","Orichalcum"],"acts_visited":["Exordium","TheCity"],"potions_floor_usage":[21,23,23,33,33,33],"damage_taken":[{"damage":0,"enemies":"2 Louse","floor":1,"turns":3},{"damage":0,"enemies":"Jaw Worm","floor":5,"turns":3},{"damage":7,"enemies":"Gremlin Nob","floor":7,"turns":4},{"damage":22,"enemies":"Lagavulin","floor":11,"turns":6},{"damage":0,"enemies":"Small Slimes","floor":13,"turns":2},{"damage":0,"enemies":"2 Fungi Beasts","floor":14,"turns":1},{"damage":9,"enemies":"Hexaghost","floor":16,"turns":9},{"damage":20,"enemies":"2 Thieves","floor":18,"turns":4},{"damage":15,"enemies":"Masked Bandits","floor":21,"turns":4},{"damage":29,"enemies":"Slavers","floor":23,"turns":7},{"damage":58,"enemies":"Gremlin Leader","floor":25,"turns":10},{"damage":0,"enemies":"Chosen","floor":29,"turns":3},{"damage":98,"enemies":"Collector","floor":33,"turns":11}],"seed_played":"-6058520102146885297","potions_obtained":[{"floor":13,"key":"Weak Potion"},{"floor":14,"key":"Swift Potion"},{"floor":16,"key":"SkillPotion"},{"floor":18,"key":"LiquidMemories"},{"floor":21,"key":"Regen Potion"},{"floor":23,"key":"FairyPotion"},{"floor":25,"key":"Block Potion"},{"floor":29,"key":"SteroidPotion"}],"is_trial":false,"path_per_floor":["M","?","T","$","M","R","E","R","T","?","E","R","M","M","R","B",null,"M","$","?","?","$","E","R","E","T","?","R","M","?","?","R","B"],"character_chosen":"THE_SILENT","items_purchased":["Slice","Backflip","TungstenRod","Caltrops"],"campfire_rested":5,"item_purchase_floors":[4,4,19,19],"current_hp_per_floor":[70,63,63,63,63,63,56,56,56,45,23,44,44,44,65,56,70,50,50,50,40,40,33,54,21,21,21,42,42,42,42,63,0,0],"gold":217,"neow_bonus":"BOSS_RELIC","is_daily":false,"chose_seed":false,"campfire_upgraded":2,"win_rate":0.0,"timestamp":1612027442,"path_taken":["M","?","?","$","M","R","E","R","T","?","E","R","M","M","R","BOSS","M","$","?","?","$","E","R","E","T","?","R","M","?","?","R","BOSS"],"items_purchased_type":["Card","Card","Relic","Card"],"build_version":"2020-12-22","purchased_purges":1,"victory":false,"max_hp_per_floor":[70,70,70,70,70,70,70,70,70,70,70,70,70,70,70,70,70,70,70,70,70,70,70,70,70,70,70,70,70,70,70,70,70,70],"relic_stats":{"counters":[13,67],"Orichalcum":[6],"Cursed Key":3,"MawBank":120,"obtain_stats":[{"The Specimen":25,"Vajra":9,"Oddly Smooth Stone":11,"Orichalcum":26,"Cursed Key":0,"MawBank":23,"White Beast Statue":20,"SlaversCollar":17,"Ninja Scroll":3,"Red Mask":21,"Toy Ornithopter":7,"TungstenRod":19,"Ring of the Snake":0},{"The Specimen":11,"Vajra":3,"Oddly Smooth Stone":4,"Orichalcum":11,"Cursed Key":0,"MawBank":10,"White Beast Statue":8,"SlaversCollar":7,"Ninja Scroll":1,"Red Mask":9,"Toy Ornithopter":3,"TungstenRod":8,"Ring of the Snake":0},{"The Specimen":53,"Vajra":10,"Oddly Smooth Stone":16,"Orichalcum":53,"Cursed Key":0,"MawBank":43,"White Beast Statue":32,"SlaversCollar":28,"Ninja Scroll":3,"Red Mask":36,"Toy Ornithopter":10,"TungstenRod":32,"Ring of the Snake":0}],"Toy Ornithopter":30,"TungstenRod":34},"card_choices":[{"not_picked":["Dagger Spray","Escape Plan"],"picked":"Flying Knee","floor":1},{"not_picked":["Predator","Acrobatics"],"picked":"Blade Dance","floor":5},{"not_picked":["Blade Dance","Underhanded Strike"],"picked":"Dagger Throw","floor":7},{"not_picked":["Blade Dance","Slice"],"picked":"Adrenaline","floor":11},{"not_picked":["Dodge and Roll","Dagger Throw"],"picked":"Quick Slash","floor":13},{"not_picked":["Blade Dance","Backflip"],"picked":"Dagger Throw","floor":14},{"not_picked":["Night Terror","Glass Knife"],"picked":"Bullet Time","floor":16},{"not_picked":["Dagger Spray","Blade Dance"],"picked":"Escape Plan","floor":18},{"not_picked":["Slice+1","Blade Dance"],"picked":"Dodge and Roll","floor":21},{"not_picked":["Deadly Poison","Acrobatics"],"picked":"All Out Attack","floor":23},{"not_picked":["Skewer","Acrobatics"],"picked":"Bouncing Flask","floor":25},{"not_picked":["Dagger Throw+1","Flechettes"],"picked":"Poisoned Stab","floor":29}],"player_experience":70514,"relics_obtained":[{"floor":3,"key":"Ninja Scroll"},{"floor":7,"key":"Toy Ornithopter"},{"floor":9,"key":"Vajra"},{"floor":11,"key":"Oddly Smooth Stone"},{"floor":21,"key":"Red Mask"},{"floor":23,"key":"MawBank"},{"floor":25,"key":"The Specimen"},{"floor":26,"key":"Orichalcum"}],"event_choices":[{"cards_removed":["Defend_G"],"damage_healed":0,"gold_gain":0,"player_choice":"Card Removal","damage_taken":7,"max_hp_gain":0,"max_hp_loss":0,"event_name":"Golden Wing","floor":2,"gold_loss":0},{"damage_healed":0,"gold_gain":75,"player_choice":"Gather Gold","damage_taken":11,"max_hp_gain":0,"max_hp_loss":0,"event_name":"World of Goop","floor":10,"gold_loss":0},{"damage_healed":0,"gold_gain":0,"player_choice":"Opened","damage_taken":0,"relics_obtained":["White Beast Statue"],"max_hp_gain":0,"max_hp_loss":0,"event_name":"The Mausoleum","floor":20,"gold_loss":0},{"damage_healed":0,"gold_gain":0,"player_choice":"Fought Bandits","damage_taken":0,"max_hp_gain":0,"max_hp_loss":0,"event_name":"Masked Bandits","floor":21,"gold_loss":0},{"damage_healed":0,"gold_gain":0,"player_choice":"Ignored","damage_taken":0,"max_hp_gain":0,"max_hp_loss":0,"event_name":"Ghosts","floor":27,"gold_loss":0},{"damage_healed":0,"gold_gain":0,"player_choice":"Simplicity","damage_taken":0,"max_hp_gain":0,"max_hp_loss":0,"event_name":"Back to Basics","floor":30,"gold_loss":0,"cards_upgraded":["Strike_G","Strike_G","Strike_G","Strike_G","Strike_G","Defend_G","Defend_G","Defend_G","Defend_G"]},{"damage_healed":0,"gold_gain":0,"player_choice":"Ignored","damage_taken":0,"max_hp_gain":0,"max_hp_loss":0,"event_name":"Vampires","floor":31,"gold_loss":0}],"is_beta":false,"boss_relics":[{"not_picked":["Runic Dome","HoveringKite"],"picked":"SlaversCollar"}],"items_purged_floors":[22],"is_endless":false,"potions_floor_spawned":[13,14,16,18,21,23,25,29],"killed_by":"Collector","ascension_level":0}}