{"host":"pi8b3ffzwvxqztac","time":1612040282,"event":{"mods":["BaseMod","Colored Map","Custom Start","Downfall","Minty Spire (QoL Compilation)","StSLib"],"gold_per_floor":[119,119,135,145,245,245,257,257,280,308,269,295,306,306,306,406,406,416,416,427,440,440,440,474,474,474,474,494,36,66,79,79,176,176,188,205,218,72,117,117,152,152,152,163,197,197,207,207,207,207],"floor_reached":51,"language":"ENG","playtime":2029,"items_purged":["downfall:Bewildered"],"score":1413,"play_id":"c28ad659-740e-4475-a7f6-38745d2fbd63","local_time":"20210131095802","daily_mods":["Uncertain Future"],"is_ascension_mode":true,"campfire_choices":[{"data":"Cloak And Dagger","floor":6,"key":"SMITH"},{"data":"Cloak And Dagger","floor":8,"key":"SMITH"},{"data":"A Thousand Cuts","floor":15,"key":"SMITH"},{"data":"Accuracy","floor":23,"key":"SMITH"},{"data":"Blade Dance","floor":25,"key":"SMITH"},{"data":"Acrobatics","floor":32,"key":"SMITH"},{"data":"Cloak And Dagger","floor":40,"key":"SMITH"},{"data":"Cloak And Dagger","floor":46,"key":"SMITH"},{"data":"Accuracy","floor":49,"key":"SMITH"}],"circlet_count":0,"master_deck":["Cloak And Dagger+1","Cloak And Dagger+1","Cloak And Dagger+1","Cloak And Dagger+1","Blade Dance+1","Blade Dance","Blade Dance","Blade Dance","Rage+1","Rage+1","Acrobatics+1","Backflip","Accuracy+1","A Thousand Cuts+1","Acrobatics","Blur+1","Bullet Time+1","Backflip+1","Infinite Blades","Accuracy+1","Blade Dance+1","Rage+1"],"relics":["Ring of the Snake","Kunai","Shuriken","Centennial Puzzle","hexamod:BolsterEngine","Juzu Bracelet","Pandora\u0027s Box","sneckomod:BabySnecko","Potion Belt","Bottled Lightning","Toxic Egg 2","Strawberry","Slimebound:PreparedRelic","WristBlade","Pocketwatch","Question Card","White Beast Statue","Shovel"],"acts_visited":["Exordium","TheCity","TheBeyond"],"potions_floor_usage":[27,28,28,28,28,28,28,30,31,31,35,44,45,45,50,50,50,50],"damage_taken":[{"damage":0,"enemies":"Cultist","floor":1,"turns":2},{"damage":0,"enemies":"Jaw Worm","floor":3,"turns":1},{"damage":0,"enemies":"Small Slimes","floor":4,"turns":2},{"damage":0,"enemies":"3 Louse","floor":7,"turns":2},{"damage":0,"enemies":"3 Sentries","floor":10,"turns":3},{"damage":0,"enemies":"Gremlin Nob","floor":12,"turns":2},{"damage":0,"enemies":"2 Fungi Beasts","floor":13,"turns":1},{"damage":0,"enemies":"Slime Boss","floor":16,"turns":4},{"damage":0,"enemies":"Spheric Guardian","floor":18,"turns":3},{"damage":0,"enemies":"3 Byrds","floor":20,"turns":3},{"damage":0,"enemies":"Cultist and Chosen","floor":21,"turns":3},{"damage":0,"enemies":"Book of Stabbing","floor":24,"turns":4},{"damage":0,"enemies":"Snecko","floor":28,"turns":3},{"damage":16,"enemies":"Gremlin Leader","floor":30,"turns":5},{"damage":7,"enemies":"Shelled Parasite and Fungi","floor":31,"turns":4},{"damage":0,"enemies":"Champ","floor":33,"turns":6},{"damage":18,"enemies":"3 Darklings","floor":35,"turns":3},{"damage":0,"enemies":"Orb Walker","floor":36,"turns":3},{"damage":0,"enemies":"Spire Growth","floor":37,"turns":2},{"damage":0,"enemies":"2 Orb Walkers","floor":39,"turns":2},{"damage":0,"enemies":"Giant Head","floor":41,"turns":4},{"damage":0,"enemies":"Sphere and 2 Shapes","floor":44,"turns":3},{"damage":7,"enemies":"Reptomancer","floor":45,"turns":4},{"damage":0,"enemies":"Transient","floor":47,"turns":5},{"damage":0,"enemies":"Donu and Deca","floor":50,"turns":3}],"seed_played":"-3280053521761681363","potions_obtained":[{"floor":7,"key":"SkillPotion"},{"floor":12,"key":"hexamod:SoulburnPotion"},{"floor":20,"key":"EssenceOfSteel"},{"floor":27,"key":"Fruit Juice"},{"floor":27,"key":"Poison Potion"},{"floor":27,"key":"EntropicBrew"},{"floor":28,"key":"FairyPotion"},{"floor":30,"key":"Regen Potion"},{"floor":31,"key":"Fruit Juice"},{"floor":33,"key":"SkillPotion"},{"floor":39,"key":"Weak Potion"},{"floor":44,"key":"Swift Potion"},{"floor":45,"key":"SkillPotion"},{"floor":47,"key":"Slimebound:ThreeZeroPotion"}],"is_trial":true,"path_per_floor":["M","?","M","M","?","R","M","R","T","E","$","E","M","?","R","B",null,"M","?","M","M","?","R","E","R","T","?","M","$","E","M","R","B",null,"M","M","M","$","?","R","E","$","T","M","E","R","M","?","R","B",null],"character_chosen":"THE_SILENT","items_purchased":["Accuracy","Acrobatics","Toxic Egg 2","Strawberry","Infinite Blades"],"campfire_rested":0,"item_purchase_floors":[11,29,29,29,38],"current_hp_per_floor":[70,56,56,56,56,56,56,56,56,56,56,56,56,56,56,56,67,67,67,67,67,67,67,67,67,67,72,72,79,63,73,73,73,84,66,66,66,66,66,66,66,66,66,66,59,59,59,59,59,59],"gold":207,"neow_bonus":"","is_daily":false,"chose_seed":false,"campfire_upgraded":9,"win_rate":0.0,"timestamp":1612040282,"path_taken":["M","?","M","M","?","R","M","R","T","E","$","E","M","?","R","BOSS","M","?","M","M","?","R","E","R","T","?","M","$","E","M","R","BOSS","M","M","M","?","?","R","E","$","T","M","E","R","M","?","R","BOSS"],"items_purchased_type":["Card","Card","Relic","Relic","Card"],"build_version":"2020-12-22","purchased_purges":1,"victory":true,"max_hp_per_floor":[70,70,70,70,70,70,70,70,70,70,70,70,70,70,70,70,70,70,70,70,70,70,70,70,70,70,75,75,82,82,87,87,87,87,87,87,87,87,87,87,87,87,87,87,87,87,87,87,87,87],"card_choices":[{"not_picked":["Deflect","All Out Attack"],"picked":"Acrobatics","floor":1},{"not_picked":["Flying Knee","Cloak And Dagger"],"picked":"Backflip","floor":3},{"not_picked":["Dagger Spray","Expertise","Die Die Die"],"picked":"SKIP","floor":4},{"not_picked":["Poisoned Stab","Blade Dance","Quick Slash"],"picked":"SKIP","floor":7},{"not_picked":["Bane","PiercingWail","Flechettes"],"picked":"SKIP","floor":10},{"not_picked":["Slice","Backflip"],"picked":"A Thousand Cuts","floor":12},{"not_picked":["Slice","Blade Dance","Prepared"],"picked":"SKIP","floor":13},{"not_picked":["Slice","Endless Agony+1","PiercingWail"],"picked":"SKIP","floor":18},{"not_picked":["Choke","Quick Slash","Cloak And Dagger"],"picked":"SKIP","floor":20},{"not_picked":["Slice","Heel Hook","Dodge and Roll+1"],"picked":"SKIP","floor":21},{"not_picked":["PiercingWail+1","Dodge and Roll","Reflex"],"picked":"SKIP","floor":24},{"not_picked":["Poisoned Stab","Flying Knee","Phantasmal Killer"],"picked":"SKIP","floor":28},{"not_picked":["Bouncing Flask+1","Glass Knife"],"picked":"Blur+1","floor":30},{"not_picked":["Underhanded Strike","PiercingWail+1","Caltrops"],"picked":"SKIP","floor":31},{"not_picked":["Doppelganger+1","Tools of the Trade"],"picked":"Bullet Time+1","floor":33},{"not_picked":["Dodge and Roll+1","Bane+1","Quick Slash+1"],"picked":"SKIP","floor":35},{"not_picked":["Skewer","Dagger Spray"],"picked":"Backflip+1","floor":36},{"not_picked":["Reflex+1","PiercingWail+1","Calculated Gamble+1"],"picked":"SKIP","floor":37},{"not_picked":["Outmaneuver+1","Dash+1"],"picked":"Accuracy","floor":41},{"not_picked":["Dodge and Roll+1","Expertise+1","Dagger Throw","Slice+1"],"picked":"SKIP","floor":44},{"not_picked":["Underhanded Strike","Slice","PiercingWail+1","Backflip+1"],"picked":"SKIP","floor":45},{"not_picked":["Eviscerate+1","Calculated Gamble+1","Accuracy"],"picked":"Blade Dance+1","floor":47}],"player_experience":671854,"relics_obtained":[{"floor":9,"key":"Centennial Puzzle"},{"floor":10,"key":"hexamod:BolsterEngine"},{"floor":12,"key":"Juzu Bracelet"},{"floor":24,"key":"Potion Belt"},{"floor":26,"key":"Bottled Lightning"},{"floor":30,"key":"Slimebound:PreparedRelic"},{"floor":39,"key":"Pocketwatch"},{"floor":41,"key":"Question Card"},{"floor":43,"key":"White Beast Statue"},{"floor":45,"key":"Shovel"}],"event_choices":[{"damage_healed":0,"gold_gain":0,"player_choice":"Entered Light","damage_taken":14,"max_hp_gain":0,"max_hp_loss":0,"event_name":"Shining Light","floor":2,"gold_loss":0,"cards_upgraded":["Rage","Rage"]},{"damage_healed":0,"gold_gain":100,"player_choice":"Pray","damage_taken":0,"max_hp_gain":0,"max_hp_loss":0,"event_name":"Golden Shrine","floor":5,"gold_loss":0},{"damage_healed":0,"gold_gain":0,"player_choice":"Leave","damage_taken":0,"max_hp_gain":0,"max_hp_loss":0,"event_name":"The Cleric","floor":14,"gold_loss":0},{"damage_healed":0,"gold_gain":0,"player_choice":"Got Potions","damage_taken":0,"max_hp_gain":0,"max_hp_loss":0,"event_name":"Lab","floor":27,"gold_loss":0},{"damage_healed":0,"gold_gain":0,"player_choice":"Fight","damage_taken":0,"max_hp_gain":0,"max_hp_loss":0,"event_name":"Mysterious Sphere","floor":39,"gold_loss":0},{"damage_healed":0,"gold_gain":0,"player_choice":"Copied","damage_taken":0,"max_hp_gain":0,"max_hp_loss":0,"event_name":"Duplicator","floor":48,"gold_loss":0,"cards_obtained":["Rage"]}],"is_beta":false,"boss_relics":[{"not_picked":["Astrolabe","Ectoplasm"],"picked":"Pandora\u0027s Box"},{"not_picked":["Runic Pyramid","Velvet Choker"],"picked":"WristBlade"}],"items_purged_floors":[38],"is_endless":false,"potions_floor_spawned":[7,12,20,28,30,31,33,39,44,45,47],"ascension_level":5}}