{"host":"gcl0wx4kxpuh49bt","time":1612000185,"event":{"mods":["AchievementEnabler","BaseMod","DeckTracker","Minty Spire (QoL Compilation)","StSLib"],"gold_per_floor":[116,66,85,98,108,108,119,144,144,159,84,84,16,29,29,133,133,144,158,158,170,170,170],"floor_reached":22,"language":"KOR","playtime":1148,"items_purged":["Defend_G"],"score":238,"play_id":"b96bf271-28b4-41af-8626-6487e4275f1a","local_time":"20210130184945","is_ascension_mode":true,"campfire_choices":[{"floor":6.0,"key":"REST"},{"floor":12,"key":"REST"},{"data":"Noxious Fumes","floor":15,"key":"SMITH"}],"circlet_count":0,"master_deck":["Strike_G","Strike_G","Strike_G","Strike_G","Defend_G","Defend_G","Defend_G","Defend_G","Survivor","Neutralize","Underhanded Strike","Flying Knee","Deadly Poison","Backstab","Poisoned Stab","Blur","Dagger Throw","Noxious Fumes+1","Dagger Throw","Burst","Dagger Spray","Backflip","Well Laid Plans"],"relics":["HoveringKite","Art of War","Pantograph","Black Star"],"acts_visited":["Exordium","TheCity"],"potions_floor_usage":[8,16,16,19,19],"damage_taken":[{"damage":3.0,"enemies":"2 Louse","floor":1.0,"turns":4.0},{"damage":1.0,"enemies":"Cultist","floor":3.0,"turns":5.0},{"damage":9.0,"enemies":"Jaw Worm","floor":4.0,"turns":4.0},{"damage":31.0,"enemies":"3 Louse","floor":5.0,"turns":6.0},{"damage":4.0,"enemies":"Blue Slaver","floor":7.0,"turns":4.0},{"damage":31,"enemies":"Gremlin Nob","floor":8,"turns":4},{"damage":0,"enemies":"Large Slime","floor":10,"turns":5},{"damage":2,"enemies":"2 Fungi Beasts","floor":14,"turns":3},{"damage":22,"enemies":"Hexaghost","floor":16,"turns":7},{"damage":25,"enemies":"Spheric Guardian","floor":18,"turns":6},{"damage":4,"enemies":"Chosen","floor":19,"turns":3},{"damage":25,"enemies":"Shelled Parasite and Fungi","floor":21,"turns":6},{"damage":11,"enemies":"3 Cultists","floor":22,"turns":3}],"seed_played":"-6792415087625776095","potions_obtained":[{"floor":3.0,"key":"SpeedPotion"},{"floor":4.0,"key":"ColorlessPotion"},{"floor":5.0,"key":"Swift Potion"},{"floor":14,"key":"LiquidMemories"},{"floor":18,"key":"Fire Potion"},{"floor":19,"key":"PowerPotion"},{"floor":20,"key":"CultistPotion"},{"floor":20,"key":"GamblersBrew"}],"is_trial":false,"path_per_floor":["M","?","M","M","M","R","M","E","T","M","$","R","$","M","R","B",null,"M","M","?","M","M"],"character_chosen":"THE_SILENT","items_purchased":["Noxious Fumes"],"campfire_rested":2,"item_purchase_floors":[13],"current_hp_per_floor":[67,67,66,57,26,47,43,12,12,12,12,33,33,31,31,34,61,36,32,32,7,0,0],"gold":170,"neow_bonus":"BOSS_RELIC","is_daily":false,"chose_seed":false,"campfire_upgraded":1,"win_rate":0.0,"timestamp":1612000185,"path_taken":["M","?","M","M","M","R","M","E","T","M","$","R","$","M","R","BOSS","M","M","?","M","?"],"items_purchased_type":["Card"],"build_version":"2020-12-22","purchased_purges":1,"victory":false,"max_hp_per_floor":[70,70,70,70,70,70,70,70,70,70,70,70,70,70,70,70,70,70,70,70,70,70,70],"card_choices":[{"not_picked":["Dash","Dodge and Roll"],"picked":"Underhanded Strike","floor":1.0},{"not_picked":["Leg Sweep","Backflip"],"picked":"Flying Knee","floor":3.0},{"not_picked":["PiercingWail","Heel Hook"],"picked":"Deadly Poison","floor":4.0},{"not_picked":["Adrenaline","Expertise"],"picked":"Backstab","floor":5.0},{"not_picked":["Deadly Poison","Deflect"],"picked":"Poisoned Stab","floor":7.0},{"not_picked":["Skewer","Riddle With Holes"],"picked":"Blur","floor":8},{"not_picked":["Masterful Stab","Backflip"],"picked":"Dagger Throw","floor":10},{"not_picked":["Terror","Concentrate"],"picked":"Dagger Throw","floor":14},{"not_picked":["Tools of the Trade","Phantasmal Killer"],"picked":"Burst","floor":16},{"not_picked":["Dodge and Roll","Underhanded Strike+1"],"picked":"Dagger Spray","floor":18},{"not_picked":["Slice","Bane+1"],"picked":"Backflip","floor":19},{"not_picked":["Prepared","Poisoned Stab"],"picked":"Well Laid Plans","floor":21}],"player_experience":161810,"relics_obtained":[{"floor":8,"key":"Art of War"},{"floor":9,"key":"Pantograph"}],"event_choices":[{"cards_removed":["Strike_G"],"damage_healed":0.0,"max_hp_gain":0.0,"max_hp_loss":0.0,"gold_gain":0.0,"event_name":"The Cleric","player_choice":"Card Removal","floor":2.0,"gold_loss":50.0,"damage_taken":0.0},{"damage_healed":0,"gold_gain":0,"player_choice":"Got Potions","damage_taken":0,"max_hp_gain":0,"max_hp_loss":0,"event_name":"Lab","floor":20,"gold_loss":0}],"is_beta":false,"boss_relics":[{"not_picked":["Sozu","Cursed Key"],"picked":"Black Star"}],"items_purged_floors":[11],"is_endless":false,"potions_floor_spawned":[3,4,5,14,18,19],"killed_by":"3 Cultists","ascension_level":5}}