{"host":"qeogwbudlaqzb6hy","time":1612010501,"event":{"mods":["BaseMod","Downfall","Minty Spire (QoL Compilation)","StSLib"],"gold_per_floor":[99,119,139,155,173,173,254,265,294,317,329,359,42,93,104,207,207,107,118,118,118,138,138,138,150,176,176,192,202,202,302,322,422,422,422,438,438,278,328,328,378,378,406,424,459,485,485,501,520,520],"floor_reached":51,"language":"ENG","playtime":2732,"items_purged":["Slimebound:Strike_Slimebound","Slimebound:Defend_Slimebound"],"score":961,"play_id":"5de15ffa-4685-43f1-9b6e-7265d1b7c2fa","local_time":"20210130224141","is_ascension_mode":false,"campfire_choices":[{"data":"Slimebound:TagTeam","floor":1,"key":"SMITH"},{"data":"Slimebound:Split","floor":6,"key":"SMITH"},{"data":"Slimebound:DouseInSlime","floor":18,"key":"SMITH"},{"data":"Slimebound:Teamwork","floor":23,"key":"SMITH"},{"data":"Slimebound:LeadByExample","floor":30,"key":"SMITH"},{"data":"Slimebound:MinionMaster","floor":35,"key":"SMITH"},{"data":"Slimebound:SplitSpecialist","floor":40,"key":"SMITH"},{"data":"Slimebound:Repurpose","floor":42,"key":"SMITH"},{"data":"Slimebound:DuplicatedForm","floor":47,"key":"SMITH"}],"circlet_count":0,"master_deck":["Slimebound:Tackle","Slimebound:Defend_Slimebound","Slimebound:Defend_Slimebound","Slimebound:Defend_Slimebound","Slimebound:Split+1","Slimebound:CorrosiveSpit","Slimebound:TagTeam+1","Slimebound:SplitAcid","Slimebound:PressTheAttack","Slimebound:LivingWall","Slimebound:LeechEnergy","Slimebound:Repurpose+1","Slimebound:LeadByExample+1","Slimebound:DouseInSlime+1","Slimebound:Prepare","Slimebound:GoopSpray","Slimebound:Prepare","Slimebound:Teamwork+1","Slimebound:GoopSpray","Slimebound:Tackle+1","Slimebound:Tackle+1","Slimebound:Tackle+1","Slimebound:Prepare","Slimebound:SplitLeeching","Slimebound:ServeAndProtect+1","Slimebound:DivideAndConquer+1","Slimebound:MinionMaster+1","Slimebound:RollThrough+1","Slimebound:Prepare","Slimebound:SplitBruiser","Slimebound:SplitSpecialist+1","Slimebound:SplitBruiser+1","Slimebound:RainOfGoop+1","Slimebound:DuplicatedForm+1","Slimebound:Schlurp+1"],"relics":["Slimebound:AbsorbEndCombat","Meat on the Bone","MawBank","Slimebound:MaxSlimesRelic","Nunchaku","Snecko Eye","downfall:HeartBlessingGreen","Pocketwatch","Mercury Hourglass","MutagenicStrength","Gambling Chip","Matryoshka","Slimebound:TarBlob","WingedGreaves","Blue Candle","Anchor","Bottled Tornado","InkBottle","Bronze Scales"],"acts_visited":["Exordium","TheCity","TheBeyond"],"potions_floor_usage":[22,31],"damage_taken":[{"damage":4,"enemies":"Cultist","floor":2,"turns":3},{"damage":6,"enemies":"Jaw Worm","floor":3,"turns":2},{"damage":9,"enemies":"Small Slimes","floor":4,"turns":3},{"damage":7,"enemies":"3 Louse","floor":5,"turns":2},{"damage":11,"enemies":"Large Slime","floor":8,"turns":4},{"damage":11,"enemies":"3 Sentries","floor":9,"turns":7},{"damage":14,"enemies":"2 Fungi Beasts","floor":10,"turns":3},{"damage":7,"enemies":"3 Louse","floor":12,"turns":3},{"damage":10,"enemies":"downfall:FleeingMerchant","floor":13,"turns":4},{"damage":6,"enemies":"Exordium Thugs","floor":15,"turns":4},{"damage":3,"enemies":"SI_SHIV_ARCHETYPE","floor":16,"turns":7},{"damage":0,"enemies":"Spheric Guardian","floor":19,"turns":3},{"damage":40,"enemies":"Chosen","floor":22,"turns":5},{"damage":0,"enemies":"Snecko","floor":25,"turns":4},{"damage":5,"enemies":"Gremlin Leader","floor":26,"turns":3},{"damage":0,"enemies":"Sentry and Sphere","floor":28,"turns":3},{"damage":20,"enemies":"Centurion and Healer","floor":29,"turns":2},{"damage":9,"enemies":"Colosseum Nobs","floor":31,"turns":3},{"damage":2,"enemies":"3 Cultists","floor":32,"turns":3},{"damage":0,"enemies":"IC_MUSHROOM_ARCHETYPE","floor":33,"turns":5},{"damage":0,"enemies":"3 Darklings","floor":36,"turns":3},{"damage":5,"enemies":"3 Darklings","floor":37,"turns":3},{"damage":3,"enemies":"downfall:FleeingMerchant","floor":38,"turns":4},{"damage":0,"enemies":"downfall:FleeingMerchant","floor":39,"turns":2},{"damage":0,"enemies":"Giant Head","floor":43,"turns":7},{"damage":0,"enemies":"Orb Walker","floor":44,"turns":2},{"damage":0,"enemies":"Nemesis","floor":45,"turns":4},{"damage":15,"enemies":"Giant Head","floor":46,"turns":6},{"damage":15,"enemies":"Sphere and 2 Shapes","floor":48,"turns":3},{"damage":0,"enemies":"3 Darklings","floor":49,"turns":3},{"damage":60,"enemies":"DF_ARCHETYPE_ORBS","floor":50,"turns":7}],"seed_played":"-3945877615920036931","potions_obtained":[{"floor":3,"key":"Strength Potion"},{"floor":4,"key":"Strength Potion"},{"floor":9,"key":"PowerPotion"},{"floor":25,"key":"GamblersBrew"},{"floor":28,"key":"Regen Potion"},{"floor":37,"key":"AttackPotion"}],"is_trial":false,"path_per_floor":["R","M","M","M","M","R","T","M","E","M","?","M","$","T","M","B",null,"R","M","?","?","M","R","T","M","E","?","M","M","R","?","M","B",null,"R","M","?","$","?","R","T","R","E","M","E","E","R","M","M","B",null],"character_chosen":"SLIMEBOUND","items_purchased":["Slimebound:MaxSlimesRelic","Slimebound:SplitBruiser"],"campfire_rested":0,"item_purchase_floors":[13,38],"current_hp_per_floor":[65,63,57,48,41,41,41,34,37,39,39,34,40,40,40,45,65,65,65,65,65,55,55,55,59,58,58,62,45,45,45,47,55,65,65,65,65,65,65,65,65,65,65,65,65,65,65,65,65,38],"gold":520,"neow_bonus":"ONE_RANDOM_RARE_CARD","is_daily":false,"chose_seed":false,"campfire_upgraded":9,"win_rate":0.0,"timestamp":1612010501,"path_taken":["R","M","M","M","?","R","T","M","E","M","?","M","$","?","M","BOSS","R","M","?","?","M","R","T","M","E","?","M","M","R","?","M","BOSS","R","M","?","$","?","R","T","R","E","?","E","E","R","M","M","BOSS"],"items_purchased_type":["Relic","Card"],"build_version":"2020-12-22","purchased_purges":2,"victory":true,"max_hp_per_floor":[65,65,65,65,65,65,65,65,65,65,65,65,65,65,65,65,65,65,65,65,65,65,65,65,65,65,65,65,65,65,65,65,65,65,65,65,65,65,65,65,65,65,65,65,65,65,65,65,65,65],"card_choices":[{"not_picked":["Slimebound:ComboTackle","Slimebound:SlimeSpikes"],"picked":"Slimebound:SplitAcid","floor":2},{"not_picked":["Slimebound:ViciousTackle","Slimebound:SlimeBrawl"],"picked":"Slimebound:PressTheAttack","floor":3},{"not_picked":["Slimebound:LeechingTouch","Slimebound:ViciousTackle","Slimebound:Dissolve"],"picked":"SKIP","floor":4},{"not_picked":["Slimebound:AcidTongue","Slimebound:ItLooksTasty"],"picked":"Slimebound:LivingWall","floor":5},{"not_picked":["Slimebound:BestDefense","Slimebound:ItLooksTasty"],"picked":"Slimebound:LeechEnergy","floor":8},{"not_picked":["Slimebound:Schlurp","Slimebound:ItLooksTasty"],"picked":"Slimebound:Repurpose","floor":9},{"not_picked":["Slimebound:WasteNot","Slimebound:LeechingTouch"],"picked":"Slimebound:LeadByExample","floor":10},{"not_picked":["Slimebound:LeechingTouch","Slimebound:LeechEnergy"],"picked":"Slimebound:Prepare","floor":12},{"not_picked":["Slimebound:ComboTackle","Slimebound:SamplingLick"],"picked":"Slimebound:GoopSpray","floor":13},{"not_picked":["Slimebound:FinishingTackle","Slimebound:FlameTackle"],"picked":"Slimebound:Prepare","floor":15},{"not_picked":["Slimebound:CheckThePlaybook","Slimebound:SlimeSlap"],"picked":"Slimebound:Teamwork","floor":16},{"not_picked":["Slimebound:LivingWall","Slimebound:Schlurp"],"picked":"Slimebound:GoopSpray","floor":19},{"not_picked":["Slimebound:RollThrough","Slimebound:PressTheAttack","Slimebound:FlameTackle"],"picked":"SKIP","floor":22},{"not_picked":["Slimebound:DisruptingSlam+1","Slimebound:FinishingTackle"],"picked":"Slimebound:Prepare","floor":25},{"not_picked":["Slimebound:SplitMire","Slimebound:TongueLash"],"picked":"Slimebound:SplitLeeching","floor":26},{"not_picked":["Slimebound:FinishingTackle+1","Slimebound:Chomp","Slimebound:MegaLick"],"picked":"SKIP","floor":28},{"not_picked":["Slimebound:CheckThePlaybook","Slimebound:PressTheAttack"],"picked":"Slimebound:ServeAndProtect+1","floor":29},{"not_picked":["Slimebound:Equalize","Slimebound:Gluttony"],"picked":"Slimebound:DivideAndConquer+1","floor":31},{"not_picked":["Slimebound:TongueLash","Slimebound:HauntingLick","Slimebound:GoopSpray"],"picked":"SKIP","floor":32},{"not_picked":["Slimebound:Teamwork","Slimebound:MassFeed"],"picked":"Slimebound:MinionMaster","floor":33},{"not_picked":["Slimebound:Schlurp","Slimebound:ComboTackle+1","Slimebound:LeechEnergy"],"picked":"SKIP","floor":36},{"not_picked":["Slimebound:HauntingLick","Slimebound:ComboTackle"],"picked":"Slimebound:RollThrough+1","floor":37},{"not_picked":["Slimebound:DisruptingSlam","Slimebound:ItLooksTasty"],"picked":"Slimebound:Prepare","floor":38},{"not_picked":["Slimebound:FormOfPuddle","Slimebound:SplitLeeching+1"],"picked":"Slimebound:SplitSpecialist","floor":39},{"not_picked":["Slimebound:Chomp+1","Slimebound:ForwardTackle"],"picked":"Slimebound:SplitBruiser+1","floor":43},{"not_picked":["Slimebound:FlameTackle+1","Slimebound:Prepare+1"],"picked":"Slimebound:RainOfGoop+1","floor":44},{"not_picked":["Slimebound:SplitLeeching+1","Slimebound:TagTeam"],"picked":"Slimebound:DuplicatedForm","floor":45},{"not_picked":["Slimebound:ViciousTackle+1","Slimebound:Prepare","Slimebound:SlimeSpikes+1"],"picked":"SKIP","floor":46},{"not_picked":["Slimebound:Dissolve","Slimebound:SamplingLick+1"],"picked":"Slimebound:Schlurp+1","floor":48},{"not_picked":["Slimebound:Chomp","Slimebound:Schlurp","Slimebound:GoopTackle"],"picked":"SKIP","floor":49}],"player_experience":342285,"relics_obtained":[{"floor":7,"key":"Meat on the Bone"},{"floor":9,"key":"MawBank"},{"floor":14,"key":"Nunchaku"},{"floor":24,"key":"Pocketwatch"},{"floor":26,"key":"Mercury Hourglass"},{"floor":31,"key":"Gambling Chip"},{"floor":31,"key":"Matryoshka"},{"floor":39,"key":"WingedGreaves"},{"floor":41,"key":"Blue Candle"},{"floor":41,"key":"Anchor"},{"floor":43,"key":"Bottled Tornado"},{"floor":45,"key":"InkBottle"},{"floor":46,"key":"Bronze Scales"}],"event_choices":[{"damage_healed":0,"gold_gain":0,"player_choice":"Inject Mutagens","damage_taken":0,"relics_obtained":["MutagenicStrength"],"max_hp_gain":0,"max_hp_loss":0,"event_name":"Drug Dealer","floor":27,"gold_loss":0}],"is_beta":false,"boss_relics":[{"not_picked":["Slimebound:AbsorbEndCombatUpgraded","Runic Pyramid"],"picked":"Snecko Eye"},{"not_picked":["Coffee Dripper","Runic Dome"],"picked":"Slimebound:TarBlob"}],"items_purged_floors":[13,38],"is_endless":false,"potions_floor_spawned":[3,4,9,15,16,19,25,28,29,37,44,45,48],"ascension_level":0}}