{"host":"bxn2em57qlx5u4i0","time":1612005488,"event":{"mods":["BaseMod","Colored Map","Colored Powertips","Highlight Path","Minty Spire (QoL Compilation)","Random Character Button","Relic Sorter","Relic Stats","StSLib","SuperFastMode"],"gold_per_floor":[114,114,114,129,144,144,174,274,324,324,354,369,369,399,399,499,499,514,514,514,529,95,95,20,20,45,45,75,90,90,40,40,140,140,155,15,0,15,30,30,45,45,95,145,175,175,11,26,26,26],"floor_reached":51,"language":"ENG","playtime":1348,"items_purged":["Strike_R","Shame","Strike_R"],"score":784,"play_id":"a52a1cde-3345-463f-9175-f4cc8ee0f291","local_time":"20210130061808","daily_mods":["Specialized","Colorless Cards","Terminal"],"is_ascension_mode":false,"campfire_choices":[{"data":"Bash","floor":6,"key":"SMITH"},{"data":"Twin Strike","floor":10,"key":"SMITH"},{"data":"Pommel Strike","floor":15,"key":"SMITH"},{"data":"Inflame","floor":23,"key":"SMITH"},{"floor":25,"key":"DIG"},{"data":"Berserk","floor":27,"key":"SMITH"},{"data":"Pummel","floor":32,"key":"SMITH"},{"data":"Whirlwind","floor":40,"key":"SMITH"},{"floor":42,"key":"DIG"},{"floor":46,"key":"DIG"},{"floor":49,"key":"DIG"}],"circlet_count":0,"master_deck":["Strike_R","Strike_R","Defend_R+1","Defend_R+1","Defend_R","Defend_R","Bash+1","Flame Barrier","Flame Barrier","Flame Barrier","Flame Barrier","Pommel Strike+1","Pummel+1","Twin Strike+1","Flash of Steel","Berserk+1","Inflame+1","Flash of Steel","Flex+1","Shrug It Off+1","Warcry+1","Whirlwind+1","Panache+1","Pommel Strike"],"relics":["Burning Blood","Potion Belt","Smiling Mask","Juzu Bracelet","HornCleat","PreservedInsect","Coffee Dripper","MutagenicStrength","Shovel","Charon\u0027s Ashes","Bag of Preparation","Pear","Strawberry","SacredBark","Red Mask","Frozen Egg 2","War Paint","Gambling Chip","Vajra","CeramicFish","ClockworkSouvenir","Bottled Flame"],"acts_visited":["Exordium","TheCity","TheBeyond"],"potions_floor_usage":[11,16,33,33,39,50,50,50,50,50,50,50,50,50,50,50,50,50],"damage_taken":[{"damage":0,"enemies":"Cultist","floor":1,"turns":4},{"damage":8,"enemies":"Jaw Worm","floor":4,"turns":6},{"damage":0,"enemies":"Small Slimes","floor":5,"turns":3},{"damage":1,"enemies":"3 Sentries","floor":7,"turns":15},{"damage":15,"enemies":"Lagavulin","floor":11,"turns":7},{"damage":4,"enemies":"Exordium Wildlife","floor":12,"turns":6},{"damage":7,"enemies":"Gremlin Nob","floor":14,"turns":4},{"damage":5,"enemies":"Hexaghost","floor":16,"turns":8},{"damage":0,"enemies":"3 Byrds","floor":18,"turns":3},{"damage":8,"enemies":"Shell Parasite","floor":21,"turns":4},{"damage":0,"enemies":"Book of Stabbing","floor":28,"turns":4},{"damage":0,"enemies":"Cultist and Chosen","floor":29,"turns":4},{"damage":46,"enemies":"Champ","floor":33,"turns":12},{"damage":1,"enemies":"3 Shapes","floor":35,"turns":2},{"damage":0,"enemies":"3 Darklings","floor":38,"turns":3},{"damage":14,"enemies":"Maw","floor":39,"turns":7},{"damage":14,"enemies":"Writhing Mass","floor":41,"turns":5},{"damage":0,"enemies":"Mind Bloom Boss Battle","floor":44,"turns":3},{"damage":0,"enemies":"Reptomancer","floor":45,"turns":2},{"damage":11,"enemies":"4 Shapes","floor":48,"turns":5},{"damage":38,"enemies":"Awakened One","floor":50,"turns":4}],"seed_played":"-828330817948855686","potions_obtained":[{"floor":4,"key":"AttackPotion"},{"floor":11,"key":"CultistPotion"},{"floor":12,"key":"EntropicBrew"},{"floor":13,"key":"CultistPotion"},{"floor":13,"key":"Regen Potion"},{"floor":13,"key":"EntropicBrew"},{"floor":14,"key":"DuplicationPotion"},{"floor":18,"key":"AttackPotion"},{"floor":33,"key":"PowerPotion"},{"floor":38,"key":"Fruit Juice"},{"floor":39,"key":"BlessingOfTheForge"}],"is_trial":false,"path_per_floor":["M","?","?","M","M","R","E","?","T","R","E","M","?","E","R","B",null,"M","?","?","M","$","R","?","R","T","R","E","M","?","$","R","B",null,"M","$","?","M","M","R","M","R","T","?","E","R","$","M","R","B",null],"character_chosen":"IRONCLAD","items_purchased":["Shovel","Flash of Steel","Whirlwind","Strength Potion","ClockworkSouvenir","Pommel Strike"],"campfire_rested":0,"item_purchase_floors":[22,22,36,36,47,47],"current_hp_per_floor":[78,82,81,79,79,78,77,76,75,74,65,67,67,66,66,67,67,66,65,64,62,62,61,60,59,58,57,66,65,71,70,69,29,67,66,65,64,63,65,65,57,57,57,63,66,65,64,59,59,27],"gold":26,"neow_bonus":"","is_daily":true,"chose_seed":false,"campfire_upgraded":7,"win_rate":0.0,"timestamp":1612005488,"path_taken":["M","?","?","M","?","R","E","?","T","R","E","M","?","E","R","BOSS","M","?","?","M","?","R","?","R","T","R","E","M","?","$","R","BOSS","M","$","?","M","M","R","M","R","T","?","E","R","$","M","R","BOSS"],"items_purchased_type":["Relic","Card","Card","Potion","Relic","Card"],"build_version":"2020-12-22","purchased_purges":3,"victory":true,"max_hp_per_floor":[78,82,81,80,79,78,77,76,75,74,73,72,71,70,69,68,67,66,65,64,63,62,61,60,59,58,57,66,65,71,70,69,68,67,66,65,64,63,72,71,70,69,68,67,66,65,64,63,62,61],"relic_stats":{"Shovel":4,"counters":[21,111],"Gambling Chip":[4],"CeramicFish":9,"PreservedInsect":98,"Charon\u0027s Ashes":[144],"Juzu Bracelet":2,"Bag of Preparation":[22],"War Paint":["Defend_R","Defend_R"],"Smiling Mask":150,"obtain_stats":[{"Potion Belt":3,"Pear":28,"SacredBark":34,"CeramicFish":46,"Vajra":45,"PreservedInsect":14,"Charon\u0027s Ashes":25,"Juzu Bracelet":9,"Bag of Preparation":26,"Frozen Egg 2":42,"War Paint":43,"Smiling Mask":7,"Burning Blood":0,"ClockworkSouvenir":47,"Bottled Flame":49,"HornCleat":11,"Shovel":22,"MutagenicStrength":19,"Strawberry":30,"Gambling Chip":44,"Coffee Dripper":17,"Red Mask":37},{"Potion Belt":1,"Pear":11,"SacredBark":13,"CeramicFish":19,"Vajra":19,"PreservedInsect":7,"Charon\u0027s Ashes":10,"Juzu Bracelet":4,"Bag of Preparation":10,"Frozen Egg 2":17,"War Paint":17,"Smiling Mask":4,"Burning Blood":0,"ClockworkSouvenir":19,"Bottled Flame":20,"HornCleat":5,"Shovel":10,"MutagenicStrength":9,"Strawberry":12,"Gambling Chip":18,"Coffee Dripper":8,"Red Mask":14},{"Potion Belt":4,"Pear":64,"SacredBark":80,"CeramicFish":102,"Vajra":102,"PreservedInsect":45,"Charon\u0027s Ashes":60,"Juzu Bracelet":28,"Bag of Preparation":60,"Frozen Egg 2":97,"War Paint":97,"Smiling Mask":28,"Burning Blood":0,"ClockworkSouvenir":102,"Bottled Flame":107,"HornCleat":35,"Shovel":60,"MutagenicStrength":56,"Strawberry":68,"Gambling Chip":100,"Coffee Dripper":53,"Red Mask":82}],"Burning Blood":79},"card_choices":[{"not_picked":["Uppercut","Flex"],"picked":"Pommel Strike","floor":1},{"not_picked":["Clothesline","Searing Blow"],"picked":"Pummel","floor":4},{"not_picked":["Body Slam","Hemokinesis","Headbutt"],"picked":"SKIP","floor":5},{"not_picked":["Thunderclap","Panacea"],"picked":"Twin Strike","floor":7},{"not_picked":["Headbutt","Flex","Mind Blast"],"picked":"SKIP","floor":11},{"not_picked":["Cleave","Armaments","Panacea"],"picked":"SKIP","floor":12},{"not_picked":["Wild Strike","Ghostly Armor"],"picked":"Flash of Steel","floor":14},{"not_picked":["Brutality","Bludgeon"],"picked":"Berserk","floor":16},{"not_picked":["Warcry","Clothesline"],"picked":"Inflame","floor":18},{"not_picked":["Clash","Searing Blow+1","Clothesline"],"picked":"SKIP","floor":21},{"not_picked":["Shrug It Off","Thunderclap"],"picked":"Flex+1","floor":28},{"not_picked":["Power Through","Sentinel+1"],"picked":"Shrug It Off+1","floor":29},{"not_picked":["Impatience+1","Body Slam"],"picked":"Warcry+1","floor":35},{"not_picked":["Discovery","Armaments","Perfected Strike"],"picked":"SKIP","floor":38},{"not_picked":["Combust","PanicButton","Impatience+1"],"picked":"SKIP","floor":39},{"not_picked":["Clothesline+1","Pommel Strike","Anger"],"picked":"SKIP","floor":41},{"not_picked":["Armaments+1","Rampage"],"picked":"Panache+1","floor":44},{"not_picked":["Good Instincts+1","Havoc+1","Clothesline+1"],"picked":"SKIP","floor":45},{"not_picked":["Iron Wave+1","Sword Boomerang+1","Reckless Charge"],"picked":"SKIP","floor":48}],"player_experience":2963563,"relics_obtained":[{"floor":7,"key":"Smiling Mask"},{"floor":9,"key":"Juzu Bracelet"},{"floor":11,"key":"HornCleat"},{"floor":14,"key":"PreservedInsect"},{"floor":25,"key":"Charon\u0027s Ashes"},{"floor":26,"key":"Bag of Preparation"},{"floor":28,"key":"Pear"},{"floor":42,"key":"Frozen Egg 2"},{"floor":43,"key":"War Paint"},{"floor":44,"key":"Gambling Chip"},{"floor":45,"key":"Vajra"},{"floor":46,"key":"CeramicFish"},{"floor":49,"key":"Bottled Flame"}],"event_choices":[{"damage_healed":0,"gold_gain":0,"player_choice":"Donut","damage_taken":0,"max_hp_gain":5,"max_hp_loss":0,"event_name":"Big Fish","floor":2,"gold_loss":0},{"cards_removed":["Flame Barrier"],"damage_healed":0,"gold_gain":0,"player_choice":"Gave Card","damage_taken":0,"relics_obtained":["Potion Belt"],"max_hp_gain":0,"max_hp_loss":0,"event_name":"WeMeetAgain","floor":3,"gold_loss":0},{"damage_healed":0,"gold_gain":100,"player_choice":"Pray","damage_taken":0,"max_hp_gain":0,"max_hp_loss":0,"event_name":"Golden Shrine","floor":8,"gold_loss":0},{"damage_healed":0,"gold_gain":0,"player_choice":"Got Potions","damage_taken":0,"max_hp_gain":0,"max_hp_loss":0,"event_name":"Lab","floor":13,"gold_loss":0},{"damage_healed":0,"gold_gain":0,"player_choice":"Inject Mutagens","damage_taken":0,"relics_obtained":["MutagenicStrength"],"max_hp_gain":0,"max_hp_loss":0,"event_name":"Drug Dealer","floor":19,"gold_loss":0},{"damage_healed":0,"gold_gain":0,"player_choice":"Ignored","damage_taken":0,"max_hp_gain":0,"max_hp_loss":0,"event_name":"Ghosts","floor":20,"gold_loss":0},{"cards_removed":["Strike_R"],"damage_healed":0,"gold_gain":0,"player_choice":"Gave Gold","damage_taken":0,"max_hp_gain":0,"max_hp_loss":0,"event_name":"Beggar","floor":24,"gold_loss":75},{"damage_healed":0,"gold_gain":0,"player_choice":"Stole Relic","damage_taken":0,"relics_obtained":["Strawberry"],"max_hp_gain":0,"max_hp_loss":0,"event_name":"Addict","floor":30,"gold_loss":0,"cards_obtained":["Shame"]},{"damage_healed":0,"gold_gain":0,"player_choice":"Paid","damage_taken":0,"relics_obtained":["Red Mask"],"max_hp_gain":0,"max_hp_loss":0,"event_name":"Tomb of Lord Red Mask","floor":37,"gold_loss":15},{"damage_healed":0,"gold_gain":0,"player_choice":"Fight","damage_taken":0,"max_hp_gain":0,"max_hp_loss":0,"event_name":"MindBloom","floor":44,"gold_loss":0}],"is_beta":false,"boss_relics":[{"not_picked":["Calling Bell","Runic Dome"],"picked":"Coffee Dripper"},{"not_picked":["Tiny House","Busted Crown"],"picked":"SacredBark"}],"items_purged_floors":[22,31,36],"is_endless":false,"potions_floor_spawned":[4,11,12,14,18,28,33,38,39,45],"ascension_level":0}}