{"host":"uv5ws9rdk87e8i5k","time":1612049987,"event":{"mods":["AchievementEnabler","BaseMod","Colored Map","Minty Spire (QoL Compilation)","Permanent Neow","Quick Restart","StSLib","SuperFastMode","The Necromancer"],"gold_per_floor":[113,113,125,135,153,153,153,153],"floor_reached":7,"language":"ENG","playtime":189,"items_purged":[],"score":62,"play_id":"00fe116d-8b69-4e1c-b314-f00be8de5125","local_time":"20210130173947","is_ascension_mode":true,"campfire_choices":[{"data":"Whirlwind","floor":6,"key":"SMITH"}],"circlet_count":0,"master_deck":["Strike_R","Strike_R","Strike_R","Strike_R","Defend_R","Defend_R","Defend_R","Defend_R","Bash","Limit Break","Havoc","Whirlwind+1"],"relics":["Burning Blood"],"acts_visited":["Exordium"],"potions_floor_usage":[7,7],"damage_taken":[{"damage":5.0,"enemies":"Small Slimes","floor":1.0,"turns":5.0},{"damage":6.0,"enemies":"Cultist","floor":3.0,"turns":4.0},{"damage":9.0,"enemies":"Jaw Worm","floor":4.0,"turns":3.0},{"damage":26,"enemies":"Lots of Slimes","floor":5,"turns":6},{"damage":45,"enemies":"3 Sentries","floor":7,"turns":7}],"seed_played":"-318288377163528536","potions_obtained":[{"floor":1.0,"key":"BloodPotion"},{"floor":3.0,"key":"SpeedPotion"}],"is_trial":false,"path_per_floor":["M","?","M","M","M","R","E"],"character_chosen":"IRONCLAD","items_purchased":[],"campfire_rested":0,"item_purchase_floors":[],"current_hp_per_floor":[52,52,52,49,29,29,0,0],"gold":153,"neow_bonus":"THREE_RARE_CARDS","is_daily":false,"chose_seed":false,"campfire_upgraded":1,"win_rate":0.0,"timestamp":1612049987,"path_taken":["M","?","M","M","M","R","E"],"items_purchased_type":[],"build_version":"2020-12-22","purchased_purges":0,"victory":false,"max_hp_per_floor":[80,80,80,80,80,80,80,80],"card_choices":[{"not_picked":["Barricade","Bludgeon"],"picked":"Limit Break","floor":0.0},{"not_picked":["Intimidate","Sever Soul"],"picked":"Havoc","floor":1.0},{"not_picked":["Armaments","Sentinel"],"picked":"Whirlwind","floor":3.0},{"not_picked":["Flex","Body Slam","Ghostly Armor"],"picked":"SKIP","floor":4.0},{"not_picked":["Body Slam","Clash","Uppercut"],"picked":"SKIP","floor":5}],"player_experience":312329,"relics_obtained":[],"event_choices":[{"cards_removed":["Strike_R"],"damage_healed":0.0,"max_hp_gain":0.0,"max_hp_loss":0.0,"gold_gain":0.0,"event_name":"Purifier","player_choice":"Purged","floor":2.0,"gold_loss":0.0,"damage_taken":0.0}],"is_beta":false,"boss_relics":[],"items_purged_floors":[],"is_endless":false,"potions_floor_spawned":[1,3],"killed_by":"3 Sentries","ascension_level":9}}