{"host":"68ryiucqar8jyfi2","time":1612018912,"event":{"mods":["2.2 Compatiblity","Act Like it!","Aspiration","BaseMod","Better Match","Better Note","Better Skull","Better Third Choice","CCEM2","CapriCore","Curses Come First","Defuse TimeMaze Blight","Displayed Cursed Tome","Emptier Cage","Energized Spire","Friendly Minions","GifTheSpireLib","HexUI Lib","Hubris","Hyrulean Relics","Infinite Spire","Minty Spire (QoL Compilation)","Monster B Gone","Morshu Shopkeeper","Permanent Neow","RNG Fix","Relic Filter Mod","Reliquary","Replay The Spire","Robot Space Explorer","StSLib","Stuff the Spire","The Blue Laboratory","Trackpad","Transform Curses","Uncapped","Wandering Minibosses"],"gold_per_floor":[109,109,125,125,143,174,174,174,200,51,66,66,32,46,46,46,46],"floor_reached":16,"language":"ENG","playtime":430,"items_purged":["Strike_B"],"score":102,"play_id":"41b78ec2-1e20-4572-a7b0-da3e013ff0db","local_time":"20210130150152","daily_mods":["Vintage","Heirloom","Flight"],"is_ascension_mode":false,"campfire_choices":[{"data":"Dualcast","floor":7.0,"key":"SMITH"},{"floor":15,"key":"DIG"}],"circlet_count":0,"master_deck":["Strike_B","Strike_B","Strike_B","Defend_B","Defend_B","Defend_B+1","Defend_B+1","Zap+1","Dualcast+1","Blizzard"],"relics":["Cracked Core","StuffTheSpire:Expresso","Turnip","Golden Idol","hubris:DeckOfHolding","zeldaRelics:CouragePiece","StuffTheSpire:Experiment12","hubris:FunFungus","hubris:Icosahedron","War Paint","CCEMRelics:PorcelainBowl"],"acts_visited":["Exordium"],"potions_floor_usage":[16,16],"damage_taken":[{"damage":0.0,"enemies":"Small Slimes","floor":1.0,"turns":2.0},{"damage":1.0,"enemies":"Jaw Worm","floor":3.0,"turns":2.0},{"damage":0.0,"enemies":"2 Louse","floor":5.0,"turns":1.0},{"damage":27.0,"enemies":"Lagavulin","floor":6.0,"turns":8.0},{"damage":4.0,"enemies":"Blue Slaver","floor":11.0,"turns":4.0},{"damage":0.0,"enemies":"Looter","floor":13.0,"turns":3.0},{"damage":1.0,"enemies":"3 Louse","floor":14.0,"turns":3.0},{"damage":40,"enemies":"Slime Boss","floor":16,"turns":9}],"seed_played":"-3860042176329750399","potions_obtained":[{"floor":3.0,"key":"blueLaboratory:HummingbirdPotion"},{"floor":5.0,"key":"Regen Potion"},{"floor":6.0,"key":"Elixir"}],"is_trial":true,"path_per_floor":["M","?","M","?","M","E","R","?","T","$","M","?","M","M","R","B"],"character_chosen":"DEFECT","items_purchased":["Blizzard"],"campfire_rested":0,"item_purchase_floors":[10],"current_hp_per_floor":[75,57,56,56,56,44,44,37,37,37,33,33,33,32,32,0,0],"gold":46,"neow_bonus":"","is_daily":false,"chose_seed":false,"campfire_upgraded":1,"win_rate":0.0,"timestamp":1612018912,"path_taken":["M","?","M","?","M","E","R","?","T","$","?","?","M","?","R","BOSS"],"items_purchased_type":["Card"],"build_version":"2020-12-22","purchased_purges":1,"victory":false,"max_hp_per_floor":[75,75,75,75,75,75,75,75,75,75,75,75,75,75,75,75,75],"card_choices":[{"not_picked":["StuffTheSpire:ShieldGenerator","FTL","ReplayGash"],"picked":"SKIP","floor":6.0}],"player_experience":203394,"relics_obtained":[{"floor":1.0,"key":"Turnip"},{"floor":3.0,"key":"hubris:DeckOfHolding"},{"floor":6.0,"key":"zeldaRelics:CouragePiece"},{"floor":9.0,"key":"zeldaRelics:CouragePiece"},{"floor":11.0,"key":"hubris:FunFungus"},{"floor":13.0,"key":"War Paint"},{"floor":15,"key":"CCEMRelics:PorcelainBowl"}],"event_choices":[{"damage_healed":0.0,"max_hp_gain":0.0,"max_hp_loss":0.0,"gold_gain":0.0,"event_name":"Golden Idol","player_choice":"Take Damage","floor":2.0,"gold_loss":0.0,"damage_taken":18.0,"relics_obtained":["Golden Idol"]},{"damage_healed":0.0,"max_hp_gain":0.0,"max_hp_loss":0.0,"gold_gain":0.0,"event_name":"Accursed Blacksmith","player_choice":"Forge","floor":4.0,"gold_loss":0.0,"damage_taken":0.0,"cards_upgraded":["Zap"]},{"damage_healed":0.0,"max_hp_gain":0.0,"max_hp_loss":0.0,"gold_gain":0.0,"event_name":"betterThird:BetterScrap","player_choice":"Relic ","floor":8.0,"gold_loss":0.0,"damage_taken":7.0,"cards_obtained":["StuffTheSpire:TitanForm"]}],"is_beta":false,"boss_relics":[],"items_purged_floors":[10],"is_endless":false,"potions_floor_spawned":[3,5,6],"killed_by":"Slime Boss","ascension_level":0}}