{"host":"tpad8qsc9e0g0pa5","time":1612013694,"event":{"mods":["BaseMod","Minty Spire (QoL Compilation)","Quick Restart","StSLib","The Cursed"],"gold_per_floor":[110,110,127,127,37,68,68,84,137,237,257,283,54,72,72,72,72],"floor_reached":16,"language":"ZHS","playtime":5117,"items_purged":["Strike_P"],"score":116,"play_id":"e81d9565-367f-4584-bf1d-7657cb69df18","local_time":"20210130213454","is_ascension_mode":true,"campfire_choices":[{"data":"Establishment","floor":7.0,"key":"SMITH"},{"data":"Worship","floor":15,"key":"SMITH"}],"circlet_count":0,"master_deck":["Strike_P","Strike_P","Strike_P","Defend_P","Defend_P","Defend_P","Eruption","Vigilance","Establishment+1","ClearTheMind","FlurryOfBlows","Worship","Wallop","Worship+1","Judgement","Perseverance","ThirdEye"],"relics":["PureWater","Dream Catcher","Art of War","GoldenEye","Lee\u0027s Waffle"],"acts_visited":["Exordium"],"potions_floor_usage":[12,12],"damage_taken":[{"damage":10.0,"enemies":"Small Slimes","floor":1.0,"turns":2.0},{"damage":0.0,"enemies":"Jaw Worm","floor":3.0,"turns":3.0},{"damage":5.0,"enemies":"Lagavulin","floor":6.0,"turns":5.0},{"damage":9.0,"enemies":"Cultist","floor":8.0,"turns":4.0},{"damage":8.0,"enemies":"Red Slaver","floor":11.0,"turns":4.0},{"damage":18,"enemies":"3 Sentries","floor":12,"turns":4},{"damage":8,"enemies":"3 Louse","floor":14,"turns":4},{"damage":71,"enemies":"The Guardian","floor":16,"turns":10}],"seed_played":"-7306081844900757969","potions_obtained":[{"floor":1.0,"key":"DuplicationPotion"},{"floor":3.0,"key":"LiquidBronze"},{"floor":8.0,"key":"SneckoOil"}],"is_trial":false,"path_per_floor":["M","?","M","?","$","E","R","M","T","?","M","E","$","M","R","B"],"character_chosen":"WATCHER","items_purchased":["FlurryOfBlows","Worship","Lee\u0027s Waffle"],"campfire_rested":0,"item_purchase_floors":[5,5,13],"current_hp_per_floor":[55,60,60,60,60,55,55,46,46,46,38,20,77,69,69,0,0],"gold":72,"neow_bonus":"THREE_RARE_CARDS","is_daily":false,"chose_seed":false,"campfire_upgraded":2,"win_rate":0.0,"timestamp":1612013694,"path_taken":["M","?","M","?","?","E","R","M","T","?","M","E","$","M","R","BOSS"],"items_purchased_type":["Card","Card","Relic"],"build_version":"2020-12-22","purchased_purges":1,"victory":false,"max_hp_per_floor":[65,70,70,70,70,70,70,70,70,70,70,70,77,77,77,77,77],"card_choices":[{"not_picked":["LessonLearned","DeusExMachina"],"picked":"Establishment","floor":0.0},{"not_picked":["WheelKick","JustLucky"],"picked":"ClearTheMind","floor":1.0},{"not_picked":["FollowUp","Prostrate","Fasting2"],"picked":"SKIP","floor":3.0},{"not_picked":["FlyingSleeves","BowlingBash"],"picked":"Wallop","floor":6.0},{"not_picked":["CarveReality","Crescendo"],"picked":"Worship","floor":8.0},{"not_picked":["JustLucky","CutThroughFate"],"picked":"Judgement","floor":11.0},{"not_picked":["DeceiveReality","Study"],"picked":"Perseverance","floor":12},{"not_picked":["TalkToTheHand","Tantrum"],"picked":"ThirdEye","floor":14}],"player_experience":230067,"relics_obtained":[{"floor":6.0,"key":"Dream Catcher"},{"floor":9.0,"key":"Art of War"},{"floor":12,"key":"GoldenEye"}],"event_choices":[{"damage_healed":0.0,"max_hp_gain":5.0,"max_hp_loss":0.0,"gold_gain":0.0,"event_name":"Big Fish","player_choice":"Donut","floor":2.0,"gold_loss":0.0,"damage_taken":0.0},{"cards_removed":["Defend_P"],"damage_healed":0.0,"max_hp_gain":0.0,"max_hp_loss":0.0,"gold_gain":0.0,"event_name":"Living Wall","player_choice":"Forget","floor":4.0,"gold_loss":0.0,"damage_taken":0.0},{"damage_healed":0.0,"max_hp_gain":0.0,"max_hp_loss":0.0,"gold_gain":100.0,"event_name":"Golden Shrine","player_choice":"Pray","floor":10.0,"gold_loss":0.0,"damage_taken":0.0}],"is_beta":false,"boss_relics":[],"items_purged_floors":[13],"is_endless":false,"potions_floor_spawned":[1,3,8],"killed_by":"The Guardian","ascension_level":1}}