{"host":"5t6k5h959q0wkklw","time":1612049029,"event":{"mods":["BaseMod","BetterRewards","Conspire","Downfall","Hubris","Infinite Spire","Marisa????????","Minty Spire (QoL Compilation)","Replay The Spire","StSLib","The Necromancer","The Poker Player","The Servant 0.9.4"],"gold_per_floor":[113,113,113,12,23,52,52,62,89,104,117,117,117,137,137,232,282,296,296,311,311,327,327,342,342,342,356,356,356],"floor_reached":28,"language":"ENG","playtime":2800,"items_purged":[],"score":222,"play_id":"55fe2c01-f65a-4a47-929b-1e24541a25fd","local_time":"20210130182349","is_ascension_mode":false,"campfire_choices":[{"floor":7.0,"key":"REST"},{"floor":12.0,"key":"REST"},{"data":"Summon_Vampire_Lady","floor":15.0,"key":"SMITH"},{"floor":23,"key":"REST"}],"circlet_count":0,"master_deck":["Strike_W","Strike_W","Strike_W","Strike_W+1","Defend_W","Defend_W","Defend_W","Defend_W","Negative_Energy_Arrows","Bone_Wall","Blood_Magic","Finger_Of_Death","Death_Knell+1","Bone_Armor","Scare","Bones_to_Steel","Negative_Energy_Shield","Thousand_Bone_Knives","Summon_Vampire_Lady+1","Vampiric_Strike","Requiem","Summon_Undead_Army","Uncharnel+1","Acid_Javelin","Negative_Energy_Javelin","Whirlwind_of_Bones","Flesh_Made_Foul+1"],"relics":["Vampire_Amulet","hubris:Towel","Snack Pack","Pet Ghost","hubris:AstralHammer","Tiny House","hubris:Icosahedron","ReplayTheSpireMod:TigerMarble"],"acts_visited":["Exordium","TheCity"],"potions_floor_usage":[],"damage_taken":[{"damage":0.0,"enemies":"Small Slimes","floor":1.0,"turns":3.0},{"damage":5.0,"enemies":"Jaw Worm","floor":5.0,"turns":3.0},{"damage":26.0,"enemies":"3 Sentries","floor":6.0,"turns":12.0},{"damage":0.0,"enemies":"2 Louse","floor":8.0,"turns":3.0},{"damage":12.0,"enemies":"Blue Slaver","floor":10.0,"turns":5.0},{"damage":22.0,"enemies":"3 Louse","floor":11.0,"turns":4.0},{"damage":21.0,"enemies":"Large Slime","floor":14.0,"turns":7.0},{"damage":55.0,"enemies":"Hexaghost","floor":16.0,"turns":16.0},{"damage":26,"enemies":"Spheric Guardian","floor":18,"turns":6},{"damage":15,"enemies":"Chosen","floor":20,"turns":6},{"damage":24,"enemies":"Snake Plant","floor":22,"turns":5},{"damage":30,"enemies":"Chosen and Byrds","floor":24,"turns":7},{"damage":76,"enemies":"Centurion and Healer","floor":27,"turns":7},{"damage":18,"enemies":"Masked Bandits","floor":28,"turns":2}],"seed_played":"-3159636916062577441","potions_obtained":[{"floor":8.0,"key":"Ancient Potion"},{"floor":10.0,"key":"sneckomod:MuddlingPotion"},{"floor":16.0,"key":"SpeedPotion"},{"floor":17,"key":"SteroidPotion"}],"is_trial":false,"path_per_floor":["M","?","?","$","M","E","R","M","T","M","M","R","?","M","R","B",null,"M","?","M","?","M","R","M","?","T","M","?"],"character_chosen":"NECROMANCER","items_purchased":["Death_Knell+1","Bone_Armor"],"campfire_rested":3,"item_purchase_floors":[4,4],"current_hp_per_floor":[75,75,75,75,72,52,74,75,75,65,51,73,73,73,73,60,80,67,67,63,63,45,69,66,66,66,9,0,0],"gold":356,"neow_bonus":"ONE_RANDOM_RARE_CARD","is_daily":false,"chose_seed":false,"campfire_upgraded":1,"win_rate":0.0,"timestamp":1612049029,"path_taken":["M","?","?","$","M","E","R","M","T","M","M","R","?","M","R","BOSS","M","?","M","?","M","R","M","?","T","M","?"],"items_purchased_type":["Card","Card"],"build_version":"2020-12-22","purchased_purges":0,"victory":false,"max_hp_per_floor":[75,75,75,75,75,75,75,75,75,75,75,75,75,75,75,75,80,80,80,80,80,80,80,80,80,80,80,80,80],"card_choices":[{"not_picked":["Toxic_Smoke_Screen","Exploit"],"picked":"Finger_Of_Death","floor":1.0},{"not_picked":["Negative_Energy_Shield","Blood_Shield"],"picked":"Scare","floor":5.0},{"not_picked":["Whirlwind_of_Bones","Slay_Living"],"picked":"Bones_to_Steel","floor":6.0},{"not_picked":["Finger_Of_Death","Blood_Whip"],"picked":"Negative_Energy_Shield","floor":8.0},{"not_picked":["Negative_Energy_Javelin","Exploit"],"picked":"Thousand_Bone_Knives","floor":10.0},{"not_picked":["Bone_Spikes","Chill_Blood"],"picked":"Summon_Vampire_Lady","floor":11.0},{"not_picked":["Blood_Curse","Shade_Step"],"picked":"Vampiric_Strike","floor":14.0},{"not_picked":["Cloudkill","Reap_The_Weak"],"picked":"Requiem","floor":16.0},{"not_picked":["Thousand_Bone_Knives","Spectral_Armor"],"picked":"Summon_Undead_Army","floor":17},{"not_picked":["Negative_Energy_Sphere+1","Blood_Is_Power+1"],"picked":"Uncharnel+1","floor":18},{"not_picked":["Summon_Lich","Pandemic"],"picked":"Acid_Javelin","floor":20},{"not_picked":["Blood_Shield+1","Life_Tap"],"picked":"Negative_Energy_Javelin","floor":22},{"not_picked":["Death_Knell","Plague_Bolt"],"picked":"Whirlwind_of_Bones","floor":24},{"not_picked":["Summon_Vampire_Lady","Pandemic"],"picked":"Flesh_Made_Foul+1","floor":27}],"player_experience":124421,"relics_obtained":[{"floor":6.0,"key":"Snack Pack"},{"floor":9.0,"key":"Pet Ghost"},{"floor":13.0,"key":"hubris:AstralHammer"},{"floor":26,"key":"ReplayTheSpireMod:TigerMarble"}],"event_choices":[{"damage_healed":0,"gold_gain":0,"player_choice":"Ignored","damage_taken":0,"max_hp_gain":0,"max_hp_loss":0,"event_name":"Ghosts","floor":19,"gold_loss":0},{"damage_healed":0,"gold_gain":0,"player_choice":"Ignored","damage_taken":0,"max_hp_gain":0,"max_hp_loss":0,"event_name":"Beggar","floor":21,"gold_loss":0},{"damage_healed":0,"gold_gain":0,"player_choice":"Fought Bandits","damage_taken":0,"max_hp_gain":0,"max_hp_loss":0,"event_name":"Masked Bandits","floor":28,"gold_loss":0}],"is_beta":false,"boss_relics":[{"not_picked":["hubris:GrandSneckoEye","Replay:Bronze Core"],"picked":"Tiny House"}],"items_purged_floors":[],"is_endless":false,"potions_floor_spawned":[8,10,16,22,24,27],"killed_by":"Masked Bandits","ascension_level":0}}