{"host":"07e1k1rk6c4zn0bu","time":1612029006,"event":{"mods":["AchievementEnabler","BaseMod","Bestiary","Card Forge","Colored Map","Colored Powertips","DeckTracker","Minty Spire (QoL Compilation)","StSLib","slay the spire mod where everything is the same but ironclad has a cowboy hat"],"gold_per_floor":[114,129,129,144,159,159,189,189,239,239,269,284,284,314,314,414,414,429,444,459,474,474,504,454,469,494,44,74,89,139,139,139,239,239,254,269,269,281,281,281,131,0,0,50,65,95,95,110,110,110],"floor_reached":51,"language":"ENG","playtime":2404,"items_purged":[],"score":885,"play_id":"0620811d-6558-42e7-b847-494ce8147f2c","local_time":"20210130125006","daily_mods":["Specialized","Colorless Cards","Terminal"],"is_ascension_mode":false,"campfire_choices":[{"floor":6,"key":"REST"},{"floor":10,"key":"REST"},{"floor":15,"key":"REST"},{"floor":32,"key":"DIG"},{"floor":40,"key":"DIG"},{"floor":49,"key":"REST"}],"circlet_count":0,"master_deck":["Berserk+1","Flex+1","Inflame+1","Limit Break+1","Rage+1","Rupture+1","Spot Weakness+1","Bash+1","Double Tap+1","Feed+1","Whirlwind+1","Twin Strike+1","Perfected Strike+1","Metallicize+1","Heavy Blade+1","Flame Barrier+1","Demon Form+1","Armaments+1","Bash+1","Berserk+1","Demon Form+1","Feed+1","Double Tap+1","Heavy Blade+1","Limit Break+1","Rage+1","Twin Strike+1","Uppercut+1","Wild Strike+1","Perfected Strike+1","Spot Weakness+1","Strike_R+1","Anger+1","Berserk+1","CurseOfTheBell","Feed+1","Dramatic Entrance"],"relics":["Burning Blood","Hammer of Thor","Seething Fire","Anvil of the Gods","Potion Belt","Smiling Mask","Juzu Bracelet","HornCleat","PreservedInsect","Calling Bell","Bag of Preparation","Pear","Charon\u0027s Ashes","Gambling Chip","Strawberry","Shovel","DollysMirror","Frozen Egg 2","Tiny Chest","Vajra","Busted Crown","Peace Pipe","CeramicFish","Bottled Flame","Red Skull","Red Mask","Question Card","Akabeko","Bag of Marbles"],"acts_visited":["Exordium","TheCity","TheBeyond"],"potions_floor_usage":[16,16,33,50,50,50,50,50],"damage_taken":[{"damage":0,"enemies":"Cultist","floor":1,"turns":5},{"damage":0,"enemies":"Jaw Worm","floor":2,"turns":1},{"damage":3,"enemies":"Small Slimes","floor":4,"turns":3},{"damage":11,"enemies":"Exordium Wildlife","floor":5,"turns":3},{"damage":17,"enemies":"3 Sentries","floor":7,"turns":4},{"damage":22,"enemies":"Lagavulin","floor":11,"turns":4},{"damage":9,"enemies":"Blue Slaver","floor":12,"turns":2},{"damage":0,"enemies":"Gremlin Nob","floor":14,"turns":3},{"damage":40,"enemies":"Hexaghost","floor":16,"turns":6},{"damage":0,"enemies":"3 Byrds","floor":18,"turns":1},{"damage":5,"enemies":"Shell Parasite","floor":19,"turns":3},{"damage":5,"enemies":"Cultist and Chosen","floor":20,"turns":4},{"damage":0,"enemies":"Sentry and Sphere","floor":21,"turns":3},{"damage":8,"enemies":"Book of Stabbing","floor":23,"turns":4},{"damage":19,"enemies":"Chosen and Byrds","floor":25,"turns":5},{"damage":41,"enemies":"Gremlin Leader","floor":28,"turns":3},{"damage":15,"enemies":"Snake Plant","floor":29,"turns":3},{"damage":19,"enemies":"Champ","floor":33,"turns":5},{"damage":18,"enemies":"3 Shapes","floor":35,"turns":4},{"damage":27,"enemies":"3 Darklings","floor":36,"turns":3},{"damage":5,"enemies":"2 Orb Walkers","floor":38,"turns":2},{"damage":0,"enemies":"Maw","floor":45,"turns":4},{"damage":21,"enemies":"Reptomancer","floor":46,"turns":4},{"damage":0,"enemies":"Writhing Mass","floor":48,"turns":2},{"damage":78,"enemies":"Awakened One","floor":50,"turns":6}],"seed_played":"-828330817948855686","potions_obtained":[{"floor":2,"key":"AttackPotion"},{"floor":7,"key":"CultistPotion"},{"floor":11,"key":"EntropicBrew"},{"floor":12,"key":"SteroidPotion"},{"floor":19,"key":"SteroidPotion"},{"floor":33,"key":"ColorlessPotion"},{"floor":38,"key":"DistilledChaos"}],"is_trial":false,"path_per_floor":["M","M","?","M","M","R","E","?","T","R","E","M","?","E","R","B",null,"M","M","M","M","?","E","?","M","T","$","E","M","T","?","R","B",null,"M","M","?","?","T","R","$","?","T","T","M","E","$","M","R","B",null],"character_chosen":"IRONCLAD","items_purchased":["Shovel","DollysMirror","Red Skull"],"campfire_rested":4,"item_purchase_floors":[27,27,41],"current_hp_per_floor":[78,81,85,88,83,86,83,83,83,90,74,71,71,81,89,55,97,96,95,98,101,100,98,98,85,92,92,57,48,48,81,81,72,99,91,70,70,71,71,71,71,71,71,71,77,62,62,68,88,24],"gold":110,"neow_bonus":"","is_daily":true,"chose_seed":false,"campfire_upgraded":0,"win_rate":0.0,"timestamp":1612029006,"path_taken":["M","M","?","M","M","R","E","?","T","R","E","M","?","E","R","BOSS","M","M","M","M","?","E","?","M","T","$","E","M","?","?","R","BOSS","M","M","?","?","?","R","$","?","T","?","M","E","$","M","R","BOSS"],"items_purchased_type":["Relic","Relic","Relic"],"build_version":"2020-12-22","purchased_purges":0,"victory":true,"max_hp_per_floor":[78,81,85,88,87,86,93,92,91,90,89,88,87,90,89,88,97,96,95,98,101,100,99,98,97,103,102,101,100,99,98,97,100,99,102,101,100,99,98,97,96,95,94,93,92,91,90,89,88,95],"card_choices":[{"not_picked":["Pommel Strike","Uppercut","Flex"],"picked":"SKIP","floor":1},{"not_picked":["Clothesline","Pummel","Searing Blow"],"picked":"SKIP","floor":2},{"not_picked":["Body Slam","Hemokinesis","Headbutt"],"picked":"SKIP","floor":4},{"not_picked":["Thunderclap","Panacea","Twin Strike"],"picked":"SKIP","floor":5},{"not_picked":["Headbutt","Flex","Mind Blast"],"picked":"SKIP","floor":7},{"not_picked":["Cleave","Armaments","Panacea"],"picked":"SKIP","floor":11},{"not_picked":["Wild Strike","Ghostly Armor","Flash of Steel"],"picked":"SKIP","floor":12},{"not_picked":["Warcry","Hemokinesis","True Grit"],"picked":"SKIP","floor":14},{"not_picked":["Inflame","Warcry","Clothesline"],"picked":"SKIP","floor":18},{"not_picked":["Clash","Searing Blow+1","Clothesline"],"picked":"SKIP","floor":19},{"not_picked":["Heavy Blade","Armaments","Whirlwind"],"picked":"SKIP","floor":20},{"not_picked":["Discovery+1","Whirlwind+1","Uppercut"],"picked":"SKIP","floor":21},{"not_picked":["Shrug It Off","Flex+1","Thunderclap"],"picked":"SKIP","floor":23},{"not_picked":["Power Through","Sentinel+1","Shrug It Off+1"],"picked":"SKIP","floor":25},{"not_picked":["Rampage","Inflame+1","Brutality+1"],"picked":"SKIP","floor":28},{"not_picked":["Clash","Enlightenment","Anger"],"picked":"SKIP","floor":29},{"not_picked":["Impatience+1"],"picked":"SKIP","floor":35},{"not_picked":["Cleave"],"picked":"SKIP","floor":36},{"not_picked":[],"picked":"Dramatic Entrance","floor":37},{"not_picked":["Discovery","Armaments"],"picked":"SKIP","floor":45},{"not_picked":["Bludgeon","Sadistic Nature+1"],"picked":"SKIP","floor":46},{"not_picked":["Anger","Second Wind+1"],"picked":"SKIP","floor":48}],"player_experience":72613,"relics_obtained":[{"floor":7,"key":"Potion Belt"},{"floor":9,"key":"Juzu Bracelet"},{"floor":11,"key":"HornCleat"},{"floor":14,"key":"PreservedInsect"},{"floor":17,"key":"Bag of Preparation"},{"floor":17,"key":"Pear"},{"floor":17,"key":"Charon\u0027s Ashes"},{"floor":23,"key":"Gambling Chip"},{"floor":26,"key":"Strawberry"},{"floor":28,"key":"Frozen Egg 2"},{"floor":30,"key":"Tiny Chest"},{"floor":32,"key":"Vajra"},{"floor":38,"key":"Peace Pipe"},{"floor":39,"key":"CeramicFish"},{"floor":40,"key":"Bottled Flame"},{"floor":43,"key":"Question Card"},{"floor":44,"key":"Akabeko"},{"floor":46,"key":"Bag of Marbles"}],"event_choices":[{"damage_healed":0,"gold_gain":0,"player_choice":"Donut","damage_taken":0,"max_hp_gain":5,"max_hp_loss":0,"event_name":"Big Fish","floor":3,"gold_loss":0},{"damage_healed":0,"gold_gain":0,"player_choice":"Gave Potion","damage_taken":0,"relics_obtained":["Smiling Mask"],"max_hp_gain":0,"max_hp_loss":0,"event_name":"WeMeetAgain","floor":8,"gold_loss":0},{"damage_healed":0,"gold_gain":0,"player_choice":"Ignored","damage_taken":0,"max_hp_gain":0,"max_hp_loss":0,"event_name":"Shining Light","floor":13,"gold_loss":0},{"cards_removed":["Bash"],"damage_healed":0,"gold_gain":0,"player_choice":"Offered Basic","damage_taken":0,"max_hp_gain":0,"max_hp_loss":0,"event_name":"Bonfire Elementals","floor":22,"gold_loss":0},{"damage_healed":0,"gold_gain":0,"player_choice":"Bet on Owner","damage_taken":0,"max_hp_gain":0,"max_hp_loss":0,"event_name":"The Joust","floor":24,"gold_loss":50},{"damage_healed":33,"gold_gain":0,"player_choice":"Heal","damage_taken":0,"max_hp_gain":0,"max_hp_loss":0,"event_name":"The Library","floor":31,"gold_loss":0},{"damage_healed":0,"gold_gain":0,"player_choice":"Memory 1","damage_taken":0,"max_hp_gain":0,"max_hp_loss":0,"event_name":"SensoryStone","floor":37,"gold_loss":0},{"damage_healed":0,"gold_gain":0,"player_choice":"Fight","damage_taken":0,"max_hp_gain":0,"max_hp_loss":0,"event_name":"Mysterious Sphere","floor":38,"gold_loss":0},{"damage_healed":0,"gold_gain":0,"player_choice":"Paid","damage_taken":0,"relics_obtained":["Red Mask"],"max_hp_gain":0,"max_hp_loss":0,"event_name":"Tomb of Lord Red Mask","floor":42,"gold_loss":131}],"is_beta":false,"boss_relics":[{"not_picked":["Coffee Dripper","Runic Dome"],"picked":"Calling Bell"},{"not_picked":["Tiny House","SacredBark"],"picked":"Busted Crown"}],"items_purged_floors":[],"is_endless":false,"potions_floor_spawned":[2,7,11,12,18,19,20,33,35,38,46,48],"ascension_level":0}}