{"host":"5f8yr5jxnqok2jdo","time":1612022995,"event":{"mods":["AchievementEnabler","BaseMod","Better Altar","Better Match","Better Note","Better Skull","Better Third Choice","Block Reminder","Colored Map","Colored Powertips","DeckTracker","Displayed Cursed Tome","Filter the Spire","Googly Eyes","Highlight Path","Key Reminder","Minty Spire (QoL Compilation)","Quick Restart","Rare Cards Sparkle","Relic Sorter","Relic Stats","ShortenTheSpire","Spire Arcade","Spire Birthday Party","StSLib","Steal the Spire","SuperFastMode","Uncapped","Unceasing Turn Reminder","everything is the same but u backflip on backflip","slay the spire mod where everything is the same but ironclad has a cowboy hat"],"gold_per_floor":[],"floor_reached":18,"language":"ENG","playtime":389,"items_purged":[],"score":333,"play_id":"d56c4746-490d-4a0b-b35e-f6ebc3265a7b","local_time":"20210130170955","is_ascension_mode":true,"campfire_choices":[],"circlet_count":0,"master_deck":["AscendersBane","Strike_R","Strike_R","Strike_R","Strike_R","Defend_R","Defend_R","Defend_R","Defend_R","Bash","Spot Weakness","Limit Break+1","Pommel Strike","Inflame","Heavy Blade+1","Cleave","Double Tap"],"relics":["Burning Blood","NeowsBlessing","Vajra","ClockworkSouvenir","Regal Pillow","Kunai","Meat on the Bone","Fusion Hammer"],"acts_visited":["Exordium","TheCity"],"potions_floor_usage":[],"damage_taken":[],"seed_played":"102395619145496122","potions_obtained":[],"is_trial":false,"path_per_floor":[],"character_chosen":"IRONCLAD","items_purchased":[],"campfire_rested":0,"item_purchase_floors":[],"current_hp_per_floor":[],"gold":129,"neow_bonus":"THREE_ENEMY_KILL","is_daily":false,"chose_seed":false,"campfire_upgraded":1,"win_rate":0.0,"timestamp":1612022995,"path_taken":[],"items_purchased_type":["Card","Relic"],"build_version":"2020-12-22","purchased_purges":2,"victory":false,"max_hp_per_floor":[],"relic_stats":{"Regal Pillow":0,"counters":[10,33],"Kunai":[2],"obtain_stats":[{"Regal Pillow":6,"NeowsBlessing":0,"Vajra":2,"Fusion Hammer":17,"Kunai":8,"Burning Blood":0,"ClockworkSouvenir":5,"Meat on the Bone":9},{"Regal Pillow":3,"NeowsBlessing":0,"Vajra":1,"Fusion Hammer":9,"Kunai":4,"Burning Blood":0,"ClockworkSouvenir":2,"Meat on the Bone":4},{"Regal Pillow":3,"NeowsBlessing":0,"Vajra":1,"Fusion Hammer":30,"Kunai":7,"Burning Blood":0,"ClockworkSouvenir":2,"Meat on the Bone":7}],"Burning Blood":47,"Meat on the Bone":12},"card_choices":[],"player_experience":359152,"relics_obtained":[],"event_choices":[],"is_beta":false,"boss_relics":[],"items_purged_floors":[],"is_endless":false,"potions_floor_spawned":[],"killed_by":"2 Thieves","ascension_level":10}}