{"host":"farxtl2u8hmkbdo2","time":1612019451,"event":{"mods":["A Magickal Journey","BaseMod","Better Altar","Better Note","Better Sensory Stone","Better Skull","Better Third Choice","Challenge The Spire","Colored Map","Colored Powertips","Current Relic Mod","Energized Spire","Fox Events","Gremlin Mod","Hermit","Hubris","Mimic Mod","Minty Spire (QoL Compilation)","Quick Restart","READ ME - Guardian Mod","READ ME - Snecko Mod","Rare Cards Sparkle","StSLib","The Bladedancer","The Bug Knight","The Cursed","The Disciple","The Hierophant","The Marked","The Necromancer","The Runesmith","Transform Curses"],"gold_per_floor":[109,137,137,35,35,61,61,86,216,216,229,229,404,435,435,539,616,630,630,630,649,65,65,82,117,230,230,230,230,269,291,291,410,496,511,89,111,170,170,209,231,266,370,73,92,92,121,164,164,169,169,169,19,67,67,67],"floor_reached":55,"language":"SPA","playtime":5908,"items_purged":[],"score":1015,"play_id":"eb3766aa-bc94-4452-a8ae-26d6da44a19d","local_time":"20210130121051","is_ascension_mode":true,"campfire_choices":[{"data":"hermit:Covet","floor":7,"key":"SMITH"},{"data":"hermit:Malice","floor":10,"key":"SMITH"},{"data":"hermit:EternalForm","floor":12,"key":"SMITH"},{"data":"hermit:Maintenance","floor":15,"key":"SMITH"},{"data":"hermit:Manifest","floor":23,"key":"SMITH"},{"data":"hermit:HighNoon","floor":27,"key":"SMITH"},{"data":"hermit:Determination","floor":29,"key":"SMITH"},{"floor":32,"key":"REST"},{"floor":46,"key":"RECALL"},{"data":"hermit:Virtue","floor":49,"key":"SMITH"},{"data":"hermit:FlashPowder","floor":52,"key":"SMITH"}],"circlet_count":0,"master_deck":["hermit:Strike_Hermit+1","hermit:Strike_Hermit+1","hermit:Strike_Hermit+1","hermit:Strike_Hermit+1","hermit:Defend_Hermit+1","hermit:Defend_Hermit+1","hermit:Defend_Hermit+1","hermit:Snapshot","hermit:Covet+1","hermit:Grudge","hermit:Misfire+1","hermit:Vantage","hermit:FlashPowder+1","hermit:Malice+1","hermit:Gestalt","hermit:EternalForm+1","Doubt","hermit:Maintenance+1","hermit:HighNoon+1","hermit:Glare+1","Necronomicurse","hermit:PistolWhip+1","hermit:Manifest+1","hermit:Malice+1","hermit:Feint+1","hubris:NaturalOne","hermit:Magnum","hermit:Determination+1","hermit:Virtue+1","hermit:HighCaliber+1","hermit:Reprieve","CurseOfTheBell","hermit:FlashPowder+1","hermit:HeroicBravado","hermit:Brawl+1","hermit:Virtue+1","hermit:EyeOfTheStorm+1","hermit:HighCaliber+1","hermit:Combo+1","hermit:LowProfile+1","hermit:Grudge+1"],"relics":["hermit:Momento","Runesmith:Locket","foxEvents:LuckyCharm","hubris:Icosahedron","Matryoshka","Gambling Chip","War Paint","Art of War","Ornamental Fan","hubris:GrandSneckoEye","Necronomicon","Blood Vial","Mercury Hourglass","Centennial Puzzle","MealTicket","Bottled Tornado","CeramicFish","Calling Bell","Bronze Scales","InkBottle","hubris:Zylophone","Nunchaku","HollowMod:JonisBlessing","hubris:CuriousFeather","StrikeDummy","Toy Ornithopter","Bag of Marbles","Bag of Preparation","Whetstone"],"acts_visited":["Exordium","TheCity","TheBeyond","TheEnding"],"potions_floor_usage":[6,14,18,18,24,30,33,38,40,40,42,48,48,55,55],"damage_taken":[{"damage":4,"enemies":"Jaw Worm","floor":1,"turns":4},{"damage":6,"enemies":"Colosseum Slavers","floor":2,"turns":4},{"damage":20,"enemies":"Gremlin Nob","floor":6,"turns":5},{"damage":13,"enemies":"3 Sentries","floor":8,"turns":4},{"damage":0,"enemies":"Small Slimes","floor":11,"turns":3},{"damage":1,"enemies":"HollowMod:MossKnight","floor":14,"turns":7},{"damage":1,"enemies":"Slime Boss","floor":16,"turns":8},{"damage":16,"enemies":"Chosen","floor":18,"turns":5},{"damage":17,"enemies":"Snake Plant","floor":21,"turns":3},{"damage":28,"enemies":"Shelled Parasite and Fungi","floor":24,"turns":4},{"damage":0,"enemies":"HollowMod:Nosk","floor":25,"turns":7},{"damage":2,"enemies":"Chosen and Byrds","floor":26,"turns":5},{"damage":17,"enemies":"Slavers","floor":30,"turns":5},{"damage":1,"enemies":"Chosen and Byrds","floor":31,"turns":4},{"damage":51,"enemies":"hubris:MusketHawk","floor":33,"turns":9},{"damage":18,"enemies":"Orb Walker","floor":35,"turns":4},{"damage":7,"enemies":"3 Darklings","floor":37,"turns":4},{"damage":0,"enemies":"Mind Bloom Boss Battle","floor":38,"turns":6},{"damage":0,"enemies":"HollowMod:StalkingDevout","floor":40,"turns":6},{"damage":2,"enemies":"Sphere and 2 Shapes","floor":41,"turns":5},{"damage":0,"enemies":"Reptomancer","floor":42,"turns":4},{"damage":11,"enemies":"Writhing Mass","floor":45,"turns":5},{"damage":1,"enemies":"Spire Growth","floor":47,"turns":5},{"damage":1,"enemies":"Nemesis","floor":48,"turns":5},{"damage":60,"enemies":"Time Eater","floor":50,"turns":8},{"damage":23,"enemies":"Shield and Spear","floor":54,"turns":7},{"damage":78,"enemies":"The Heart","floor":55,"turns":9}],"seed_played":"-4072203758390574502","potions_obtained":[{"floor":2,"key":"Block Potion"},{"floor":6,"key":"FearPotion"},{"floor":14,"key":"Fire Potion"},{"floor":16,"key":"Explosive Potion"},{"floor":21,"key":"Weak Potion"},{"floor":25,"key":"Dexterity Potion"},{"floor":38,"key":"PowerPotion"},{"floor":41,"key":"AttackPotion"},{"floor":42,"key":"BlessingOfTheForge"},{"floor":47,"key":"LiquidMemories"}],"is_trial":false,"path_per_floor":["M","?","?","$","?","E","R","E","T","R","M","R","?","E","R","B",null,"M","?","?","M","$","R","M","E","MIM","R","$","R","E","M","R","B",null,"M","$","M","?","?","E","M","E","T","$","M","R","M","E","R","B",null,"R","$","E","B"],"character_chosen":"HERMIT","items_purchased":["hermit:Misfire","hermit:Vantage","hermit:Manifest","Blood Vial","Mercury Hourglass","hermit:Malice","Regen Potion","Nunchaku","LiquidMemories","HollowMod:JonisBlessing","ColorlessPotion","Bag of Marbles","FairyPotion","Energy Potion","DuplicationPotion","Regen Potion"],"campfire_rested":1,"item_purchase_floors":[4,4,22,22,22,22,22,36,36,36,36,44,44,44,53,53],"current_hp_per_floor":[50,44,44,44,44,24,24,11,11,11,11,11,11,10,10,9,75,59,43,43,26,26,26,12,14,26,26,41,41,26,27,49,22,75,57,72,65,65,65,65,63,63,63,75,64,64,63,62,62,2,75,75,75,52,0,0],"gold":67,"neow_bonus":"ONE_RARE_RELIC","is_daily":false,"chose_seed":false,"campfire_upgraded":9,"win_rate":0.0,"timestamp":1612019451,"path_taken":["M","?","?","$","?","E","R","E","T","R","?","R","?","E","R","BOSS","M","?","?","M","$","R","M","E","MIM","R","$","R","E","M","R","BOSS","M","?","M","?","?","E","M","E","T","$","M","R","M","E","R","BOSS","R","$","E","BOSS"],"items_purchased_type":["Card","Card","Card","Relic","Relic","Card","Potion","Relic","Potion","Relic","Potion","Relic","Potion","Potion","Potion","Potion"],"build_version":"2020-12-22","purchased_purges":0,"victory":false,"max_hp_per_floor":[75,75,75,75,75,75,75,75,75,75,75,75,75,75,75,75,75,75,75,75,75,75,75,75,75,75,75,75,75,75,75,75,75,75,75,75,75,75,75,75,75,75,75,75,75,75,75,75,75,75,75,75,75,75,75,75],"card_choices":[{"not_picked":["hermit:LowProfile","hermit:SprayPray"],"picked":"hermit:Grudge","floor":1},{"not_picked":["hermit:TakeAim","hermit:WideOpen"],"picked":"hermit:Malice","floor":6},{"not_picked":["hermit:Feint","hermit:SprayPray"],"picked":"hermit:Gestalt","floor":8},{"not_picked":["hermit:Roulette","hermit:Coalescence"],"picked":"hermit:EternalForm","floor":11},{"not_picked":["hermit:WideOpen","hermit:Feint"],"picked":"hermit:Maintenance","floor":14},{"not_picked":["hermit:HeroicBravado","hermit:EternalForm"],"picked":"hermit:HighNoon","floor":16},{"not_picked":["hermit:Ricochet+1","hermit:Dive"],"picked":"hermit:Glare+1","floor":18},{"not_picked":["hermit:LowProfile","hermit:Manifest"],"picked":"hermit:PistolWhip+1","floor":21},{"not_picked":["hermit:Snipe","hermit:CalledShot"],"picked":"hermit:Feint+1","floor":24},{"not_picked":["hermit:Misfire","hermit:DeadMansHand+1"],"picked":"hermit:Magnum","floor":25},{"not_picked":["hermit:Manifest","hermit:LoneWolf"],"picked":"hermit:Determination","floor":26},{"not_picked":["hermit:Coalescence","hermit:Showdown"],"picked":"hermit:Virtue+1","floor":30},{"not_picked":["hermit:Coalescence","hermit:Showdown"],"picked":"hermit:HighCaliber+1","floor":31},{"not_picked":["hermit:OverwhelmingPower","hermit:Dissolve"],"picked":"hermit:Reprieve","floor":33},{"not_picked":["hermit:CalledShot","hermit:Spite","hermit:HoleUp+1"],"picked":"SKIP","floor":35},{"not_picked":["hermit:Glare","hermit:Snipe+1"],"picked":"hermit:FlashPowder","floor":37},{"not_picked":["hermit:BodyArmor+1","hermit:HoleUp"],"picked":"hermit:HeroicBravado","floor":38},{"not_picked":["hermit:Desperado","hermit:TakeAim"],"picked":"hermit:Brawl+1","floor":40},{"not_picked":["hermit:HighCaliber","hermit:Ricochet+1"],"picked":"hermit:Virtue","floor":41},{"not_picked":["hermit:TrackingShot+1","hermit:GoldenBullet"],"picked":"hermit:EyeOfTheStorm+1","floor":42},{"not_picked":["hermit:Desperado+1","hermit:Misfire"],"picked":"hermit:HighCaliber+1","floor":45},{"not_picked":["hermit:TakeCover","hermit:FinalCanter"],"picked":"hermit:Combo+1","floor":47},{"not_picked":["hermit:Midnight+1","hermit:HighCaliber+1"],"picked":"hermit:LowProfile+1","floor":48},{"not_picked":["hermit:Scavenge+1","hermit:WideOpen+1"],"picked":"hermit:Grudge+1","floor":54}],"player_experience":1956650,"relics_obtained":[{"floor":2,"key":"foxEvents:LuckyCharm"},{"floor":6,"key":"Matryoshka"},{"floor":8,"key":"Gambling Chip"},{"floor":9,"key":"War Paint"},{"floor":9,"key":"Art of War"},{"floor":14,"key":"Ornamental Fan"},{"floor":19,"key":"Necronomicon"},{"floor":25,"key":"Centennial Puzzle"},{"floor":26,"key":"MealTicket"},{"floor":26,"key":"Bottled Tornado"},{"floor":30,"key":"CeramicFish"},{"floor":34,"key":"Bronze Scales"},{"floor":34,"key":"InkBottle"},{"floor":34,"key":"hubris:Zylophone"},{"floor":38,"key":"hubris:CuriousFeather"},{"floor":40,"key":"StrikeDummy"},{"floor":42,"key":"Toy Ornithopter"},{"floor":48,"key":"Bag of Preparation"},{"floor":54,"key":"Whetstone"}],"event_choices":[{"damage_healed":0,"gold_gain":0,"cards_transformed":["hermit:Defend_Hermit"],"player_choice":"Transformed","damage_taken":0,"max_hp_gain":0,"max_hp_loss":0,"event_name":"Transmorgrifier","floor":5,"gold_loss":0,"cards_obtained":["hermit:FlashPowder"]},{"damage_healed":0,"gold_gain":175,"player_choice":"AGREE","damage_taken":229,"max_hp_gain":0,"max_hp_loss":0,"event_name":"betterThird:BetterSerpent","floor":13,"gold_loss":0},{"damage_healed":0,"gold_gain":0,"player_choice":"Obtained Book","damage_taken":16,"max_hp_gain":0,"max_hp_loss":0,"event_name":"Cursed Tome","floor":19,"gold_loss":0},{"damage_healed":0,"gold_gain":0,"player_choice":"Simplicity","damage_taken":0,"max_hp_gain":0,"max_hp_loss":6,"event_name":"betterThird:BetterWriting","floor":20,"gold_loss":0},{"damage_healed":0,"gold_gain":0,"player_choice":"Fight","damage_taken":0,"max_hp_gain":0,"max_hp_loss":0,"event_name":"MindBloom","floor":38,"gold_loss":0}],"is_beta":false,"boss_relics":[{"not_picked":["hubris:TerracottaHorce","Philosopher\u0027s Stone"],"picked":"hubris:GrandSneckoEye"},{"not_picked":["hermit:BartenderGlass","hubris:CrackedHourglass"],"picked":"Calling Bell"}],"items_purged_floors":[],"is_endless":false,"potions_floor_spawned":[2,6,14,16,21,25,38,41,42,47],"killed_by":"The Heart","ascension_level":2}}