{"host":"dhlnk6yox2l1s6up","time":1612038807,"event":{"mods":["BaseMod","Bestiary","Colored Map","Highlight Path","Minty Spire (QoL Compilation)","Relic Stats","StSLib"],"gold_per_floor":[109,121,132,147,157,187,138,138,138,13,0,0,0,14,14,145,145,166,166,166,184,195,195,208,242,269,269,302,302,227,247,247,351,351,369,292,311,322,322,347,50,100,100,100,130,130,165,165,165,165,165,165,12,41,41],"floor_reached":56,"language":"ENG","playtime":5212,"items_purged":[],"score":2001,"play_id":"b35d04a1-5a93-4f5f-8352-64e63fc64dbe","local_time":"20210130143327","is_ascension_mode":true,"campfire_choices":[{"floor":15.0,"key":"REST"},{"data":"Feel No Pain","floor":23.0,"key":"SMITH"},{"data":"Bludgeon","floor":27.0,"key":"SMITH"},{"data":"Pommel Strike","floor":32.0,"key":"SMITH"},{"data":"Pommel Strike","floor":44.0,"key":"SMITH"},{"floor":46.0,"key":"RECALL"},{"data":"Body Slam","floor":49.0,"key":"SMITH"},{"data":"Shockwave","floor":52.0,"key":"SMITH"}],"circlet_count":0,"master_deck":["Strike_R+1","Strike_R+1","Defend_R+1","Defend_R+1","Defend_R+1","Defend_R+1","Bash","Burning Pact","Double Tap","Intimidate","Dark Embrace+1","Shrug It Off","Pommel Strike+1","Evolve","Corruption","Bludgeon+1","Seeing Red","Reaper","Pommel Strike+1","Shrug It Off","Feel No Pain+1","Exhume","Sentinel","True Grit","Inflame","Shockwave+1","Double Tap","True Grit+1","True Grit+1","Madness","Madness","Entrench+1","Sentinel","Body Slam+1","Feel No Pain+1"],"relics":["Burning Blood","Bottled Tornado","Bloody Idol","Calipers","Coffee Dripper","FossilizedHelix","Vajra","Magic Flower","Runic Pyramid","Orichalcum","Omamori","OrangePellets","Nunchaku","CaptainsWheel","Mercury Hourglass","Sundial","DollysMirror","Bag of Marbles"],"acts_visited":["Exordium","TheCity","TheBeyond","TheEnding"],"potions_floor_usage":[55,55],"damage_taken":[{"damage":6.0,"enemies":"Cultist","floor":1.0,"turns":4.0},{"damage":8.0,"enemies":"Small Slimes","floor":2.0,"turns":7.0},{"damage":6.0,"enemies":"2 Louse","floor":3.0,"turns":3.0},{"damage":10.0,"enemies":"Blue Slaver","floor":4.0,"turns":10.0},{"damage":10.0,"enemies":"Large Slime","floor":5.0,"turns":11.0},{"damage":60.0,"enemies":"Lagavulin","floor":6.0,"turns":11.0},{"damage":0.0,"enemies":"Looter","floor":11.0,"turns":4.0},{"damage":12.0,"enemies":"Exordium Thugs","floor":14.0,"turns":5.0},{"damage":0.0,"enemies":"Slime Boss","floor":16.0,"turns":6.0},{"damage":7.0,"enemies":"Chosen","floor":18.0,"turns":5.0},{"damage":7.0,"enemies":"Shell Parasite","floor":21.0,"turns":8.0},{"damage":15.0,"enemies":"Snecko","floor":22.0,"turns":6.0},{"damage":14.0,"enemies":"Snake Plant","floor":24.0,"turns":6.0},{"damage":52.0,"enemies":"Book of Stabbing","floor":25.0,"turns":8.0},{"damage":45.0,"enemies":"Slavers","floor":28.0,"turns":7.0},{"damage":6.0,"enemies":"Shelled Parasite and Fungi","floor":31.0,"turns":6.0},{"damage":56.0,"enemies":"Champ","floor":33.0,"turns":13.0},{"damage":0.0,"enemies":"3 Darklings","floor":35.0,"turns":5.0},{"damage":6.0,"enemies":"Orb Walker","floor":37.0,"turns":4.0},{"damage":0.0,"enemies":"Spire Growth","floor":38.0,"turns":4.0},{"damage":5.0,"enemies":"Giant Head","floor":40.0,"turns":3.0},{"damage":3.0,"enemies":"Mind Bloom Boss Battle","floor":42.0,"turns":6.0},{"damage":0.0,"enemies":"Reptomancer","floor":45.0,"turns":2.0},{"damage":0.0,"enemies":"Nemesis","floor":47.0,"turns":5.0},{"damage":0.0,"enemies":"Awakened One","floor":50.0,"turns":5.0},{"damage":0.0,"enemies":"Shield and Spear","floor":54.0,"turns":2.0},{"damage":21,"enemies":"The Heart","floor":55,"turns":7}],"seed_played":"4400185552518028918","potions_obtained":[{"floor":1.0,"key":"Energy Potion"},{"floor":6.0,"key":"Swift Potion"},{"floor":14.0,"key":"Explosive Potion"},{"floor":16.0,"key":"Weak Potion"},{"floor":18.0,"key":"Energy Potion"},{"floor":25.0,"key":"Fruit Juice"},{"floor":33.0,"key":"HeartOfIron"},{"floor":35.0,"key":"Swift Potion"},{"floor":38.0,"key":"BloodPotion"},{"floor":42.0,"key":"Block Potion"},{"floor":47.0,"key":"LiquidBronze"}],"is_trial":false,"path_per_floor":["M","M","M","M","M","E","?","?","T","$","M","?","$","M","R","B",null,"M","?","?","M","M","R","M","E","T","R","E","?","?","M","R","B",null,"M","?","M","M","?","E","$","?","T","R","E","R","E","?","R","B",null,"R","$","E","B",null],"character_chosen":"IRONCLAD","items_purchased":["Corruption","Weak Potion","OrangePellets","Nunchaku","DollysMirror"],"campfire_rested":1,"item_purchase_floors":[10,10,41,41,53],"current_hp_per_floor":[72,70,70,66,62,8,8,8,8,8,14,14,14,8,28,34,59,67,67,67,67,67,67,65,42,47,47,45,45,45,67,67,55,64,67,67,67,72,63,72,72,72,72,72,72,72,72,72,72,72,72,72,72,72,72],"gold":41,"neow_bonus":"TRANSFORM_TWO_CARDS","is_daily":false,"chose_seed":false,"campfire_upgraded":6,"win_rate":0.0,"timestamp":1612038807,"path_taken":["M","M","?","M","M","E","?","?","T","$","M","?","?","M","R","BOSS","M","?","?","M","M","R","?","E","T","R","E","?","?","M","R","BOSS","M","?","?","M","?","E","$","?","T","R","E","R","E","?","R","BOSS","R","$","E","BOSS"],"items_purchased_type":["Card","Potion","Relic","Relic","Relic"],"build_version":"2020-12-22","purchased_purges":0,"victory":true,"max_hp_per_floor":[72,72,72,72,72,72,72,67,67,67,67,67,67,67,67,67,67,67,67,67,67,67,67,67,67,67,67,67,67,67,67,67,67,67,67,67,67,72,72,72,72,72,72,72,72,72,72,72,72,72,72,72,72,72,72],"relic_stats":{"OrangePellets":[3],"Nunchaku":[7],"counters":[27,163],"Sundial":[26],"Bloody Idol":25,"Magic Flower":[25],"Orichalcum":[30],"obtain_stats":[{"Calipers":9,"Golden Idol":8,"Vajra":26,"Magic Flower":28,"Omamori":40,"Bottled Tornado":6,"Orichalcum":36,"Burning Blood":0,"Mercury Hourglass":45,"OrangePellets":41,"Nunchaku":41,"CaptainsWheel":42,"Sundial":47,"DollysMirror":53,"Bloody Idol":19,"Coffee Dripper":17,"Bag of Marbles":54,"FossilizedHelix":25,"Runic Pyramid":34},{"Calipers":6,"Golden Idol":6,"Vajra":14,"Magic Flower":15,"Omamori":21,"Bottled Tornado":6,"Orichalcum":18,"Burning Blood":0,"Mercury Hourglass":23,"OrangePellets":21,"Nunchaku":21,"CaptainsWheel":22,"Sundial":24,"DollysMirror":25,"Bloody Idol":10,"Coffee Dripper":9,"Bag of Marbles":26,"FossilizedHelix":14,"Runic Pyramid":17},{"Calipers":46,"Golden Idol":46,"Vajra":94,"Magic Flower":101,"Omamori":136,"Bottled Tornado":46,"Orichalcum":125,"Burning Blood":0,"Mercury Hourglass":144,"OrangePellets":136,"Nunchaku":136,"CaptainsWheel":142,"Sundial":149,"DollysMirror":154,"Bloody Idol":66,"Coffee Dripper":61,"Bag of Marbles":156,"FossilizedHelix":94,"Runic Pyramid":120}],"Burning Blood":93,"Mercury Hourglass":[71]},"card_choices":[{"not_picked":["Rupture","Clothesline"],"picked":"Shrug It Off","floor":1.0},{"not_picked":["Clash","Body Slam"],"picked":"Intimidate","floor":2.0},{"not_picked":["Perfected Strike","Rupture"],"picked":"Dark Embrace","floor":3.0},{"not_picked":["Havoc","Perfected Strike"],"picked":"Shrug It Off","floor":4.0},{"not_picked":["Shrug It Off","Infernal Blade"],"picked":"Pommel Strike","floor":5.0},{"not_picked":["Disarm","Wild Strike"],"picked":"Evolve","floor":6.0},{"not_picked":["Flame Barrier","Heavy Blade"],"picked":"Bludgeon","floor":11.0},{"not_picked":["Searing Blow","Warcry"],"picked":"Seeing Red","floor":14.0},{"not_picked":["Berserk","Double Tap"],"picked":"Reaper","floor":16.0},{"not_picked":["Sword Boomerang","Heavy Blade"],"picked":"Pommel Strike","floor":18.0},{"not_picked":["Wild Strike","Clothesline"],"picked":"Shrug It Off","floor":21.0},{"not_picked":["Spot Weakness+1","Cleave"],"picked":"Feel No Pain","floor":22.0},{"not_picked":["Dropkick","Cleave"],"picked":"Exhume","floor":24.0},{"not_picked":["Wild Strike","Twin Strike+1"],"picked":"Sentinel","floor":25.0},{"not_picked":["Juggernaut","Perfected Strike"],"picked":"True Grit","floor":28.0},{"not_picked":["Wild Strike","Flex+1"],"picked":"Shockwave","floor":31.0},{"not_picked":["Bludgeon","Corruption"],"picked":"Double Tap","floor":33.0},{"not_picked":["Anger+1","Heavy Blade+1","Iron Wave+1"],"picked":"SKIP","floor":35.0},{"not_picked":["Sword Boomerang+1","Havoc+1"],"picked":"True Grit+1","floor":37.0},{"not_picked":["Ghostly Armor+1","Headbutt"],"picked":"True Grit+1","floor":38.0},{"not_picked":["Double Tap","Rupture"],"picked":"Entrench+1","floor":40.0},{"not_picked":["Warcry+1","Rampage"],"picked":"Sentinel","floor":42.0},{"not_picked":["Heavy Blade","Anger+1","Carnage+1"],"picked":"SKIP","floor":45.0},{"not_picked":["Rage","Dropkick+1"],"picked":"Body Slam","floor":47.0},{"not_picked":["Dropkick+1","Cleave+1","Pommel Strike"],"picked":"SKIP","floor":54.0}],"player_experience":6029317,"relics_obtained":[{"floor":6.0,"key":"Bottled Tornado"},{"floor":9.0,"key":"Calipers"},{"floor":25.0,"key":"FossilizedHelix"},{"floor":26.0,"key":"Vajra"},{"floor":28.0,"key":"Magic Flower"},{"floor":40.0,"key":"Omamori"},{"floor":42.0,"key":"CaptainsWheel"},{"floor":45.0,"key":"Mercury Hourglass"},{"floor":47.0,"key":"Sundial"},{"floor":54.0,"key":"Bag of Marbles"}],"event_choices":[{"damage_healed":0.0,"max_hp_gain":0.0,"max_hp_loss":0.0,"gold_gain":0.0,"event_name":"World of Goop","player_choice":"Left Gold","floor":7.0,"gold_loss":49.0,"damage_taken":0.0},{"damage_healed":0.0,"max_hp_gain":0.0,"max_hp_loss":5.0,"gold_gain":0.0,"event_name":"Golden Idol","player_choice":"Lose Max HP","floor":8.0,"gold_loss":0.0,"damage_taken":0.0,"relics_obtained":["Golden Idol"]},{"damage_healed":0.0,"max_hp_gain":0.0,"max_hp_loss":0.0,"gold_gain":0.0,"event_name":"Living Wall","player_choice":"Grow","floor":12.0,"gold_loss":0.0,"damage_taken":0.0,"cards_upgraded":["Dark Embrace"]},{"damage_healed":0.0,"max_hp_gain":0.0,"max_hp_loss":0.0,"gold_gain":0.0,"event_name":"Forgotten Altar","player_choice":"Gave Idol","floor":19.0,"relics_lost":["Golden Idol"],"gold_loss":0.0,"damage_taken":0.0,"relics_obtained":["Bloody Idol"]},{"damage_healed":0.0,"max_hp_gain":0.0,"max_hp_loss":0.0,"gold_gain":0.0,"event_name":"Back to Basics","player_choice":"Simplicity","floor":20.0,"gold_loss":0.0,"damage_taken":0.0,"cards_upgraded":["Strike_R","Strike_R","Strike_R","Defend_R","Defend_R","Defend_R","Defend_R"]},{"damage_healed":0.0,"max_hp_gain":0.0,"max_hp_loss":0.0,"gold_gain":0.0,"event_name":"The Library","player_choice":"Read","floor":29.0,"gold_loss":0.0,"damage_taken":0.0,"cards_obtained":["Inflame"]},{"cards_removed":["Strike_R"],"damage_healed":0.0,"max_hp_gain":0.0,"max_hp_loss":0.0,"gold_gain":0.0,"event_name":"Beggar","player_choice":"Gave Gold","floor":30.0,"gold_loss":75.0,"damage_taken":0.0},{"damage_healed":0.0,"max_hp_gain":0.0,"max_hp_loss":0.0,"gold_gain":0.0,"event_name":"WeMeetAgain","player_choice":"Paid Gold","floor":36.0,"gold_loss":77.0,"damage_taken":0.0,"relics_obtained":["Orichalcum"]},{"damage_healed":0.0,"max_hp_gain":0.0,"max_hp_loss":0.0,"gold_gain":0.0,"event_name":"Winding Halls","player_choice":"Embrace Madness","floor":39.0,"gold_loss":0.0,"damage_taken":9.0,"cards_obtained":["Madness","Madness"]},{"damage_healed":0.0,"max_hp_gain":0.0,"max_hp_loss":0.0,"gold_gain":0.0,"event_name":"MindBloom","player_choice":"Fight","floor":42.0,"gold_loss":0.0,"damage_taken":0.0},{"cards_removed":["Shrug It Off"],"damage_healed":0.0,"max_hp_gain":0.0,"max_hp_loss":0.0,"gold_gain":0.0,"event_name":"Falling","player_choice":"Removed Skill","floor":48.0,"gold_loss":0.0,"damage_taken":0.0}],"is_beta":false,"boss_relics":[{"not_picked":["Ectoplasm","Astrolabe"],"picked":"Coffee Dripper"},{"not_picked":["Black Star","Fusion Hammer"],"picked":"Runic Pyramid"}],"items_purged_floors":[],"is_endless":false,"potions_floor_spawned":[1,6,14,16,18,25,33,35,38,42,47],"ascension_level":9}}