{"host":"zsnmfqgcm92hlreo","time":1612050466,"event":{"mods":["AchievementEnabler","BaseMod","Bestiary","Block Reminder","Colored Powertips","Minty Spire (QoL Compilation)","Permanent Neow","Quick Restart","Relic Stats","Weighted Paths"],"gold_per_floor":[118,131,131,141,158,158,158,158],"floor_reached":7,"language":"ENG","playtime":340,"items_purged":[],"score":86,"play_id":"d393db33-311a-4f95-9ff0-8d95e9a10c26","local_time":"20210130174746","is_ascension_mode":true,"campfire_choices":[{"floor":6,"key":"REST"}],"circlet_count":0,"master_deck":["AscendersBane","Strike_G","Strike_G","Strike_G","Strike_G","Strike_G","Defend_G","Defend_G","Defend_G","Defend_G","Defend_G","Survivor","Neutralize","Acrobatics","Caltrops","Dodge and Roll","Poisoned Stab"],"relics":["Philosopher\u0027s Stone"],"acts_visited":["Exordium"],"potions_floor_usage":[5,7],"damage_taken":[{"damage":6,"enemies":"2 Louse","floor":1,"turns":4},{"damage":4,"enemies":"Cultist","floor":2,"turns":4},{"damage":6,"enemies":"Small Slimes","floor":4,"turns":4},{"damage":29,"enemies":"Gremlin Gang","floor":5,"turns":4},{"damage":38,"enemies":"3 Sentries","floor":7,"turns":8}],"seed_played":"2839576150252895653","potions_obtained":[{"floor":3,"key":"Poison Potion"},{"floor":3,"key":"Fire Potion"}],"is_trial":false,"path_per_floor":["M","M","?","M","M","R","E"],"character_chosen":"THE_SILENT","items_purchased":[],"campfire_rested":1,"item_purchase_floors":[],"current_hp_per_floor":[53,49,49,43,14,33,0,0],"gold":158,"neow_bonus":"BOSS_RELIC","is_daily":false,"chose_seed":false,"campfire_upgraded":0,"win_rate":0.0,"timestamp":1612050466,"path_taken":["M","M","?","M","M","R","E"],"items_purchased_type":[],"build_version":"2020-12-22","purchased_purges":0,"victory":false,"max_hp_per_floor":[66,66,66,66,66,66,66,66],"relic_stats":{"counters":[5,24],"obtain_stats":[{"Philosopher\u0027s Stone":0,"Ring of the Snake":0},{"Philosopher\u0027s Stone":0,"Ring of the Snake":0},{"Philosopher\u0027s Stone":0,"Ring of the Snake":0}]},"card_choices":[{"not_picked":["Underhanded Strike","Bane"],"picked":"Acrobatics","floor":1},{"not_picked":["Quick Slash","Sucker Punch"],"picked":"Caltrops","floor":2},{"not_picked":["Distraction","Deflect"],"picked":"Dodge and Roll","floor":4},{"not_picked":["Quick Slash","Dodge and Roll"],"picked":"Poisoned Stab","floor":5}],"player_experience":959783,"relics_obtained":[],"event_choices":[{"damage_healed":0,"gold_gain":0,"player_choice":"Got Potions","damage_taken":0,"max_hp_gain":0,"max_hp_loss":0,"event_name":"Lab","floor":3,"gold_loss":0}],"is_beta":false,"boss_relics":[],"items_purged_floors":[],"is_endless":false,"potions_floor_spawned":[],"killed_by":"3 Sentries","ascension_level":20}}