{"host":"zzywh33h0f2x053k","time":1612013623,"event":{"mods":["Act Like it!","Aspiration","BaseMod","Colored Map","Gensokyo","Grow up Mod","GungeonMod","Hallownest","KomeijiMod","Minty Spire (QoL Compilation)","Quick Restart","Reimu£¨²©ÀöÁéÃÎ£©","RumiaBox-Â¶Ã×æ«µÄÉñÃØºÐ×Ó","Shop Mod","Spicy Shops","StSLib","The Bug Knight","WarShipGirlsR/Õ½½¢ÉÙÅ®R mod","Yakumo Yukari mod","Youmu£¨»êÆÇÑýÃÎ£©","noobMod","¡¾ÒÅÎï¿¨ÅÆ¡¿REMEMod","óô»ðÖ¸ÄÏ"],"gold_per_floor":[109,122,47,47,47,73,86,86,86,112,128,128,171,171,60,162,162,179,195,75,75,75,103,103,128,128,99,111,129,31,63,63,558,558,775,813,706,714,714,1087,1114,1062,1088,77,77,1031,1070,1106,1018,1007,1007,1027,402,431,412],"floor_reached":56,"language":"ZHS","playtime":3748,"items_purged":["Defend_R","Defend_R","Defend_R","Riddle With Holes","Eviscerate","Accuracy","Heavy Blade","Injury","Gensokyo:RPG","Flex"],"score":1550,"play_id":"e3b266cb-2ebf-4531-966d-3aec14c73e90","local_time":"20210130213343","is_ascension_mode":true,"campfire_choices":[{"data":"SemiAutomaton","floor":8,"key":"SMITH"},{"floor":12,"key":"RECALL"},{"data":"REME_Fury","floor":32,"key":"SMITH"}],"circlet_count":0,"master_deck":["Strike_R","Strike_R+1","Strike_R","Strike_R","REME_Cut+1","Dark Embrace","Anger","REME_FearOfPain","REME_Cut","REME_Fury+1","Anger+1","Cleave","Gensokyo:FourOfAKind","Gensokyo:FourOfAKind","Gensokyo:FourOfAKind","Gensokyo:FourOfAKind","Combust+1","Heavy Blade","Fire Breathing+1","Berserk","Rampage+1","Gensokyo:Kunekune","Berserk","Spot Weakness+1","REME_BattleFury+1","Inflame+1","Exhume"],"relics":["Black Blood","ice","REME_ComplimentaryCards","NeowsBlessing","GodSword3","Mummified Hand","Paper Frog","MerchantsRug","Gensokyo:DemonMask","aspiration:FetidBarrel","StoneCalendar","Gensokyo:ConquerorOfFear","DemoMod:WhiteGuonStone","REME_ArchaeologicalTools","aspiration:ChemicalBlood","REME_OnlineShoppingPlatform","DemoMod:DecoyRelic","Dream Catcher","ZombieArmy","Ice Cream","Medical Kit","Toolbox","Lizard Tail","HollowMod:StagPassRelic","Ornamental Fan","Strange Spoon","TheAbacus","Bag of Preparation","DemoMod:PoisonVial","Smiling Mask","ClockworkSouvenir","Sling","Self Forming Clay","SSSystem","aspiration:AnachronicSnailShell","Orichalcum","Bottled Tornado","Akabeko","DemoMod:JetPack","DemoMod:OrangeGuonStone","StrikeDummy","RuthlessExorcism:ReiMu","Boot","CrazyTorch:ReiMu","Anchor","HoshigumaDish","MagicDraw4","Whetstone","Art of War","InkBottle","DemoMod:AgedBell","MoreBug","Lantern","Letter Opener","Bottled Flame","Gremlin Horn","MagicDraw3","aspiration:HiddenCompartment"],"acts_visited":["Exordium","Gensokyo:Gensokyoer","Gensokyo:Gensokyoest","TheEnding"],"potions_floor_usage":[13,38,49,50,55,55],"damage_taken":[{"damage":0,"enemies":"Cultist","floor":1,"turns":1},{"damage":0,"enemies":"Jaw Worm","floor":2,"turns":1},{"damage":0,"enemies":"Lagavulin","floor":6,"turns":2},{"damage":14,"enemies":"2 Louse","floor":7,"turns":2},{"damage":23,"enemies":"Gremlin Nob","floor":10,"turns":4},{"damage":14,"enemies":"2 Fungi Beasts","floor":11,"turns":3},{"damage":30,"enemies":"Exordium Thugs","floor":13,"turns":4},{"damage":63,"enemies":"The Guardian","floor":16,"turns":6},{"damage":26,"enemies":"Gensokyo:AngelMirror","floor":18,"turns":3},{"damage":49,"enemies":"Gensokyo:CosmicMonolith","floor":19,"turns":5},{"damage":55,"enemies":"Gensokyo:Koishi","floor":23,"turns":5},{"damage":38,"enemies":"Gensokyo:Reisen","floor":25,"turns":3},{"damage":48,"enemies":"Gensokyo:Wraith","floor":28,"turns":5},{"damage":39,"enemies":"Gensokyo:Slime_Group","floor":29,"turns":3},{"damage":104,"enemies":"Gensokyo:Tenshi","floor":31,"turns":5},{"damage":51,"enemies":"Gensokyo:Eternal_Rivals","floor":33,"turns":5},{"damage":24,"enemies":"Gensokyo:3_Bats","floor":35,"turns":3},{"damage":14,"enemies":"Gensokyo:3_Boulders","floor":36,"turns":3},{"damage":49,"enemies":"Gensokyo:Rafflesia","floor":38,"turns":5},{"damage":62,"enemies":"Gensokyo:AtlasGolem","floor":41,"turns":5},{"damage":38,"enemies":"Gensokyo:Marisa","floor":47,"turns":3},{"damage":10,"enemies":"Gensokyo:4_Bats","floor":48,"turns":2},{"damage":6,"enemies":"Gensokyo:Yuyuko","floor":50,"turns":3},{"damage":0,"enemies":"Shield and Spear","floor":54,"turns":2},{"damage":28,"enemies":"The Heart","floor":55,"turns":4}],"seed_played":"5830355216673554051","potions_obtained":[{"floor":6,"key":"ZuzhouPotion:ReiMu"},{"floor":7,"key":"PowerPotion"},{"floor":11,"key":"REME_GoldPotion"},{"floor":16,"key":"BlessingOfTheForge"},{"floor":18,"key":"ZuzhouPotion:ReiMu"},{"floor":19,"key":"Fire Potion"},{"floor":29,"key":"Dexterity Potion"},{"floor":31,"key":"ColorlessPotion"},{"floor":36,"key":"DemoMod:LeadSkinPotion"}],"is_trial":false,"path_per_floor":["M","M","$","?","?","E","M","R","T","E","M","R","M","?","R","B",null,"M","M","?","?","T","E","?","E","T","R","M","M","COS","E","R","B",null,"M","M","$","M","?","R","M","R","T","COS","?","R","E","M","R","B",null,"R","$","E","B",null],"character_chosen":"IRONCLAD","items_purchased":["MerchantsRug","Dead Branch","REME_OnlineShoppingPlatform","DemoMod:DecoyRelic","Dream Catcher","ZombieArmy","Ice Cream","Strawberry","Medical Kit","Toolbox","Lizard Tail","HollowMod:StagPassRelic","Ornamental Fan","Strange Spoon","TheAbacus","Bag of Preparation","DemoMod:PoisonVial","CeramicFish","Self Forming Clay","SSSystem","aspiration:AnachronicSnailShell","Orichalcum","Heavy Blade","Bottled Tornado","DemoMod:JetPack","DemoMod:OrangeGuonStone","StrikeDummy","RuthlessExorcism:ReiMu","Boot","CrazyTorch:ReiMu","HoshigumaDish","MagicDraw4","Whetstone","Art of War","InkBottle","DemoMod:AgedBell","MoreBug","Lantern","Letter Opener","Bottled Flame","REME_BattleFury","Gremlin Horn","MagicDraw3","Inflame"],"campfire_rested":0,"item_purchase_floors":[15,27,37,37,37,37,40,40,40,40,40,42,42,42,42,42,42,46,46,46,46,46,46,46,49,49,49,49,49,49,52,52,52,52,52,52,53,53,53,53,53,53,53,53],"current_hp_per_floor":[100,110,120,130,140,150,152,162,172,165,167,177,163,173,183,136,260,250,217,227,213,223,184,194,172,182,192,160,137,147,59,69,34,343,341,349,359,332,342,359,319,329,339,363,373,383,367,379,394,404,525,535,545,555,566],"gold":412,"neow_bonus":"THREE_ENEMY_KILL","is_daily":false,"chose_seed":false,"campfire_upgraded":2,"win_rate":0.0,"timestamp":1612013623,"path_taken":["M","M","?","?","?","E","M","R","T","E","M","R","M","?","R","BOSS","M","M","?","?","?","E","?","E","T","R","M","?","COS","E","R","BOSS","M","M","$","M","?","R","?","R","T","COS","?","R","E","M","R","BOSS","R","$","E","BOSS"],"items_purchased_type":["Relic","Relic","Relic","Relic","Relic","Relic","Relic","Relic","Relic","Relic","Relic","Relic","Relic","Relic","Relic","Relic","Relic","Relic","Relic","Relic","Relic","Relic","Card","Relic","Relic","Relic","Relic","Relic","Relic","Relic","Relic","Relic","Relic","Relic","Relic","Relic","Relic","Relic","Relic","Relic","Card","Relic","Relic","Card"],"build_version":"2020-12-22","purchased_purges":10,"victory":true,"max_hp_per_floor":[100,110,120,130,140,150,160,170,180,190,200,210,220,230,240,250,260,270,280,290,213,223,233,243,253,263,273,283,293,303,313,323,333,343,353,363,373,383,393,410,420,430,440,450,460,470,480,490,505,515,525,535,545,555,575],"card_choices":[{"not_picked":["Pommel Strike","Twin Strike","Clothesline"],"picked":"SKIP","floor":1},{"not_picked":["Warcry","Fire Breathing"],"picked":"REME_Cut","floor":2},{"not_picked":["Disarm","Battle Trance"],"picked":"Dark Embrace","floor":6},{"not_picked":["Pommel Strike","Immolate"],"picked":"Anger","floor":7},{"not_picked":["Carnage","Brutality"],"picked":"REME_FearOfPain","floor":10},{"not_picked":["Iron Wave","Uppercut"],"picked":"REME_Cut","floor":11},{"not_picked":["Sword Boomerang","Body Slam"],"picked":"Flex","floor":13},{"not_picked":["Juggernaut","Feed"],"picked":"REME_Fury","floor":16},{"not_picked":["Flex","Pommel Strike"],"picked":"Anger","floor":18},{"not_picked":["Disarm","Clash"],"picked":"Cleave","floor":19},{"not_picked":["Wild Strike+1","Clothesline+1","Impervious"],"picked":"SKIP","floor":23},{"not_picked":["Flex+1","Thunderclap+1"],"picked":"Combust+1","floor":25},{"not_picked":["Fire Breathing","Clothesline"],"picked":"Heavy Blade","floor":28},{"not_picked":["Iron Wave","Armaments"],"picked":"Fire Breathing+1","floor":29},{"not_picked":["Power Through+1","Shrug It Off","Perfected Strike"],"picked":"SKIP","floor":31},{"not_picked":["Barricade","Feed"],"picked":"Berserk","floor":33},{"not_picked":["Armaments","Havoc","Iron Wave+1"],"picked":"SKIP","floor":35},{"not_picked":["DemoMod:BlackBlade","Heavy Blade"],"picked":"Rampage+1","floor":36},{"not_picked":["Reckless Charge+1","Clothesline","Thunderclap+1"],"picked":"SKIP","floor":38},{"not_picked":["Power Through","Headbutt+1","REME_Scribble"],"picked":"SKIP","floor":41},{"not_picked":["Twin Strike","Carnage","Uppercut"],"picked":"SKIP","floor":47},{"not_picked":["Double Tap","Reaper"],"picked":"Berserk","floor":48},{"not_picked":["Headbutt+1","True Grit"],"picked":"Spot Weakness+1","floor":48},{"not_picked":["Clash","True Grit+1"],"picked":"Exhume","floor":54}],"player_experience":12546,"relics_obtained":[{"floor":6,"key":"GodSword3"},{"floor":9,"key":"Mummified Hand"},{"floor":10,"key":"Paper Frog"},{"floor":22,"key":"aspiration:FetidBarrel"},{"floor":23,"key":"StoneCalendar"},{"floor":25,"key":"Gensokyo:ConquerorOfFear"},{"floor":25,"key":"DemoMod:WhiteGuonStone"},{"floor":31,"key":"REME_ArchaeologicalTools"},{"floor":43,"key":"Smiling Mask"},{"floor":47,"key":"Akabeko"},{"floor":54,"key":"DemoMod:WeirdEgg"}],"event_choices":[{"damage_healed":0,"gold_gain":0,"player_choice":"Leave","damage_taken":0,"max_hp_gain":0,"max_hp_loss":0,"event_name":"The Cleric","floor":4,"gold_loss":0},{"cards_removed":["Defend_R"],"damage_healed":0,"gold_gain":0,"player_choice":"Forget","damage_taken":0,"max_hp_gain":0,"max_hp_loss":0,"event_name":"Living Wall","floor":5,"gold_loss":0},{"damage_healed":0,"gold_gain":0,"player_choice":"Forge","damage_taken":0,"max_hp_gain":0,"max_hp_loss":0,"event_name":"Accursed Blacksmith","floor":14,"gold_loss":0,"cards_upgraded":["REME_Cut"]}],"is_beta":false,"boss_relics":[{"not_picked":["SacredBark","SoulBox"],"picked":"aspiration:RunicSpoon"},{"not_picked":["Sozu","aspiration:FutureDiary"],"picked":"Black Blood"}],"items_purged_floors":[3,37,37,40,42,42,46,49,52,53],"is_endless":false,"potions_floor_spawned":[6,7,11,16,18,19,29,31,36,47,48],"ascension_level":3}}