{"host":"2e5gbsni44p3458r","time":1612007611,"event":{"mods":["BaseMod","Colored Map","Downfall","Hermit","Minty Spire (QoL Compilation)","Replay The Spire","StSLib","The Cursed"],"gold_per_floor":[99,99,99,99,99,99,150,175,175,195,205,205,223,249,266,364,364,264,275,275,275,290,290,290,290,301,64,89,14,214,240,260,260,260,260],"floor_reached":33,"language":"ENG","playtime":2066,"items_purged":["Slimebound:Strike_Slimebound"],"score":335,"play_id":"f49a7395-70a5-44cd-95fe-393c0d28cff3","local_time":"20210130205331","is_ascension_mode":true,"campfire_choices":[{"data":"Slimebound:Split","floor":1,"key":"SMITH"},{"data":"Slimebound:Gluttony","floor":9,"key":"SMITH"},{"floor":12,"key":"RECALL"}],"circlet_count":0,"master_deck":["Slimebound:Strike_Slimebound","Slimebound:Strike_Slimebound","Slimebound:Tackle","Slimebound:Defend_Slimebound","Slimebound:Defend_Slimebound+1","Slimebound:Defend_Slimebound+1","Slimebound:Defend_Slimebound","Slimebound:Split+1","Slimebound:CorrosiveSpit+1","Slimebound:Recycling","Slimebound:MegaLick","Slimebound:PressTheAttack","Slimebound:OozeBath","Slimebound:LeechEnergy","Slimebound:MassFeed","Slimebound:SplitSpecialist","Slimebound:SlimeBarrage+1","Necronomicurse","Slimebound:SpikyOuterGoop","Slimebound:SlimeSpikes+1","Slimebound:AcidTongue","Slimebound:GrowthPunch","Slimebound:TagTeam","Slimebound:LevelUp"],"relics":["Slimebound:AbsorbEndCombat","downfall:HeartsMalice","Lantern","ReplayTheSpireMod:TigerMarble","War Paint","sneckomod:SneckoTalon","downfall:HeartBlessingRed","Necronomicon","Matryoshka","Membership Card","Omamori","Mercury Hourglass"],"acts_visited":["Exordium","TheCity"],"potions_floor_usage":[8,11,14,16,29,33,33,33],"damage_taken":[{"damage":0,"enemies":"2 Louse","floor":3,"turns":1},{"damage":0,"enemies":"Cultist","floor":5,"turns":1},{"damage":0,"enemies":"Small Slimes","floor":6,"turns":1},{"damage":10,"enemies":"Gremlin Nob","floor":8,"turns":3},{"damage":7,"enemies":"2 Fungi Beasts","floor":10,"turns":4},{"damage":0,"enemies":"3 Louse","floor":11,"turns":2},{"damage":13,"enemies":"Gremlin Gang","floor":13,"turns":4},{"damage":8,"enemies":"Lagavulin","floor":14,"turns":5},{"damage":4,"enemies":"Exordium Thugs","floor":15,"turns":3},{"damage":61,"enemies":"IC_STATUS_ARCHETYPE","floor":16,"turns":9},{"damage":25,"enemies":"Spheric Guardian","floor":19,"turns":5},{"damage":18,"enemies":"Chosen and Byrds","floor":22,"turns":5},{"damage":8,"enemies":"Sentry and Sphere","floor":26,"turns":5},{"damage":0,"enemies":"downfall:FleeingMerchant","floor":27,"turns":4},{"damage":7,"enemies":"Book of Stabbing","floor":28,"turns":4},{"damage":0,"enemies":"downfall:FleeingMerchant","floor":29,"turns":4},{"damage":17,"enemies":"Replay:Snechameleon","floor":31,"turns":5},{"damage":18,"enemies":"Shelled Parasite and Fungi","floor":32,"turns":5},{"damage":55,"enemies":"DF_ARCHETYPE_CLAW","floor":33,"turns":5}],"seed_played":"-5359758972526294218","potions_obtained":[{"floor":4,"key":"Slimebound:ThreeZeroPotion"},{"floor":4,"key":"SmokeBomb"},{"floor":4,"key":"LifebloodPotion"},{"floor":8,"key":"SkillPotion"},{"floor":10,"key":"Ancient Potion"},{"floor":11,"key":"hexamod:SoulburnPotion"},{"floor":15,"key":"Dexterity Potion"},{"floor":16,"key":"bronze:BurnAndBuffPotion"},{"floor":31,"key":"Slimebound:SlimyTonguePotion"},{"floor":32,"key":"Explosive Potion"}],"is_trial":false,"path_per_floor":["R","?","M","?","M","M","T","E","R","M","M","R","M","E","M","B",null,"R_BF","M","?","?","M","?","T","?","M","$","E","$","?","E","M","B"],"character_chosen":"SLIMEBOUND","items_purchased":["Membership Card","Slimebound:AcidTongue","Slimebound:LevelUp","PowerPotion"],"campfire_rested":0,"item_purchase_floors":[27,27,29,29],"current_hp_per_floor":[65,65,65,65,65,65,65,57,57,56,64,64,55,55,59,25,65,65,46,30,30,20,20,20,20,18,26,27,33,33,24,16,0,0,0],"gold":260,"neow_bonus":"THREE_ENEMY_KILL","is_daily":false,"chose_seed":false,"campfire_upgraded":2,"win_rate":0.0,"timestamp":1612007611,"path_taken":["R","?","?","?","?","M","T","E","R","?","M","R","M","E","M","BOSS","R_BF","M","?","?","M","?","T","?","?","$","E","?","?","E","M","BOSS"],"items_purchased_type":["Relic","Card","Card","Potion"],"build_version":"2020-12-22","purchased_purges":1,"victory":false,"max_hp_per_floor":[65,65,65,65,65,65,65,65,65,65,65,65,65,65,65,65,65,65,65,65,65,65,65,65,65,65,65,65,65,65,65,65,65,65,65],"card_choices":[{"not_picked":["Slimebound:HauntingLick","Slimebound:LeechEnergy"],"picked":"Slimebound:Gluttony","floor":3},{"not_picked":["Slimebound:SplitLeeching","Slimebound:SlimeSpikes","Slimebound:PressTheAttack"],"picked":"SKIP","floor":5},{"not_picked":["Slimebound:SplitBruiser","Slimebound:Prepare","Slimebound:DivideAndConquer"],"picked":"SKIP","floor":6},{"not_picked":["Slimebound:Prepare","Slimebound:SamplingLick"],"picked":"Slimebound:Recycling","floor":8},{"not_picked":["Slimebound:ComboTackle","Slimebound:Nibble"],"picked":"Slimebound:MegaLick","floor":10},{"not_picked":["Slimebound:ForwardTackle","Slimebound:SplitBruiser","Slimebound:DisruptingSlam"],"picked":"SKIP","floor":11},{"not_picked":["Slimebound:SplitLeeching","Slimebound:ItLooksTasty"],"picked":"Slimebound:PressTheAttack","floor":13},{"not_picked":["Slimebound:PressTheAttack","Slimebound:Equalize"],"picked":"Slimebound:OozeBath","floor":14},{"not_picked":["Slimebound:SplitLeeching","Slimebound:Chomp"],"picked":"Slimebound:LeechEnergy","floor":15},{"not_picked":["Slimebound:OozeBath","Slimebound:CheckThePlaybook"],"picked":"Slimebound:MassFeed","floor":16},{"not_picked":["Slimebound:Replication+1","Slimebound:Equalize"],"picked":"Slimebound:SlimeBarrage","floor":19},{"not_picked":["Slimebound:HauntingLick","Slimebound:RejuvenatingLick"],"picked":"Slimebound:SlimeSpikes+1","floor":22},{"not_picked":["Slimebound:SamplingLick+1","Slimebound:ComboTackle+1","Slimebound:FinishingTackle"],"picked":"SKIP","floor":26},{"not_picked":["Slimebound:SlimeSpikes","Slimebound:GoopSpray","Slimebound:GoopTackle"],"picked":"SKIP","floor":27},{"not_picked":["Slimebound:SpikyOuterGoop","Slimebound:Gluttony+1"],"picked":"Slimebound:GrowthPunch","floor":28},{"not_picked":["Slimebound:GrowthPunch","Slimebound:SplitMire"],"picked":"Slimebound:TagTeam","floor":29},{"not_picked":["Slimebound:ComboTackle","Slimebound:LeechingTouch+1","Slimebound:PressTheAttack"],"picked":"SKIP","floor":31},{"not_picked":["Slimebound:ComboTackle+1","Slimebound:RejuvenatingLick","Slimebound:DivideAndConquer+1"],"picked":"SKIP","floor":32}],"player_experience":785205,"relics_obtained":[{"floor":7,"key":"Lantern"},{"floor":8,"key":"ReplayTheSpireMod:TigerMarble"},{"floor":14,"key":"War Paint"},{"floor":20,"key":"Necronomicon"},{"floor":24,"key":"Matryoshka"},{"floor":28,"key":"Omamori"},{"floor":31,"key":"Mercury Hourglass"}],"event_choices":[{"damage_healed":0,"gold_gain":0,"player_choice":"Got Potions","damage_taken":0,"max_hp_gain":0,"max_hp_loss":0,"event_name":"Lab","floor":4,"gold_loss":0},{"damage_healed":0,"gold_gain":0,"player_choice":"Read","damage_taken":0,"max_hp_gain":0,"max_hp_loss":0,"event_name":"The Library","floor":21,"gold_loss":0,"cards_obtained":["Slimebound:SpikyOuterGoop"]},{"damage_healed":0,"gold_gain":0,"player_choice":"Forge","damage_taken":0,"max_hp_gain":0,"max_hp_loss":0,"event_name":"Accursed Blacksmith","floor":25,"gold_loss":0,"cards_upgraded":["Slimebound:SlimeBarrage"]}],"is_beta":false,"boss_relics":[{"not_picked":["Busted Crown","SacredBark"],"picked":"sneckomod:SneckoTalon"}],"items_purged_floors":[27],"is_endless":false,"potions_floor_spawned":[8,10,11,15,16,31,32],"killed_by":"DF_ARCHETYPE_CLAW","ascension_level":3}}