{"host":"oc9j5nmpwz4e9fqj","time":1612034756,"event":{"mods":["ATMod(阿瑾Mod)","AchievementEnabler","BaseMod","Conspire","KomeijiMod","Lobotomy","Minty Spire (QoL Compilation)","Replay The Spire","StSLib","TestMod","[IsaacMod]以撒尖塔","【遗物卡牌】REMEMod"],"gold_per_floor":[523,523,523,186,622,648,648,681,681,681,681,681,681,681,681,1009,1009,2850,2850,3337,3337,3337,3337,3337,3337],"floor_reached":24,"language":"ZHS","playtime":1053,"items_purged":["Strike_G"],"score":479,"play_id":"9abd5047-f81e-4e1a-89a1-91b47a20983a","local_time":"20210131042556","is_ascension_mode":true,"campfire_choices":[{"floor":7.0,"key":"RECALL"},{"floor":10.0,"key":"REST"},{"floor":15.0,"key":"REST"},{"data":"Poisoned Stab","floor":17.0,"key":"SMITH"}],"circlet_count":0,"master_deck":["AscendersBane","Strike_G","Strike_G","Strike_G","Strike_G","Defend_G","Defend_G","Defend_G","Defend_G","Defend_G","Survivor","Neutralize","Backstab","Dagger Spray","Alriune","Poisoned Stab+1","BeautyBeast","CherryBlossoms","Variant","Glass Knife","PiercingWail","QueenOfHatred","Deadly Poison","Woodsman","Adrenaline"],"relics":["Ring of the Snake","testmod-TestBox","HushsDoor","AT_ATBox","REME_ComplimentaryCards","GuppysTail","testmod-Fortitude","CogitoBucket","DoctorsRemote","BookOfRevelations","Pocketwatch","Thread and Needle","SlaversCollar","GuppysHead","ChangeAnything"],"acts_visited":["Exordium","TheCity"],"potions_floor_usage":[],"damage_taken":[{"damage":1.0,"enemies":"2 Louse","floor":1.0,"turns":3.0},{"damage":3.0,"enemies":"Small Slimes","floor":5.0,"turns":4.0},{"damage":10.0,"enemies":"3 Sentries","floor":6.0,"turns":4.0},{"damage":26.0,"enemies":"Gremlin Nob","floor":8.0,"turns":4.0},{"damage":0.0,"enemies":"Cultist","floor":16.0,"turns":3.0},{"damage":31.0,"enemies":"The Guardian","floor":18.0,"turns":9.0},{"damage":1,"enemies":"2 Thieves","floor":20,"turns":5},{"damage":3,"enemies":"Chosen","floor":22,"turns":5},{"damage":29,"enemies":"Snecko","floor":23,"turns":5},{"damage":30,"enemies":"Centurion and Healer","floor":24,"turns":4}],"seed_played":"-7072956509427899903","potions_obtained":[{"floor":1.0,"key":"Poison Potion"},{"floor":5.0,"key":"REME_GoldPotion"},{"floor":16.0,"key":"Toxic Potion"},{"floor":20,"key":"Block Potion"}],"is_trial":false,"path_per_floor":["M","?","?","$","M","E","R","E","T","R","?","PTL","PTL","?","R","M","R","B",null,"M","?","M","M","M"],"character_chosen":"THE_SILENT","items_purchased":["DoctorsRemote","GuppysHead"],"campfire_rested":2,"item_purchase_floors":[4,19],"current_hp_per_floor":[58,58,58,58,55,45,45,19,19,38,38,38,38,38,57,57,57,26,49,48,33,30,10,0,0],"gold":3337,"neow_bonus":"","is_daily":false,"chose_seed":false,"campfire_upgraded":1,"win_rate":0.0,"timestamp":1612034756,"path_taken":["M","?","?","$","?","E","R","E","T","R","?","PTL","PTL","?","R","M","R","BOSS","BOSS","M","?","M","M","?"],"items_purchased_type":["Relic","Relic"],"build_version":"2020-12-22","purchased_purges":1,"victory":false,"max_hp_per_floor":[66,66,66,66,66,66,66,66,66,66,66,66,66,66,66,66,66,66,56,56,61,61,61,61,61],"card_choices":[{"not_picked":["Variant","WhitesApple","SpiderBud"],"picked":"Singing Bowl","floor":1.0},{"not_picked":["ReplayTheSpireMod:Scrap Shanks","AT_WindFlip"],"picked":"Dagger Spray","floor":1.0},{"not_picked":["conspire:PoisonWeapons","Leg Sweep","Dagger Throw"],"picked":"SKIP","floor":1.0},{"not_picked":["Variant","Porccubus"],"picked":"Alriune","floor":5.0},{"not_picked":["Prepared","Setup"],"picked":"Poisoned Stab","floor":5.0},{"not_picked":["Envenom","Blade Dance","Infinite Blades"],"picked":"SKIP","floor":5.0},{"not_picked":["Envenom","Blade Dance","Infinite Blades"],"picked":"SKIP","floor":5.0},{"not_picked":["Wellcheers","CrumblingArmor"],"picked":"BeautyBeast","floor":6.0},{"not_picked":["Prepared","Quick Slash","Dagger Throw"],"picked":"SKIP","floor":6.0},{"not_picked":["Scorched","MHz"],"picked":"CherryBlossoms","floor":8.0},{"not_picked":["AT_ShadowStep","AT_TwilightShroud","Catalyst"],"picked":"SKIP","floor":8.0},{"not_picked":["AT_ShadowStep","AT_TwilightShroud","Catalyst"],"picked":"SKIP","floor":8.0},{"not_picked":["WallGazer","SpiderBud"],"picked":"Variant","floor":16.0},{"not_picked":["AT_ShadowStep","Bane","Cloak And Dagger"],"picked":"SKIP","floor":16.0},{"not_picked":["Catalyst","Flying Knee","Dagger Throw"],"picked":"SKIP","floor":16.0},{"not_picked":["AT_ShadowStep","Bane","Cloak And Dagger"],"picked":"SKIP","floor":16.0},{"not_picked":["Catalyst","Flying Knee","Dagger Throw"],"picked":"SKIP","floor":16.0},{"not_picked":["Wraith Form v2","Doppelganger"],"picked":"Glass Knife","floor":18},{"not_picked":["Funeral","UniverseFragment","MHz"],"picked":"Singing Bowl","floor":20},{"not_picked":["Outmaneuver","Heel Hook+1"],"picked":"PiercingWail","floor":20},{"not_picked":["Cloak And Dagger","Dagger Throw","Underhanded Strike+1"],"picked":"SKIP","floor":20},{"not_picked":["Cloak And Dagger","Dagger Throw","Underhanded Strike+1"],"picked":"SKIP","floor":20},{"not_picked":["Cloak And Dagger","Dagger Throw","Underhanded Strike+1"],"picked":"SKIP","floor":20},{"not_picked":["Scorched","OldLady","OSAHOGD"],"picked":"Singing Bowl","floor":22},{"not_picked":["OSAHOGD","ShyLook"],"picked":"QueenOfHatred","floor":22},{"not_picked":["Prepared","AT_WindFlip"],"picked":"Deadly Poison","floor":22},{"not_picked":["Underhanded Strike","AT_WindRun+1","Dodge and Roll"],"picked":"SKIP","floor":22},{"not_picked":["Porccubus","OldLady"],"picked":"Woodsman","floor":23},{"not_picked":["ReplayTheSpireMod:The Works+1","conspire:DoublingDagger"],"picked":"Adrenaline","floor":23},{"not_picked":["Slice","Blur","Poisoned Stab"],"picked":"SKIP","floor":23}],"player_experience":243618,"relics_obtained":[{"floor":6.0,"key":"BookOfRevelations"},{"floor":18,"key":"Pocketwatch"},{"floor":18,"key":"Thread and Needle"}],"event_choices":[{"damage_healed":0.0,"max_hp_gain":0.0,"max_hp_loss":0.0,"gold_gain":0.0,"event_name":"Shining Light","player_choice":"Ignored","floor":2.0,"gold_loss":0.0,"damage_taken":0.0},{"damage_healed":0.0,"max_hp_gain":0.0,"max_hp_loss":0.0,"gold_gain":0.0,"event_name":"给自己的盒子","player_choice":"Ignored","floor":11.0,"gold_loss":0.0,"damage_taken":0.0},{"damage_healed":0.0,"max_hp_gain":0.0,"max_hp_loss":0.0,"gold_gain":0.0,"event_name":"Match and Keep!","player_choice":"0 cards matched","floor":14.0,"gold_loss":0.0,"damage_taken":0.0,"cards_obtained":[]},{"damage_healed":0,"gold_gain":0,"player_choice":"Shed Blood","damage_taken":20,"max_hp_gain":5,"max_hp_loss":0,"event_name":"Forgotten Altar","floor":21,"gold_loss":0}],"is_beta":false,"boss_relics":[{"not_picked":["Replay:Ancient Bell","REME_DemonsWealth"],"picked":"SlaversCollar"},{"not_picked":[]}],"items_purged_floors":[4],"is_endless":false,"potions_floor_spawned":[1,1,5,16,16,18,20,22,23,23,23],"killed_by":"Centurion and Healer","ascension_level":20}}