{"host":"5v9rfzf5qju8k9wy","time":1612010720,"event":{"mods":["Act Like it!","Arknights The Spire","BaseMod","Gensokyo","Marisa£®ÏF”Í°°ƒß¿Ì…≥£©","Minty Spire (QoL Compilation)","Reimu£®≤©¿ˆ¡È√Œ£©","Remilia£®¿Ÿ√◊¿Ú—«£©","Replay The Spire","StSLib","The Administrix","Youmu£®ªÍ∆«—˝√Œ£©"],"gold_per_floor":[114,125,144,144,144,179,190,208,258,276,10,10,310,453,453,503,503],"floor_reached":16,"language":"ZHS","playtime":1102,"items_purged":[],"score":106,"play_id":"de795cd0-f12a-4d3e-a9e0-c49062d4d61c","local_time":"20210130204520","is_ascension_mode":false,"campfire_choices":[{"data":"FastingOfTheYoungPreta","floor":12.0,"key":"SMITH"},{"data":"SpiritMediumsBind","floor":15,"key":"SMITH"}],"circlet_count":0,"master_deck":["Strike_YM","Strike_YM","Strike_YM","Strike_YM","Defend_YM","Defend_YM","Defend_YM","Defend_YM","WheelOfPainOfLivingAndDead","SwordExtraction","LifeCuttingSword","ASingleThoughtAndInfiniteKalpas","SlashOfMeditation","SanzenSekai","FastingOfTheYoungPreta+1","Gensokyo:MonkeysPaw","Gensokyo:BlemishedSteel","SpiritMediumsBind+1","ThoughtCuttingSword"],"relics":["HalfPhantom","NeowsBlessing","Gensokyo:OccultBall","Gensokyo:Mercy","Replay:Bottled Steam"],"acts_visited":["Gensokyo:Gensokyo"],"potions_floor_usage":[14,16],"damage_taken":[{"damage":0.0,"enemies":"Gensokyo:Gryphon","floor":1.0,"turns":1.0},{"damage":0.0,"enemies":"Gensokyo:2_Kodama","floor":2.0,"turns":1.0},{"damage":0.0,"enemies":"Gensokyo:3_Fairies","floor":3.0,"turns":1.0},{"damage":7.0,"enemies":"Gensokyo:Mamizou","floor":6.0,"turns":11.0},{"damage":0.0,"enemies":"Gensokyo:VengefulSpirit","floor":7.0,"turns":4.0},{"damage":7.0,"enemies":"Gensokyo:3_Kodama","floor":8.0,"turns":5.0},{"damage":2.0,"enemies":"Gensokyo:2_Rabbits","floor":10.0,"turns":5.0},{"damage":33.0,"enemies":"Gensokyo:Python_and_Kodama","floor":13.0,"turns":5.0},{"damage":15,"enemies":"Gensokyo:Kitsune","floor":14,"turns":3},{"damage":11,"enemies":"Gensokyo:Yukari","floor":16,"turns":3}],"seed_played":"-4231451593961128306","potions_obtained":[{"floor":1.0,"key":"EntropicBrew"},{"floor":2.0,"key":"Weak Potion"},{"floor":7.0,"key":"Venom Potion"},{"floor":8.0,"key":"Fire Potion"}],"is_trial":false,"path_per_floor":["M","M","M","?","?","E","M","M","T","M","COS","R","M","M","R","B"],"character_chosen":"YOUMU","items_purchased":[],"campfire_rested":0,"item_purchase_floors":[],"current_hp_per_floor":[75,75,75,75,75,68,68,61,61,59,59,59,26,11,11,0,0],"gold":503,"neow_bonus":"THREE_ENEMY_KILL","is_daily":false,"chose_seed":false,"campfire_upgraded":2,"win_rate":0.0,"timestamp":1612010720,"path_taken":["M","M","M","?","?","E","M","?","T","M","COS","R","?","M","R","BOSS"],"items_purchased_type":[],"build_version":"2020-12-22","purchased_purges":0,"victory":false,"max_hp_per_floor":[75,75,75,75,75,75,75,75,75,75,75,75,75,75,75,75,75],"card_choices":[{"not_picked":["PreachingAvici","SwordOfBindingDesires"],"picked":"AsTheSilentNirvana","floor":1.0},{"not_picked":["ConstancyOfTheConventionalTruth","SanzenSekai"],"picked":"SwordExtraction","floor":2.0},{"not_picked":["TenKingsRetributionOnThePreta","ConstancyOfTheConventionalTruth"],"picked":"LifeCuttingSword","floor":3.0},{"not_picked":["LowerRealmReflectionSlash","SwordExtraction"],"picked":"ASingleThoughtAndInfiniteKalpas","floor":6.0},{"not_picked":["SpiderLilyBurial","ThreeKonsSevenHakus"],"picked":"SlashOfMeditation","floor":7.0},{"not_picked":["CrescentMoonSlash","LowerRealmReflectionSlash"],"picked":"SanzenSekai","floor":8.0},{"not_picked":["PhosphoricSlash","TwoHundredYojanaInOneSlash"],"picked":"FastingOfTheYoungPreta","floor":10.0},{"not_picked":["LowerRealmReflectionSlash","SwordExtraction"],"picked":"SpiritMediumsBind","floor":13.0},{"not_picked":["CrescentMoonSlash","SwordExtraction"],"picked":"ThoughtCuttingSword","floor":14}],"player_experience":105113,"relics_obtained":[{"floor":6.0,"key":"Replay:Bottled Steam"}],"event_choices":[],"is_beta":false,"boss_relics":[],"items_purged_floors":[],"is_endless":false,"potions_floor_spawned":[1,2,7,8],"killed_by":"Gensokyo:Yukari","ascension_level":0}}