{"host":"bq4pt811tk9yrmjl","time":1612019491,"event":{"mods":["AchievementEnabler","BaseMod","Colored Map","Colored Powertips","Defuse TimeMaze Blight","Hermit","Minty Spire (QoL Compilation)","StSLib","SuperFastMode"],"gold_per_floor":[112,112,112,130,130,155,168,201,201,213,213,228,259,270,270,375,375,345,345,345,364,377,377,391,129,153,153,178,194,293,306,306,401,451,465,465,515,255,255,255,26,26,26,26,39,64,74,83,83,83,83,83,5,46,46,46],"floor_reached":55,"language":"ENG","playtime":1550,"items_purged":["Strike_R"],"score":820,"play_id":"be82427a-7a3a-408a-adb1-35c6153b685c","local_time":"20210130131131","is_ascension_mode":true,"campfire_choices":[{"data":"Iron Wave","floor":11.0,"key":"SMITH"},{"floor":15.0,"key":"RECALL"},{"data":"Barricade","floor":23,"key":"SMITH"},{"data":"Metallicize","floor":27,"key":"SMITH"},{"data":"Bash","floor":32,"key":"SMITH"},{"data":"Cleave","floor":40,"key":"SMITH"},{"data":"Fire Breathing","floor":42,"key":"SMITH"},{"data":"Defend_R","floor":49,"key":"SMITH"},{"data":"Defend_R","floor":52,"key":"SMITH"}],"circlet_count":0,"master_deck":["Strike_R","Strike_R","Strike_R+1","Strike_R","Defend_R+1","Defend_R+1","Defend_R+1","Defend_R+1","Bash+1","Body Slam+1","Iron Wave+1","Shrug It Off+1","Shrug It Off+1","Cleave+1","Ghostly Armor+1","Armaments+1","Barricade+1","True Grit+1","Body Slam+1","Metallicize+1","The Bomb+1","Infernal Blade+1","Shockwave+1","Clash+1","Intimidate+1","Fire Breathing+1","Disarm+1","Dark Shackles+1","Intimidate+1"],"relics":["Burning Blood","NeowsBlessing","Toxic Egg 2","Mummified Hand","Eternal Feather","Oddly Smooth Stone","SlaversCollar","Boot","Tiny House","StoneCalendar","Orichalcum","Vajra","CeramicFish","War Paint"],"acts_visited":["Exordium","TheCity","TheBeyond","TheEnding"],"potions_floor_usage":[22,24,28,33,50,50,50,54,55],"damage_taken":[{"damage":0.0,"enemies":"Jaw Worm","floor":1.0,"turns":1.0},{"damage":0.0,"enemies":"Cultist","floor":4.0,"turns":1.0},{"damage":0.0,"enemies":"Lagavulin","floor":6.0,"turns":1.0},{"damage":0.0,"enemies":"2 Louse","floor":7.0,"turns":2.0},{"damage":4.0,"enemies":"3 Sentries","floor":8.0,"turns":8.0},{"damage":3.0,"enemies":"Lots of Slimes","floor":10.0,"turns":7.0},{"damage":0.0,"enemies":"Gremlin Gang","floor":12.0,"turns":3.0},{"damage":17.0,"enemies":"Lagavulin","floor":13.0,"turns":10.0},{"damage":0.0,"enemies":"3 Louse","floor":14.0,"turns":3.0},{"damage":61.0,"enemies":"Slime Boss","floor":16.0,"turns":23.0},{"damage":14.0,"enemies":"2 Thieves","floor":18.0,"turns":5.0},{"damage":0,"enemies":"Chosen","floor":21,"turns":6},{"damage":15,"enemies":"Shelled Parasite and Fungi","floor":22,"turns":18},{"damage":0,"enemies":"Snake Plant","floor":24,"turns":6},{"damage":2,"enemies":"Book of Stabbing","floor":28,"turns":6},{"damage":12,"enemies":"3 Cultists","floor":29,"turns":5},{"damage":0,"enemies":"Chosen and Byrds","floor":31,"turns":7},{"damage":0,"enemies":"Automaton","floor":33,"turns":9},{"damage":26,"enemies":"Orb Walker","floor":35,"turns":7},{"damage":2,"enemies":"Mind Bloom Boss Battle","floor":37,"turns":9},{"damage":5,"enemies":"3 Darklings","floor":45,"turns":3},{"damage":13,"enemies":"Transient","floor":46,"turns":5},{"damage":13,"enemies":"Writhing Mass","floor":47,"turns":9},{"damage":3,"enemies":"Awakened One","floor":50,"turns":18},{"damage":80,"enemies":"Shield and Spear","floor":54,"turns":7},{"damage":50,"enemies":"The Heart","floor":55,"turns":6}],"seed_played":"-5465747424936478681","potions_obtained":[{"floor":6.0,"key":"Fire Potion"},{"floor":7.0,"key":"Dexterity Potion"},{"floor":8.0,"key":"PowerPotion"},{"floor":21,"key":"Ancient Potion"},{"floor":22,"key":"GamblersBrew"},{"floor":24,"key":"GamblersBrew"},{"floor":31,"key":"DistilledChaos"},{"floor":34,"key":"LiquidBronze"},{"floor":35,"key":"DuplicationPotion"},{"floor":45,"key":"ColorlessPotion"},{"floor":46,"key":"EntropicBrew"},{"floor":54,"key":"BloodPotion"}],"is_trial":false,"path_per_floor":["M","$","?","M","?","E","M","E","T","M","R","M","E","M","R","B",null,"M","?","?","M","M","R","M","$","T","R","E","M","?","M","R","B",null,"M","?","?","$","?","R","$","R","T","?","M","M","M","?","R","B",null,"R","$","E","B"],"character_chosen":"IRONCLAD","items_purchased":["Metallicize","The Bomb+1","Intimidate+1","Orichalcum","Fire Breathing","Vajra","Ancient Potion"],"campfire_rested":0,"item_purchase_floors":[25,25,38,38,41,41,53],"current_hp_per_floor":[80,80,80,80,80,80,80,80,80,80,80,80,69,75,80,25,80,72,72,80,80,71,80,80,80,80,80,80,74,74,80,80,80,85,65,65,69,69,69,84,84,85,85,81,81,74,67,67,81,81,81,81,81,23,0,0],"gold":46,"neow_bonus":"THREE_ENEMY_KILL","is_daily":false,"chose_seed":false,"campfire_upgraded":8,"win_rate":0.0,"timestamp":1612019491,"path_taken":["M","$","?","?","?","E","M","E","T","M","R","?","E","?","R","BOSS","M","?","?","?","M","R","M","$","T","R","E","M","?","M","R","BOSS","M","?","?","$","?","R","$","R","T","?","M","M","?","?","R","BOSS","R","$","E","BOSS"],"items_purchased_type":["Card","Card","Card","Relic","Card","Relic","Potion"],"build_version":"2020-12-22","purchased_purges":1,"victory":false,"max_hp_per_floor":[80,80,80,80,80,80,80,80,80,80,80,80,80,80,80,80,80,80,80,80,80,80,80,80,80,80,80,80,80,80,80,80,80,85,85,85,85,85,85,85,85,85,85,81,81,81,81,81,81,81,81,81,81,81,81,81],"card_choices":[{"not_picked":["Clothesline","Inflame"],"picked":"Body Slam","floor":1.0},{"not_picked":["Iron Wave","Thunderclap","Heavy Blade"],"picked":"SKIP","floor":4.0},{"not_picked":["Thunderclap","Heavy Blade"],"picked":"Iron Wave","floor":4.0},{"not_picked":["Heavy Blade","Intimidate+1"],"picked":"Shrug It Off+1","floor":6.0},{"not_picked":["Hemokinesis","Twin Strike","Headbutt"],"picked":"SKIP","floor":7.0},{"not_picked":["Sword Boomerang","Impervious+1"],"picked":"Shrug It Off+1","floor":8.0},{"not_picked":["Battle Trance+1","Perfected Strike"],"picked":"Cleave","floor":10.0},{"not_picked":["True Grit+1","Searing Blow"],"picked":"Dark Embrace","floor":12.0},{"not_picked":["Immolate","Rupture"],"picked":"Ghostly Armor+1","floor":13.0},{"not_picked":["Twin Strike","Evolve"],"picked":"Armaments+1","floor":14.0},{"not_picked":["Feed","Corruption"],"picked":"Barricade","floor":16.0},{"not_picked":["Flex+1","Headbutt"],"picked":"True Grit+1","floor":18.0},{"not_picked":["Twin Strike","Perfected Strike+1","Second Wind+1"],"picked":"SKIP","floor":21},{"not_picked":["Juggernaut","Heavy Blade"],"picked":"Body Slam+1","floor":22},{"not_picked":["Sword Boomerang","Armaments+1","Exhume+1"],"picked":"SKIP","floor":24},{"not_picked":["Headbutt","Anger"],"picked":"Infernal Blade+1","floor":28},{"not_picked":["Second Wind+1","Clash","Fire Breathing"],"picked":"SKIP","floor":29},{"not_picked":["Sword Boomerang","Headbutt"],"picked":"Shockwave+1","floor":31},{"not_picked":["Anger","Pommel Strike"],"picked":"Shockwave+1","floor":34},{"not_picked":["Twin Strike+1","Clothesline+1"],"picked":"Clash+1","floor":35},{"not_picked":["Body Slam","Headbutt+1","Armaments+1"],"picked":"SKIP","floor":45},{"not_picked":["Wild Strike","Pommel Strike"],"picked":"Disarm+1","floor":46},{"not_picked":["Brutality","Sword Boomerang","Cleave"],"picked":"SKIP","floor":47},{"not_picked":["Trip+1","Purity+1"],"picked":"Dark Shackles+1","floor":48},{"not_picked":["Wild Strike+1","Reckless Charge"],"picked":"Intimidate+1","floor":54}],"player_experience":285827,"relics_obtained":[{"floor":6.0,"key":"Toxic Egg 2"},{"floor":8.0,"key":"Mummified Hand"},{"floor":9.0,"key":"Eternal Feather"},{"floor":13.0,"key":"Oddly Smooth Stone"},{"floor":28,"key":"Boot"},{"floor":37,"key":"StoneCalendar"},{"floor":43,"key":"CeramicFish"},{"floor":54,"key":"War Paint"}],"event_choices":[{"damage_healed":0.0,"max_hp_gain":0.0,"max_hp_loss":0.0,"gold_gain":0.0,"event_name":"Accursed Blacksmith","player_choice":"Forge","floor":3.0,"gold_loss":0.0,"damage_taken":0.0,"cards_upgraded":["Body Slam"]},{"damage_healed":0.0,"max_hp_gain":0.0,"max_hp_loss":0.0,"gold_gain":0.0,"event_name":"Purifier","player_choice":"Ignored","floor":5.0,"gold_loss":0.0,"damage_taken":0.0},{"damage_healed":0,"gold_gain":0,"player_choice":"Ignored","damage_taken":0,"max_hp_gain":0,"max_hp_loss":0,"event_name":"Cursed Tome","floor":19,"gold_loss":0},{"cards_removed":["Dark Embrace"],"damage_healed":8,"gold_gain":0,"player_choice":"Offered Uncommon","damage_taken":0,"max_hp_gain":0,"max_hp_loss":0,"event_name":"Bonfire Elementals","floor":20,"gold_loss":0},{"damage_healed":0,"gold_gain":99,"player_choice":"Stole From Cult","damage_taken":0,"max_hp_gain":0,"max_hp_loss":0,"event_name":"Nest","floor":30,"gold_loss":0},{"damage_healed":0,"gold_gain":0,"player_choice":"Ignored","damage_taken":0,"max_hp_gain":0,"max_hp_loss":0,"event_name":"Tomb of Lord Red Mask","floor":36,"gold_loss":0},{"damage_healed":0,"gold_gain":0,"player_choice":"Fight","damage_taken":0,"max_hp_gain":0,"max_hp_loss":0,"event_name":"MindBloom","floor":37,"gold_loss":0},{"cards_removed":["Shockwave"],"damage_healed":0,"gold_gain":0,"player_choice":"Removed Skill","damage_taken":0,"max_hp_gain":0,"max_hp_loss":0,"event_name":"Falling","floor":39,"gold_loss":0},{"damage_healed":0,"gold_gain":0,"player_choice":"Max HP","damage_taken":0,"max_hp_gain":0,"max_hp_loss":4,"event_name":"Winding Halls","floor":44,"gold_loss":0},{"damage_healed":0,"gold_gain":0,"player_choice":"Memory 1","damage_taken":0,"max_hp_gain":0,"max_hp_loss":0,"event_name":"SensoryStone","floor":48,"gold_loss":0}],"is_beta":false,"boss_relics":[{"not_picked":["Ectoplasm","Calling Bell"],"picked":"SlaversCollar"},{"not_picked":["Fusion Hammer","Velvet Choker"],"picked":"Tiny House"}],"items_purged_floors":[38],"is_endless":false,"potions_floor_spawned":[6,7,8,21,22,24,31,35,45,46,54],"killed_by":"The Heart","ascension_level":1}}