{"host":"ke3urjq17qgissv4","time":1612023527,"event":{"mods":["AchievementEnabler","Act Like it!","Arknights The Spire","BaseMod","Challenge The Spire","Conspire","Highlight Path","Marisa（F雨　魔理沙）","Minty Spire (QoL Compilation)","Quick Restart","Replay The Spire","RumiaBox-露米娅的神秘盒子","Spicy Shops","StSLib","Waifu the Spire","【功能Mod】混沌之环修复补丁","【遗物卡牌】REMEMod"],"gold_per_floor":[119,394,410,165,340,340,67,67,67,83,33,44,73,83,83,83,83],"floor_reached":16,"language":"ZHS","playtime":400,"items_purged":["Regret","Doubt"],"score":100,"play_id":"7f3fea40-cbee-4201-9da8-9f68372c8d4a","local_time":"20210131001847","is_ascension_mode":false,"campfire_choices":[{"data":"EscapeVelocity","floor":6.0,"key":"SMITH"},{"data":"ats:Burning Ground","floor":15.0,"key":"SMITH"}],"circlet_count":0,"master_deck":["ats:Strike C","ats:Strike S","ats:Strike V","ats:Armor Crushing Shot","ats:Defend","ats:Defend","ats:Defend","ats:Defend","ats:Emotion Absorption","EscapeVelocity+1","ats:Burning Ground+1","ats:Closed Bolt Burst Fire","ats:Chain Hook","ats:Apocalypse","Specialist","ats:Rat Pack","ats:Very Hot Blade"],"relics":["ats:Sanity","REME_ComplimentaryCards","NeowsBlessing","ats:Assault","ats:Ability Aura","Chameleon Ring","ats:Originium","StoneCalendar"],"acts_visited":["Exordium"],"potions_floor_usage":[],"damage_taken":[{"damage":0.0,"enemies":"Cultist","floor":1.0,"turns":1.0},{"damage":1.0,"enemies":"2 Louse","floor":3.0,"turns":1.0},{"damage":0.0,"enemies":"Small Slimes","floor":10.0,"turns":1.0},{"damage":22.0,"enemies":"Looter","floor":12.0,"turns":4.0},{"damage":33.0,"enemies":"Gremlin Nob","floor":13.0,"turns":5.0},{"damage":10.0,"enemies":"3 Louse","floor":14.0,"turns":3.0},{"damage":8,"enemies":"Hexaghost","floor":16,"turns":4}],"seed_played":"8659625987708792818","potions_obtained":[{"floor":1.0,"key":"Languid Potion"},{"floor":13.0,"key":"LiquidMemories"}],"is_trial":false,"path_per_floor":["M","?","M","$","?","R","$","?","T","M","?","M","E","M","R","B"],"character_chosen":"DOCTOR_CLASS","items_purchased":["ats:Chain Hook","ats:Apocalypse","Specialist","ats:Assault"],"campfire_rested":0,"item_purchase_floors":[4,4,7,7],"current_hp_per_floor":[72,72,71,71,71,71,71,68,68,68,68,56,28,23,23,20,20],"gold":83,"neow_bonus":"THREE_ENEMY_KILL","is_daily":false,"chose_seed":false,"campfire_upgraded":2,"win_rate":0.0,"timestamp":1612023527,"path_taken":["M","?","?","$","?","R","$","?","T","M","?","M","E","M","R","BOSS"],"items_purchased_type":["Card","Card","Card","Relic"],"build_version":"2020-12-22","purchased_purges":2,"victory":false,"max_hp_per_floor":[72,72,72,72,72,72,72,72,72,72,72,72,72,72,72,72,72],"card_choices":[{"not_picked":["ats:Hammer On","ats:Healing Drone"],"picked":"ats:Burning Ground","floor":1.0},{"not_picked":["ats:Red Shift","ats:Blood Oath"],"picked":"ats:Closed Bolt Burst Fire","floor":3.0},{"not_picked":["ats:Hammer On","ats:Ignite","ats:Chain Hook"],"picked":"SKIP","floor":10.0},{"not_picked":["ats:Revitalization","ats:Shell Defense"],"picked":"ats:Rat Pack","floor":12.0},{"not_picked":["ats:Charging Defense","ats:Explosion Area Strengthen"],"picked":"ats:Very Hot Blade","floor":13.0},{"not_picked":["ats:Collapsing Strike","ats:Explosion Area Strengthen","ats:Poison Spread"],"picked":"SKIP","floor":14.0}],"player_experience":147172,"relics_obtained":[{"floor":9.0,"key":"Chameleon Ring"},{"floor":13.0,"key":"ats:Originium"},{"floor":13.0,"key":"StoneCalendar"}],"event_choices":[{"damage_healed":0.0,"max_hp_gain":0.0,"max_hp_loss":0.0,"gold_gain":275.0,"event_name":"Golden Shrine","player_choice":"Desecrate","floor":2.0,"gold_loss":0.0,"damage_taken":0.0,"cards_obtained":["Regret"]},{"damage_healed":0.0,"max_hp_gain":0.0,"max_hp_loss":0.0,"gold_gain":175.0,"event_name":"Liars Game","player_choice":"AGREE","floor":5.0,"gold_loss":0.0,"damage_taken":0.0,"cards_obtained":["Doubt"]},{"damage_healed":0.0,"max_hp_gain":0.0,"max_hp_loss":0.0,"gold_gain":0.0,"event_name":"Scrap Ooze","player_choice":"Success","floor":8.0,"gold_loss":0.0,"damage_taken":3.0,"relics_obtained":["ats:Ability Aura"]},{"cards_removed":["ats:Strike G"],"damage_healed":0.0,"max_hp_gain":0.0,"max_hp_loss":0.0,"gold_gain":0.0,"event_name":"The Cleric","player_choice":"Card Removal","floor":11.0,"gold_loss":50.0,"damage_taken":0.0}],"is_beta":false,"boss_relics":[],"items_purged_floors":[4,7],"is_endless":false,"potions_floor_spawned":[1,13],"killed_by":"Hexaghost","ascension_level":0}}