{"host":"6xsbn6ynqlzwllfm","time":1612015005,"event":{"mods":["2.2 Compatiblity","BaseMod","Bestiary","Colored Map","Colored Powertips","Curses Come First","Highlight Path","Keyboard Shortcuts","Minty Spire (QoL Compilation)","Relic Stats","Slay the Relics Exporter","StSLib","SuperFastMode"],"gold_per_floor":[120,145,145,172,198,242,242,286,286,286,45,45,45],"floor_reached":12,"language":"ENG","playtime":265,"items_purged":["Strike_B"],"score":172,"play_id":"ecf97978-a525-4f19-adf2-a5bd9391f355","local_time":"20210130085645","is_ascension_mode":true,"campfire_choices":[{"data":"Genetic Algorithm","floor":7,"key":"SMITH"},{"data":"Lockon","floor":10,"key":"SMITH"}],"circlet_count":0,"master_deck":["AscendersBane","Strike_B","Strike_B","Defend_B","Defend_B","Defend_B","Defend_B","Zap","Dualcast","Self Repair","Lockon+1","Compile Driver","Compile Driver","Genetic Algorithm+1","Capacitor"],"relics":["Cracked Core","CeramicFish","Question Card","Kunai","Ornamental Fan","Lantern"],"acts_visited":["Exordium"],"potions_floor_usage":[6,8],"damage_taken":[{"damage":11,"enemies":"Small Slimes","floor":1,"turns":4},{"damage":11,"enemies":"Cultist","floor":2,"turns":4},{"damage":4,"enemies":"Jaw Worm","floor":4,"turns":4},{"damage":11,"enemies":"Blue Slaver","floor":5,"turns":4},{"damage":8,"enemies":"Gremlin Nob","floor":6,"turns":3},{"damage":24,"enemies":"3 Sentries","floor":8,"turns":4},{"damage":30,"enemies":"Gremlin Nob","floor":12,"turns":3}],"seed_played":"-5783785416650911146","potions_obtained":[{"floor":1,"key":"Fire Potion"},{"floor":6,"key":"PowerPotion"},{"floor":8,"key":"Dexterity Potion"}],"is_trial":false,"path_per_floor":["M","M","?","M","M","E","R","E","T","R","$","E"],"character_chosen":"DEFECT","items_purchased":["Lantern"],"campfire_rested":0,"item_purchase_floors":[11],"current_hp_per_floor":[53,49,49,52,48,47,47,30,30,30,30,0,0],"gold":45,"neow_bonus":"RANDOM_COMMON_RELIC","is_daily":false,"chose_seed":false,"campfire_upgraded":2,"win_rate":0.0,"timestamp":1612015005,"path_taken":["M","M","?","M","?","E","R","E","T","R","?","E"],"items_purchased_type":["Relic"],"build_version":"2020-12-22","purchased_purges":1,"victory":false,"max_hp_per_floor":[71,71,71,71,71,71,71,71,71,71,71,71,71],"relic_stats":{"counters":[7,26],"Ornamental Fan":[8],"CeramicFish":54,"Kunai":[2],"Question Card":1,"obtain_stats":[{"Lantern":11,"Ornamental Fan":9,"CeramicFish":0,"Kunai":8,"Cracked Core":0,"Question Card":6},{"Lantern":6,"Ornamental Fan":6,"CeramicFish":0,"Kunai":6,"Cracked Core":0,"Question Card":5},{"Lantern":23,"Ornamental Fan":23,"CeramicFish":0,"Kunai":23,"Cracked Core":0,"Question Card":19}]},"card_choices":[{"not_picked":["Reinforced Body","Turbo"],"picked":"Self Repair","floor":1},{"not_picked":["Steam","Double Energy"],"picked":"Lockon","floor":2},{"not_picked":["Stack","Beam Cell"],"picked":"Compile Driver","floor":4},{"not_picked":["Turbo","Rebound"],"picked":"Compile Driver","floor":5},{"not_picked":["Darkness","Glacier"],"picked":"Genetic Algorithm","floor":6},{"not_picked":["Force Field","Barrage","Chill"],"picked":"Capacitor","floor":8}],"player_experience":1280670,"relics_obtained":[{"floor":6,"key":"Question Card"},{"floor":8,"key":"Kunai"},{"floor":9,"key":"Ornamental Fan"}],"event_choices":[{"cards_removed":["Strike_B"],"damage_healed":0,"gold_gain":0,"player_choice":"Offered Basic","damage_taken":0,"max_hp_gain":0,"max_hp_loss":0,"event_name":"Bonfire Elementals","floor":3,"gold_loss":0}],"is_beta":false,"boss_relics":[],"items_purged_floors":[11],"is_endless":false,"potions_floor_spawned":[1,6,8],"killed_by":"Gremlin Nob","ascension_level":19}}