{"host":"9viy3memdfgcf4vy","time":1612019357,"event":{"mods":["BaseMod","Colored Map","Downfall","Minty Spire (QoL Compilation)","StSLib"],"gold_per_floor":[99,199,264,282,207,157,182,74,88,102,52,67,17,44,54,54,54,54],"floor_reached":16,"language":"ENG","playtime":949,"items_purged":[],"score":160,"play_id":"fabd6fce-5b6c-4e0e-bff6-1a3422167df6","local_time":"20210130170917","is_ascension_mode":true,"campfire_choices":[{"data":"Dramatic Entrance","floor":1,"key":"SMITH"},{"data":"Slimebound:Overexert","floor":6,"key":"SMITH"},{"data":"Slimebound:LevelUp","floor":11,"key":"SMITH"},{"data":"Slimebound:Split","floor":13,"key":"SMITH"}],"circlet_count":0,"master_deck":["AscendersBane","Slimebound:Strike_Slimebound","Slimebound:Strike_Slimebound","Slimebound:Strike_Slimebound","Slimebound:Tackle","Slimebound:Defend_Slimebound+1","Slimebound:Defend_Slimebound+1","Slimebound:Defend_Slimebound","Slimebound:Defend_Slimebound","Slimebound:Split+1","Slimebound:CorrosiveSpit","Dramatic Entrance+1","Slimebound:SplitBruiser","Slimebound:Overexert+1","Slimebound:SlimeSpikes","Bandage Up","Slimebound:LevelUp+1","Slimebound:Replication","Slimebound:FormOfPuddle","Slimebound:SplitBruiser"],"relics":["Slimebound:AbsorbEndCombat","InkBottle","Slimebound:GreedOozeRelic","War Paint","Eternal Feather"],"acts_visited":["Exordium"],"potions_floor_usage":[16,16],"damage_taken":[{"damage":35,"enemies":"Gremlin Nob","floor":3,"turns":4},{"damage":4,"enemies":"Jaw Worm","floor":4,"turns":3},{"damage":3,"enemies":"downfall:FleeingMerchant","floor":8,"turns":4},{"damage":0,"enemies":"Small Slimes","floor":9,"turns":2},{"damage":1,"enemies":"Cultist","floor":10,"turns":3},{"damage":0,"enemies":"Large Slime","floor":12,"turns":3},{"damage":8,"enemies":"Lagavulin","floor":14,"turns":4},{"damage":1,"enemies":"Exordium Wildlife","floor":15,"turns":3},{"damage":60,"enemies":"SI_SHIV_ARCHETYPE","floor":16,"turns":8}],"seed_played":"2658254577036618631","potions_obtained":[{"floor":4,"key":"sneckomod:MuddlingPotion"},{"floor":10,"key":"Guardian:BlockOnCardUsePotion"},{"floor":15,"key":"ColorlessPotion"}],"is_trial":false,"path_per_floor":["R","?","?","M","?","R","T","$","M","M","R","M","R","E","M","B"],"character_chosen":"SLIMEBOUND","items_purchased":["Bandage Up"],"campfire_rested":0,"item_purchase_floors":[8],"current_hp_per_floor":[59,59,32,32,32,32,32,35,39,44,44,50,50,48,51,0,0,0],"gold":54,"neow_bonus":"RANDOM_COLORLESS","is_daily":false,"chose_seed":false,"campfire_upgraded":4,"win_rate":0.0,"timestamp":1612019357,"path_taken":["R","?","?","M","?","R","T","?","M","M","R","M","R","E","M","BOSS"],"items_purchased_type":["Card"],"build_version":"2020-12-22","purchased_purges":0,"victory":false,"max_hp_per_floor":[65,65,65,65,65,65,65,65,65,65,65,65,65,65,65,65,65,65],"card_choices":[{"not_picked":["Flash of Steel","PanicButton"],"picked":"Dramatic Entrance","floor":0},{"not_picked":["Slimebound:Chomp","Slimebound:ItLooksTasty"],"picked":"Slimebound:SplitBruiser","floor":3},{"not_picked":["Slimebound:ComboTackle","Slimebound:GoopTackle"],"picked":"Slimebound:Overexert","floor":4},{"not_picked":["Slimebound:Prepare","Slimebound:PressTheAttack"],"picked":"Slimebound:SlimeSpikes","floor":8},{"not_picked":["Slimebound:LeechingTouch","Slimebound:SplitBruiser"],"picked":"Slimebound:LevelUp","floor":9},{"not_picked":["Slimebound:FinishingTackle","Slimebound:PressTheAttack","Slimebound:LeechEnergy"],"picked":"SKIP","floor":10},{"not_picked":["Slimebound:SplitMire","Slimebound:HungryTackle"],"picked":"Slimebound:Replication","floor":12},{"not_picked":["Slimebound:SplitAcid","Slimebound:PressTheAttack"],"picked":"Slimebound:FormOfPuddle","floor":14},{"not_picked":["Slimebound:Gluttony","Slimebound:ForwardTackle"],"picked":"Slimebound:SplitBruiser","floor":15}],"player_experience":427968,"relics_obtained":[{"floor":7,"key":"War Paint"},{"floor":14,"key":"Eternal Feather"}],"event_choices":[],"is_beta":false,"boss_relics":[],"items_purged_floors":[],"is_endless":false,"potions_floor_spawned":[4,10,12,15],"killed_by":"SI_SHIV_ARCHETYPE","ascension_level":12}}