{"host":"ty7uytdfitsmf36k","time":1612031808,"event":{"mods":["AchievementEnabler","BaseMod","Colored Map","Colored Powertips","DeckTracker","Downfall","Infinite Spire","Minty Spire (QoL Compilation)","Relic Stats","Replay The Spire","Spire Arcade","StSLib","SuperFastMode","The Jungle","Wandering Minibosses"],"gold_per_floor":[99,115,115,115,128,162,162,312,312,343,343,363,363,122,135,240,240,240,250,263,278,163,163,163,179,179,191,191,204,204,220,231,231,231],"floor_reached":33,"language":"ENG","playtime":1723,"items_purged":["bronze:Strike","bronze:Strike","bronze:Strike"],"score":258,"play_id":"94123a45-4a35-4721-bdce-0993dce2faca","local_time":"20210130133648","is_ascension_mode":false,"campfire_choices":[{"data":"bronze:Format","floor":1.0,"key":"SMITH"},{"data":"bronze:ClassDefault","floor":9.0,"key":"SMITH"},{"data":"bronze:Goto","floor":13.0,"key":"SMITH"},{"data":"bronze:Mutator","floor":18.0,"key":"SMITH"},{"data":"bronze:Branch","floor":23.0,"key":"SMITH"},{"data":"bronze:Turbo","floor":28.0,"key":"SMITH"},{"data":"bronze:Fortify","floor":30.0,"key":"SMITH"}],"circlet_count":0,"master_deck":["bronze:Strike","bronze:Defend","bronze:Defend","bronze:Defend","bronze:Defend","bronze:Replicate","bronze:Goto+1","bronze:Format+1","bronze:WhirlingStrike","bronze:ClassDefault+1","bronze:Fortify+1","bronze:Turbo+1","bronze:Branch+1","bronze:Repair","bronze:ChildClass","bronze:Mutator+1","bronze:BitShift+1","bronze:ForceShield"],"relics":["PureWater","Garlic","bronze:Mallet","Spirit Poop","CloakClasp","infinitespire:Chaos","Painkiller Herb","Thread and Needle","Tiny Chest"],"acts_visited":["Exordium","theJungle:Jungle"],"potions_floor_usage":[],"damage_taken":[{"damage":2.0,"enemies":"Small Slimes","floor":2.0,"turns":2.0},{"damage":7.0,"enemies":"2 Louse","floor":5.0,"turns":3.0},{"damage":3.0,"enemies":"Lagavulin","floor":6.0,"turns":7.0},{"damage":17.0,"enemies":"3 Sentries","floor":10.0,"turns":7.0},{"damage":0.0,"enemies":"Cultist","floor":12.0,"turns":4.0},{"damage":0.0,"enemies":"downfall:FleeingMerchant","floor":14.0,"turns":4.0},{"damage":0.0,"enemies":"Blue Slaver","floor":15.0,"turns":5.0},{"damage":6.0,"enemies":"WA_ARCHETYPE_RETAIN","floor":16.0,"turns":8.0},{"damage":4.0,"enemies":"theJungle:MUSHROOMGANG","floor":19.0,"turns":5.0},{"damage":0.0,"enemies":"theJungle:5_Spyders","floor":20.0,"turns":7.0},{"damage":0.0,"enemies":"Snake Plant","floor":21.0,"turns":5.0},{"damage":0.0,"enemies":"downfall:FleeingMerchant","floor":22.0,"turns":4.0},{"damage":3.0,"enemies":"theJungle:Snecko_Cultist_And_Trap","floor":25.0,"turns":4.0},{"damage":0.0,"enemies":"theJungle:Lyon","floor":27.0,"turns":5.0},{"damage":0.0,"enemies":"theJungle:2_Snecko_Cultists","floor":29.0,"turns":4.0},{"damage":0.0,"enemies":"theJungle:JungleHuntersEncounter","floor":31.0,"turns":5.0},{"damage":0.0,"enemies":"theJungle:Lyon","floor":32.0,"turns":5.0},{"damage":0,"enemies":"DF_ARCHETYPE_CLAW","floor":33,"turns":1}],"seed_played":"-8706323368979318507","potions_obtained":[{"floor":5.0,"key":"Block Potion"},{"floor":10.0,"key":"FearPotion"},{"floor":15.0,"key":"LiquidMemories"},{"floor":20.0,"key":"Ancient Potion"},{"floor":31.0,"key":"Cursed Concoction"}],"is_trial":false,"path_per_floor":["R","M","?","?","M","E","T","?","R","E","?","M","R","$","M","B",null,"T","?","?","?","T","T","T","?","AVR","?","T","?","T","?","?","B"],"character_chosen":"THE_AUTOMATON","items_purchased":["infinitespire:Chaos"],"campfire_rested":0,"item_purchase_floors":[14],"current_hp_per_floor":[49,47,47,52,45,42,42,42,42,37,37,49,49,49,56,57,75,75,75,75,75,75,75,75,72,72,75,75,75,75,75,75,75,null,75],"gold":231,"neow_bonus":"THREE_RARE_CARDS","is_daily":false,"chose_seed":false,"campfire_upgraded":7,"win_rate":0.0,"timestamp":1612031808,"path_taken":["R","M","?","?","M","E","T","?","R","E","?","M","R","$","M","BOSS","T","?","?","?","T","T","T","?","AVR","?","T","?","T","?","?","BOSS"],"items_purchased_type":["Relic"],"build_version":"2020-12-22","purchased_purges":3,"victory":false,"max_hp_per_floor":[70,70,70,75,75,75,75,75,75,75,75,75,75,75,75,75,75,75,75,75,75,75,75,75,75,75,75,75,75,75,75,75,75,75],"relic_stats":{"counters":[18,84],"Tiny Chest":0,"CloakClasp":[254],"obtain_stats":[{"bronze:BronzeCore":0,"Torii":6,"Spirit Poop":11,"infinitespire:EmptyRelic":14,"Painkiller Herb":17,"Thread and Needle":24,"CloakClasp":14,"bronze:Mallet":14,"Boot":10,"Tiny Chest":26,"Garlic":14,"PureWater":14,"infinitespire:Chaos":14,"Meat on the Bone":7},{"bronze:BronzeCore":0,"Torii":3,"Spirit Poop":4,"infinitespire:EmptyRelic":6,"Painkiller Herb":8,"Thread and Needle":12,"CloakClasp":6,"bronze:Mallet":6,"Boot":4,"Tiny Chest":13,"Garlic":6,"PureWater":6,"infinitespire:Chaos":6,"Meat on the Bone":3},{"bronze:BronzeCore":0,"Torii":12,"Spirit Poop":19,"infinitespire:EmptyRelic":27,"Painkiller Herb":40,"Thread and Needle":61,"CloakClasp":27,"bronze:Mallet":27,"Boot":19,"Tiny Chest":65,"Garlic":27,"PureWater":27,"infinitespire:Chaos":27,"Meat on the Bone":12}]},"card_choices":[{"not_picked":["bronze:CleanCode","bronze:Virus"],"picked":"bronze:Format","floor":0.0},{"not_picked":["bronze:Philosophize","bronze:Iterate"],"picked":"bronze:WhirlingStrike","floor":2.0},{"not_picked":["bronze:Shield","bronze:Separator"],"picked":"bronze:ClassDefault","floor":5.0},{"not_picked":["bronze:DigitalCarnage","bronze:Overload"],"picked":"bronze:Fortify","floor":6.0},{"not_picked":["bronze:Backtrace","bronze:Separator"],"picked":"bronze:Turbo","floor":10.0},{"not_picked":["bronze:Frontload","bronze:Backtrace"],"picked":"bronze:Branch","floor":12.0},{"not_picked":["bronze:Fortify","bronze:InfiniteBeams"],"picked":"bronze:Repair","floor":14.0},{"not_picked":["bronze:DarkDash","bronze:Deprecate"],"picked":"bronze:ChildClass","floor":15.0},{"not_picked":["bronze:SpaghettiCode","bronze:FindAndReplace"],"picked":"bronze:Mutator","floor":16.0},{"not_picked":["bronze:Turbo","bronze:BitShift","bronze:CloningBeam"],"picked":"SKIP","floor":19.0},{"not_picked":["bronze:ChildClass+1","bronze:Branch+1","bronze:DarkDash+1"],"picked":"SKIP","floor":20.0},{"not_picked":["bronze:Repair","bronze:MaxOutput","bronze:WhirlingStrike+1"],"picked":"SKIP","floor":21.0},{"not_picked":["bronze:BurnOut","bronze:CloningBeam"],"picked":"bronze:BitShift+1","floor":22.0},{"not_picked":["bronze:DarkDash","bronze:Branch+1","bronze:WhirlingStrike+1"],"picked":"SKIP","floor":25.0},{"not_picked":["bronze:Iterate+1","bronze:WildBeam","bronze:Overheat"],"picked":"SKIP","floor":27.0},{"not_picked":["bronze:Branch","bronze:OilSpill","bronze:Deprecate"],"picked":"SKIP","floor":29.0},{"not_picked":["bronze:CleanCode","bronze:CutThrough","bronze:ClassDefault"],"picked":"SKIP","floor":31.0},{"not_picked":["bronze:WhirlingStrike+1","bronze:Frontload+1"],"picked":"bronze:ForceShield","floor":32.0}],"player_experience":202489,"relics_obtained":[{"floor":6.0,"key":"Torii"},{"floor":7.0,"key":"Meat on the Bone"},{"floor":10.0,"key":"Boot"},{"floor":24.0,"key":"Thread and Needle"}],"event_choices":[{"damage_healed":0.0,"max_hp_gain":5.0,"max_hp_loss":0.0,"gold_gain":0.0,"event_name":"Big Fish","player_choice":"Donut","floor":4.0,"gold_loss":0.0,"damage_taken":0.0},{"cards_removed":["downfall:Icky"],"damage_healed":0.0,"max_hp_gain":0.0,"max_hp_loss":0.0,"gold_gain":0.0,"event_name":"Bonfire Elementals","player_choice":"Offered Curse","floor":11.0,"gold_loss":0.0,"damage_taken":0.0,"relics_obtained":["Spirit Poop"]}],"is_beta":false,"boss_relics":[{"not_picked":["Kintsugi","Empty Cage"],"picked":"Painkiller Herb"}],"items_purged_floors":[14,22,26],"is_endless":false,"potions_floor_spawned":[5,10,15,20,31],"killed_by":"DF_ARCHETYPE_CLAW","ascension_level":0}}