{"host":"farxtl2u8hmkbdo2","time":1612021222,"event":{"mods":["A Magickal Journey","BaseMod","Better Altar","Better Note","Better Sensory Stone","Better Skull","Better Third Choice","Challenge The Spire","Colored Map","Colored Powertips","Current Relic Mod","Energized Spire","Fox Events","Gremlin Mod","Hermit","Hubris","Mimic Mod","Minty Spire (QoL Compilation)","Quick Restart","READ ME - Guardian Mod","READ ME - Snecko Mod","Rare Cards Sparkle","StSLib","The Bladedancer","The Bug Knight","The Cursed","The Disciple","The Hierophant","The Marked","The Necromancer","The Runesmith","Transform Curses"],"gold_per_floor":[111,127,127,144,144,149,149,154,187,287,302,302,477,435,435,407,407],"floor_reached":16,"language":"SPA","playtime":748,"items_purged":[],"score":146,"play_id":"cd7407fe-93fb-4eb8-a41a-ece44473e7f6","local_time":"20210130124022","is_ascension_mode":true,"campfire_choices":[{"data":"hierophant:Punish","floor":7,"key":"SMITH"},{"data":"hierophant:Endure","floor":12,"key":"SMITH"},{"floor":15,"key":"REST"}],"circlet_count":0,"master_deck":["hierophant:ChurchCoffers+1","hierophant:Strike_Hierophant","hierophant:Strike_Hierophant","hierophant:Strike_Hierophant","hierophant:Strike_Hierophant","hierophant:Punish+1","hierophant:Defend_Hierophant","hierophant:Defend_Hierophant","hierophant:Defend_Hierophant","hierophant:Defend_Hierophant","hierophant:ChurchCoffers+1","hierophant:Repentance+1","hierophant:FaithHealing","hierophant:RepressedViolence","hierophant:Doubloon","hierophant:Dazzle","hierophant:Endure+1","hierophant:MorningPrayer","hierophant:Doubloon","hierophant:Dazzle","Doubt"],"relics":["hierophant:PropheticMaskRelic","Bronze Scales","hubris:OldNail","hubris:Reverence","hubris:TenFootPole","betterThird:SlimedRelic"],"acts_visited":["Exordium"],"potions_floor_usage":[16,16],"damage_taken":[{"damage":4,"enemies":"Jaw Worm","floor":1,"turns":3},{"damage":0,"enemies":"Small Slimes","floor":2,"turns":2},{"damage":1,"enemies":"Cultist","floor":4,"turns":3},{"damage":35,"enemies":"Gremlin Nob","floor":6,"turns":4},{"damage":0,"enemies":"3 Sentries","floor":8,"turns":5},{"damage":3,"enemies":"Large Slime","floor":9,"turns":7},{"damage":13,"enemies":"Large Slime","floor":11,"turns":4},{"damage":39,"enemies":"Slime Boss","floor":16,"turns":9}],"seed_played":"4686907113330270598","potions_obtained":[{"floor":4,"key":"EssenceOfSteel"},{"floor":6,"key":"LiquidBronze"}],"is_trial":false,"path_per_floor":["M","M","?","M","?","E","R","E","MIM","?","M","R","?","?","R","B"],"character_chosen":"HIEROPHANT","items_purchased":[],"campfire_rested":1,"item_purchase_floors":[],"current_hp_per_floor":[71,71,71,70,70,35,35,35,32,32,19,19,19,14,36,0,0],"gold":407,"neow_bonus":"RANDOM_COMMON_RELIC","is_daily":false,"chose_seed":false,"campfire_upgraded":2,"win_rate":0.0,"timestamp":1612021222,"path_taken":["M","M","?","M","?","E","R","E","MIM","?","?","R","?","?","R","BOSS"],"items_purchased_type":[],"build_version":"2020-12-22","purchased_purges":0,"victory":false,"max_hp_per_floor":[75,75,75,75,75,75,75,75,75,75,75,75,75,75,75,75,75],"card_choices":[{"not_picked":["hierophant:OrnateBuckler","hierophant:Doomsaying"],"picked":"hierophant:Repentance","floor":1},{"not_picked":["hierophant:Rebuild","hierophant:OrnateBuckler"],"picked":"hierophant:FaithHealing","floor":2},{"not_picked":["hierophant:ConvertCurrency","hierophant:Mercenaries"],"picked":"hierophant:RepressedViolence","floor":4},{"not_picked":["hierophant:HammerAndAnvil","hierophant:Blessing"],"picked":"hierophant:Dazzle","floor":6},{"not_picked":["hierophant:MorningPrayer","hierophant:FlamingChariot"],"picked":"hierophant:Endure","floor":8},{"not_picked":["hierophant:Remorse","hierophant:Chorus"],"picked":"hierophant:MorningPrayer","floor":9},{"not_picked":["hierophant:AuricBeam","hierophant:RustyCrate"],"picked":"hierophant:Dazzle","floor":11}],"player_experience":1962558,"relics_obtained":[{"floor":6,"key":"hubris:OldNail"},{"floor":8,"key":"hubris:Reverence"},{"floor":9,"key":"hubris:TenFootPole"}],"event_choices":[{"damage_healed":0,"gold_gain":0,"player_choice":"Grow","damage_taken":0,"max_hp_gain":0,"max_hp_loss":0,"event_name":"Living Wall","floor":5,"gold_loss":0,"cards_upgraded":["hierophant:ChurchCoffers"]},{"damage_healed":0,"gold_gain":100,"player_choice":"Pray","damage_taken":0,"max_hp_gain":0,"max_hp_loss":0,"event_name":"Golden Shrine","floor":10,"gold_loss":0},{"damage_healed":0,"gold_gain":175,"player_choice":"AGREE","damage_taken":302,"max_hp_gain":0,"max_hp_loss":0,"event_name":"betterThird:BetterSerpent","floor":13,"gold_loss":0},{"damage_healed":0,"gold_gain":0,"player_choice":"Slimed","damage_taken":11,"max_hp_gain":0,"max_hp_loss":0,"event_name":"betterThird:BetterGoop","floor":14,"gold_loss":42}],"is_beta":false,"boss_relics":[],"items_purged_floors":[],"is_endless":false,"potions_floor_spawned":[4,6],"killed_by":"Slime Boss","ascension_level":2}}