{"host":"vhvubw4jk4f204qs","time":1612026797,"event":{"mods":["AchievementEnabler","BaseMod","DeckTracker","GifTheSpireLib","Minty Spire (QoL Compilation)","Permanent Neow","Quick Restart","StSLib","SuperFastMode","The IronCluck","slay the spire mod where everything is the same but ironclad has a cowboy hat"],"gold_per_floor":[111,126,51,68,68,95,95,95,95],"floor_reached":8,"language":"ENG","playtime":582,"items_purged":["Strike_B"],"score":112,"play_id":"206df455-f74c-4f42-9e44-90a2fa46e3f9","local_time":"20210130121317","is_ascension_mode":true,"campfire_choices":[{"data":"Defragment","floor":7,"key":"SMITH"}],"circlet_count":0,"master_deck":["AscendersBane","Strike_B","Strike_B","Defend_B","Defend_B","Defend_B","Defend_B","Zap","Dualcast","Creative AI","Glacier","Consume","Defragment+1","Coolheaded+1"],"relics":["Cracked Core","Toxic Egg 2"],"acts_visited":["Exordium"],"potions_floor_usage":[6,8],"damage_taken":[{"damage":10,"enemies":"Small Slimes","floor":1,"turns":4},{"damage":2,"enemies":"2 Louse","floor":2,"turns":3},{"damage":16,"enemies":"Jaw Worm","floor":4,"turns":6},{"damage":5,"enemies":"Lagavulin","floor":6,"turns":10},{"damage":16,"enemies":"Gremlin Nob","floor":8,"turns":5}],"seed_played":"-3008076119781868511","potions_obtained":[{"floor":1,"key":"PotionOfCapacity"},{"floor":2,"key":"SkillPotion"}],"is_trial":false,"path_per_floor":["M","M","$","M","?","E","R","E"],"character_chosen":"DEFECT","items_purchased":[],"campfire_rested":0,"item_purchase_floors":[],"current_hp_per_floor":[54,52,52,36,29,24,24,8,8],"gold":95,"neow_bonus":"ONE_RANDOM_RARE_CARD","is_daily":false,"chose_seed":false,"campfire_upgraded":1,"win_rate":0.0,"timestamp":1612026797,"path_taken":["M","M","$","M","?","E","R","E"],"items_purchased_type":[],"build_version":"2020-12-22","purchased_purges":1,"victory":false,"max_hp_per_floor":[71,71,71,71,71,71,71,71,71],"card_choices":[{"not_picked":["Sweeping Beam","Coolheaded"],"picked":"Glacier","floor":1},{"not_picked":["Force Field","Beam Cell"],"picked":"Consume","floor":2},{"not_picked":["Heatsinks","Streamline"],"picked":"Defragment","floor":4},{"not_picked":["Chill+1","Rebound"],"picked":"Coolheaded+1","floor":6}],"player_experience":745036,"relics_obtained":[{"floor":6,"key":"Toxic Egg 2"}],"event_choices":[{"cards_removed":["Strike_B"],"damage_healed":0,"gold_gain":0,"player_choice":"Card Removal","damage_taken":7,"max_hp_gain":0,"max_hp_loss":0,"event_name":"Golden Wing","floor":5,"gold_loss":0}],"is_beta":false,"boss_relics":[],"items_purged_floors":[3],"is_endless":false,"potions_floor_spawned":[1,2],"killed_by":"Gremlin Nob","ascension_level":20}}