{"host":"o6j8h35axmoodbwy","time":1612013426,"event":{"mods":["2.2 Compatiblity","Act Like it!","BaseMod","Colored Map","Colored Powertips","Faster Ascension Climbing","MarisaÅiñ∂âJÅ@ñÇóùçπÅj","Minty Spire (QoL Compilation)","Prisma Mod","Quick Restart","Shop Mod","StSLib","SuperFastMode","Td1madao Mod"],"gold_per_floor":[118,130,130,141,152,152,170,170,170,195,195,195,195,206,206,285,285,296,296,312,312,325,343,343,357,357,376,389,402,43,62,62,136,136,149,159,159,174,185,185,201,201,254,254,56,66,66,80,80,80,80],"floor_reached":50,"language":"JPN","playtime":3346,"items_purged":[],"score":910,"play_id":"7daf1326-bad7-4647-9dd3-f47b5610d65c","local_time":"20210130223026","is_ascension_mode":true,"campfire_choices":[{"data":"True Grit","floor":6.0,"key":"SMITH"},{"data":"Bash","floor":8.0,"key":"SMITH"},{"data":"Rampage","floor":11.0,"key":"SMITH"},{"data":"Shrug It Off","floor":13.0,"key":"SMITH"},{"floor":15.0,"key":"REST"},{"floor":24.0,"key":"REST"},{"floor":32.0,"key":"REST"},{"floor":40.0,"key":"REST"},{"floor":44.0,"key":"REST"},{"floor":47.0,"key":"REST"},{"floor":49.0,"key":"REST"}],"circlet_count":0,"master_deck":["AscendersBane","Bash+1","Swift Strike","True Grit+1","Spot Weakness","Power Through","Shrug It Off+1","Pommel Strike","Rampage+1","Evolve","Impervious","Disarm","Sever Soul","Barricade","Wild Strike","Sword Boomerang","Berserk","Shrug It Off","Body Slam","Feed","Flame Barrier","Shrug It Off","Feel No Pain","Entrench","Enlightenment","Feel No Pain","Juggernaut","Second Wind","Panacea","Trip","Chrysalis","Body Slam+1"],"relics":["Burning Blood","Darkstone Periapt","Bronze Scales","NlothsMask","Pandora\u0027s Box","Ice Cream","Spirit Poop","Kunai","Fusion Hammer","Bag of Marbles"],"acts_visited":["Exordium","TheCity","TheBeyond"],"potions_floor_usage":[50,50],"damage_taken":[{"damage":10.0,"enemies":"Small Slimes","floor":1.0,"turns":3.0},{"damage":11.0,"enemies":"Cultist","floor":2.0,"turns":4.0},{"damage":11.0,"enemies":"2 Louse","floor":4.0,"turns":3.0},{"damage":9.0,"enemies":"Red Slaver","floor":5.0,"turns":3.0},{"damage":13.0,"enemies":"Gremlin Gang","floor":7.0,"turns":8.0},{"damage":15.0,"enemies":"Lagavulin","floor":10.0,"turns":7.0},{"damage":18.0,"enemies":"Exordium Wildlife","floor":14.0,"turns":5.0},{"damage":38.0,"enemies":"Slime Boss","floor":16.0,"turns":9.0},{"damage":19.0,"enemies":"Spheric Guardian","floor":18.0,"turns":6.0},{"damage":3.0,"enemies":"Chosen","floor":20.0,"turns":5.0},{"damage":12.0,"enemies":"Snake Plant","floor":22.0,"turns":6.0},{"damage":46.0,"enemies":"Sentry and Sphere","floor":23.0,"turns":8.0},{"damage":20.0,"enemies":"Centurion and Healer","floor":25.0,"turns":7.0},{"damage":2.0,"enemies":"Cultist and Chosen","floor":27.0,"turns":8.0},{"damage":0.0,"enemies":"Snecko","floor":28.0,"turns":5.0},{"damage":15.0,"enemies":"Shelled Parasite and Fungi","floor":29.0,"turns":9.0},{"damage":4.0,"enemies":"Sentry and Sphere","floor":31.0,"turns":7.0},{"damage":31.0,"enemies":"Champ","floor":33.0,"turns":16.0},{"damage":25.0,"enemies":"Orb Walker","floor":35.0,"turns":5.0},{"damage":6.0,"enemies":"3 Shapes","floor":36.0,"turns":6.0},{"damage":6.0,"enemies":"Maw","floor":38.0,"turns":9.0},{"damage":12.0,"enemies":"Sphere and 2 Shapes","floor":39.0,"turns":9.0},{"damage":17.0,"enemies":"4 Shapes","floor":41.0,"turns":8.0},{"damage":55.0,"enemies":"Jaw Worm Horde","floor":46.0,"turns":8.0},{"damage":52.0,"enemies":"Writhing Mass","floor":48.0,"turns":9.0},{"damage":70,"enemies":"Donu and Deca","floor":50,"turns":3}],"seed_played":"-1284521258037375839","potions_obtained":[{"floor":2.0,"key":"SpeedPotion"},{"floor":4.0,"key":"SpeedPotion"},{"floor":7.0,"key":"Ancient Potion"},{"floor":14.0,"key":"PowerPotion"},{"floor":20.0,"key":"Explosive Potion"},{"floor":36.0,"key":"Fire Potion"},{"floor":41.0,"key":"SpeedPotion"}],"is_trial":false,"path_per_floor":["M","M","?","M","M","R","M","R","T","E","R","?","R","M","R","B",null,"M","?","M","?","M","M","R","M","T","M","M","M","$","M","R","B",null,"M","M","?","M","M","R","M","?","T","R","$","M","R","M","R","B"],"character_chosen":"IRONCLAD","items_purchased":["Enlightenment","Kunai","CultistPotion","Regen Potion"],"campfire_rested":7,"item_purchase_floors":[30,30,45,45],"current_hp_per_floor":[64,59,59,54,51,51,44,44,44,35,35,35,35,23,45,13,60,47,53,56,56,50,10,34,23,23,30,36,27,27,32,59,34,76,57,57,47,47,44,71,63,63,63,91,91,45,74,28,57,0,0],"gold":80,"neow_bonus":"RANDOM_COLORLESS","is_daily":false,"chose_seed":false,"campfire_upgraded":4,"win_rate":0.0,"timestamp":1612013426,"path_taken":["M","M","?","M","M","R","M","R","T","E","R","?","R","?","R","BOSS","M","?","M","?","M","M","R","?","T","M","M","M","$","?","R","BOSS","M","M","?","M","M","R","M","?","T","R","$","M","R","M","R","BOSS"],"items_purchased_type":["Card","Relic","Potion","Potion"],"build_version":"2020-12-22","purchased_purges":0,"victory":false,"max_hp_per_floor":[75,75,75,75,75,75,75,75,75,75,75,75,75,75,75,75,75,75,81,81,81,81,81,81,84,84,87,87,87,87,90,90,90,90,90,90,90,90,93,93,96,96,96,96,96,99,99,99,99,99,99],"card_choices":[{"not_picked":["Forethought","Bandage Up"],"picked":"Swift Strike","floor":0.0},{"not_picked":["Sentinel","Bloodletting"],"picked":"True Grit","floor":1.0},{"not_picked":["Iron Wave","Uppercut"],"picked":"Spot Weakness","floor":2.0},{"not_picked":["Intimidate","Warcry"],"picked":"Power Through","floor":4.0},{"not_picked":["Armaments","Iron Wave"],"picked":"Shrug It Off","floor":5.0},{"not_picked":["Warcry","Iron Wave"],"picked":"Pommel Strike","floor":7.0},{"not_picked":["Pummel","Pommel Strike"],"picked":"Rampage","floor":10.0},{"not_picked":["Armaments","Clothesline"],"picked":"Evolve","floor":14.0},{"not_picked":["Feed","Reaper"],"picked":"Impervious","floor":16.0},{"not_picked":["Twin Strike","Iron Wave","Rampage"],"picked":"SKIP","floor":18.0},{"not_picked":["Clothesline","Wild Strike","Sword Boomerang"],"picked":"SKIP","floor":20.0},{"not_picked":["Pommel Strike","Immolate"],"picked":"Flame Barrier","floor":22.0},{"not_picked":["Heavy Blade","Body Slam","Bloodletting"],"picked":"SKIP","floor":23.0},{"not_picked":["Carnage","Clothesline","Heavy Blade"],"picked":"SKIP","floor":25.0},{"not_picked":["Warcry","Second Wind"],"picked":"Shrug It Off","floor":27.0},{"not_picked":["Seeing Red","Dual Wield"],"picked":"Feel No Pain","floor":28.0},{"not_picked":["Headbutt","Inflame"],"picked":"Entrench","floor":29.0},{"not_picked":["Warcry","Anger"],"picked":"Feel No Pain","floor":31.0},{"not_picked":["Corruption","Berserk"],"picked":"Juggernaut","floor":33.0},{"not_picked":["Rage+1","Rampage"],"picked":"Second Wind","floor":35.0},{"not_picked":["Pummel","Bloodletting","True Grit"],"picked":"SKIP","floor":36.0},{"not_picked":["Dramatic Entrance","Purity"],"picked":"Panacea","floor":37.0},{"not_picked":["Secret Weapon","Enlightenment"],"picked":"Trip","floor":37.0},{"not_picked":["Magnetism","Violence"],"picked":"Chrysalis","floor":37.0},{"not_picked":["Pommel Strike","Second Wind","Warcry"],"picked":"SKIP","floor":38.0},{"not_picked":["Perfected Strike","Headbutt","Flex"],"picked":"SKIP","floor":39.0},{"not_picked":["Pummel","Wild Strike","Twin Strike"],"picked":"SKIP","floor":41.0},{"not_picked":["Flex","Clash"],"picked":"Body Slam+1","floor":46.0},{"not_picked":["Dual Wield","Sword Boomerang+1","Clothesline"],"picked":"SKIP","floor":48.0}],"player_experience":423018,"relics_obtained":[{"floor":9.0,"key":"Darkstone Periapt"},{"floor":10.0,"key":"Bronze Scales"},{"floor":43.0,"key":"Bag of Marbles"}],"event_choices":[{"damage_healed":0.0,"max_hp_gain":0.0,"max_hp_loss":0.0,"gold_gain":0.0,"event_name":"Liars Game","player_choice":"Ignored","floor":3.0,"gold_loss":0.0,"damage_taken":0.0},{"damage_healed":0.0,"max_hp_gain":0.0,"max_hp_loss":0.0,"gold_gain":0.0,"event_name":"FaceTrader","player_choice":"Trade","floor":12.0,"gold_loss":0.0,"damage_taken":0.0,"relics_obtained":["NlothsMask"]},{"damage_healed":0.0,"max_hp_gain":0.0,"max_hp_loss":0.0,"gold_gain":0.0,"event_name":"The Mausoleum","player_choice":"Opened","floor":19.0,"gold_loss":0.0,"damage_taken":0.0,"relics_obtained":["Ice Cream"],"cards_obtained":["Writhe"]},{"cards_removed":["Writhe"],"damage_healed":0.0,"max_hp_gain":0.0,"max_hp_loss":0.0,"gold_gain":0.0,"event_name":"Bonfire Elementals","player_choice":"Offered Curse","floor":21.0,"gold_loss":0.0,"damage_taken":0.0,"relics_obtained":["Spirit Poop"]},{"damage_healed":0.0,"max_hp_gain":0.0,"max_hp_loss":0.0,"gold_gain":0.0,"event_name":"SensoryStone","player_choice":"Memory 3","floor":37.0,"gold_loss":0.0,"damage_taken":10.0},{"damage_healed":0.0,"max_hp_gain":0.0,"max_hp_loss":0.0,"gold_gain":0.0,"event_name":"Mysterious Sphere","player_choice":"Ignored","floor":42.0,"gold_loss":0.0,"damage_taken":0.0}],"is_beta":false,"boss_relics":[{"not_picked":["Black Blood","Tiny House"],"picked":"Pandora\u0027s Box"},{"not_picked":["Astrolabe","Runic Dome"],"picked":"Fusion Hammer"}],"items_purged_floors":[],"is_endless":false,"potions_floor_spawned":[2,4,7,14,20,23,27,31,36,41],"killed_by":"Donu and Deca","ascension_level":17}}