{"host":"ELF","time":1612038758,"event":{"mods":["BaseMod","Bestiary","Minty Spire (QoL Compilation)","Relic Stats","Slay the Relics Exporter"],"gold_per_floor":[122,154,166,191,203,243,255,295,331,354,291,303,328,56,56,133,133,145,60,60,69,88,123,151,176,200,200,82,82,82,110,110,110,110],"floor_reached":33,"language":"ENG","playtime":1407,"items_purged":[],"score":536,"play_id":"dcade343-086e-4eb1-92d9-c89c8f9477d7","local_time":"20210130143238","is_ascension_mode":true,"campfire_choices":[{"data":"Power Through","floor":7,"key":"SMITH"},{"data":"Fire Breathing","floor":12,"key":"SMITH"},{"data":"Armaments","floor":15,"key":"SMITH"},{"floor":27,"key":"DIG"},{"floor":29,"key":"DIG"},{"data":"Barricade","floor":32,"key":"SMITH"}],"circlet_count":0,"master_deck":["AscendersBane","Strike_R","Strike_R","Strike_R","Strike_R","Defend_R","Defend_R","Defend_R","Bash","Power Through+1","Fire Breathing+1","Anger","Offering","Power Through","Iron Wave","Armaments+1","Offering","Reckless Charge","Writhe","Disarm","True Grit","Sever Soul","Shockwave","Dark Embrace","Pummel","Sentinel+1","Ghostly Armor","Barricade+1"],"relics":["Burning Blood","MawBank","Lantern","Centennial Puzzle","Blood Vial","Eternal Feather","Coffee Dripper","Shovel","CeramicFish","Torii","Akabeko","HornCleat","Orrery","Bottled Flame"],"acts_visited":["Exordium","TheCity"],"potions_floor_usage":[4,16,18,23,33,33],"damage_taken":[{"damage":2,"enemies":"2 Louse","floor":1,"turns":4},{"damage":12,"enemies":"Cultist","floor":2,"turns":4},{"damage":0,"enemies":"Jaw Worm","floor":4,"turns":7},{"damage":10,"enemies":"3 Sentries","floor":6,"turns":7},{"damage":26,"enemies":"Gremlin Nob","floor":8,"turns":4},{"damage":6,"enemies":"Exordium Wildlife","floor":10,"turns":3},{"damage":6,"enemies":"3 Louse","floor":13,"turns":3},{"damage":31,"enemies":"Hexaghost","floor":16,"turns":9},{"damage":12,"enemies":"3 Byrds","floor":18,"turns":3},{"damage":12,"enemies":"Spheric Guardian","floor":22,"turns":3},{"damage":29,"enemies":"Book of Stabbing","floor":23,"turns":4},{"damage":13,"enemies":"Snake Plant","floor":24,"turns":4},{"damage":6,"enemies":"Cultist and Chosen","floor":25,"turns":4},{"damage":19,"enemies":"Centurion and Healer","floor":31,"turns":6},{"damage":79,"enemies":"Champ","floor":33,"turns":16}],"seed_played":"-3856397905733001661","potions_obtained":[{"floor":3,"key":"Block Potion"},{"floor":3,"key":"DistilledChaos"},{"floor":4,"key":"AttackPotion"},{"floor":16,"key":"ColorlessPotion"},{"floor":18,"key":"ElixirPotion"},{"floor":31,"key":"BlessingOfTheForge"}],"is_trial":false,"path_per_floor":["M","M","?","M","?","E","R","E","T","M","?","R","M","$","R","B",null,"M","?","$","?","M","E","M","M","T","R","$","R","?","M","R","B"],"character_chosen":"IRONCLAD","items_purchased":["Eternal Feather","Orrery"],"campfire_rested":0,"item_purchase_floors":[14,28],"current_hp_per_floor":[72,66,66,72,72,68,68,48,48,50,50,50,52,52,61,38,66,62,62,62,62,58,37,32,34,34,46,46,61,75,62,75,0,0],"gold":110,"neow_bonus":"RANDOM_COMMON_RELIC","is_daily":false,"chose_seed":false,"campfire_upgraded":4,"win_rate":0.0,"timestamp":1612038758,"path_taken":["M","M","?","?","?","E","R","E","T","?","?","R","M","$","R","BOSS","M","?","$","?","M","E","M","?","T","R","?","R","?","M","R","BOSS"],"items_purchased_type":["Relic","Relic"],"build_version":"2020-12-18","purchased_purges":0,"victory":false,"max_hp_per_floor":[75,75,75,75,75,75,75,75,75,75,75,75,75,75,75,75,75,75,75,75,75,75,75,75,75,75,75,75,75,75,75,75,75,75],"relic_stats":{"Blood Vial":16,"Centennial Puzzle":[30],"Shovel":2,"Torii":7,"counters":[15,81],"CeramicFish":99,"Eternal Feather":49,"MawBank":168,"obtain_stats":[{"Lantern":6,"Torii":23,"CeramicFish":21,"Eternal Feather":14,"MawBank":0,"Burning Blood":0,"Akabeko":26,"Blood Vial":9,"Centennial Puzzle":8,"Bottled Flame":29,"Shovel":19,"HornCleat":27,"Orrery":28,"Coffee Dripper":17},{"Lantern":4,"Torii":11,"CeramicFish":9,"Eternal Feather":7,"MawBank":0,"Burning Blood":0,"Akabeko":13,"Blood Vial":5,"Centennial Puzzle":5,"Bottled Flame":13,"Shovel":9,"HornCleat":13,"Orrery":13,"Coffee Dripper":8},{"Lantern":22,"Torii":51,"CeramicFish":44,"Eternal Feather":32,"MawBank":0,"Burning Blood":0,"Akabeko":59,"Blood Vial":26,"Centennial Puzzle":26,"Bottled Flame":59,"Shovel":44,"HornCleat":59,"Orrery":59,"Coffee Dripper":41}],"Burning Blood":84},"card_choices":[{"not_picked":["Twin Strike","Havoc"],"picked":"Power Through","floor":1},{"not_picked":["Twin Strike","Warcry"],"picked":"Fire Breathing","floor":2},{"not_picked":["Havoc","Perfected Strike"],"picked":"Anger","floor":4},{"not_picked":["Sentinel","Headbutt"],"picked":"Offering","floor":6},{"not_picked":["Perfected Strike","Demon Form"],"picked":"Power Through","floor":8},{"not_picked":["Sword Boomerang","Havoc"],"picked":"Iron Wave","floor":10},{"not_picked":["Flex","Bloodletting"],"picked":"Armaments","floor":13},{"not_picked":["Double Tap","Brutality"],"picked":"Offering","floor":16},{"not_picked":["Hemokinesis","Anger"],"picked":"Reckless Charge","floor":18},{"not_picked":["Headbutt","Inflame+1"],"picked":"Disarm","floor":22},{"not_picked":["Double Tap","Havoc"],"picked":"True Grit","floor":23},{"not_picked":["Dual Wield","Blood for Blood"],"picked":"Sever Soul","floor":24},{"not_picked":["Clash","Headbutt"],"picked":"Blood for Blood","floor":25},{"not_picked":["Perfected Strike","Armaments"],"picked":"Shockwave","floor":28},{"not_picked":["Anger","Inflame"],"picked":"Dark Embrace","floor":28},{"not_picked":["Clash","Armaments"],"picked":"Pummel","floor":28},{"not_picked":["Shrug It Off","Headbutt"],"picked":"Sentinel+1","floor":28},{"not_picked":["Armaments","Infernal Blade"],"picked":"Ghostly Armor","floor":28},{"not_picked":["Sword Boomerang","Ghostly Armor"],"picked":"Barricade","floor":31}],"player_experience":3360220,"relics_obtained":[{"floor":6,"key":"Lantern"},{"floor":8,"key":"Centennial Puzzle"},{"floor":9,"key":"Blood Vial"},{"floor":23,"key":"Torii"},{"floor":26,"key":"Akabeko"},{"floor":27,"key":"HornCleat"},{"floor":29,"key":"Bottled Flame"}],"event_choices":[{"damage_healed":0,"gold_gain":0,"player_choice":"Got Potions","damage_taken":0,"max_hp_gain":0,"max_hp_loss":0,"event_name":"Lab","floor":3,"gold_loss":0},{"cards_removed":["Strike_R"],"damage_healed":0,"gold_gain":0,"player_choice":"Purged","damage_taken":0,"max_hp_gain":0,"max_hp_loss":0,"event_name":"Purifier","floor":5,"gold_loss":0},{"cards_removed":["Defend_R"],"damage_healed":0,"gold_gain":0,"player_choice":"Card Removal","damage_taken":0,"max_hp_gain":0,"max_hp_loss":0,"event_name":"The Cleric","floor":11,"gold_loss":75},{"damage_healed":0,"gold_gain":0,"player_choice":"Obtained Relic","damage_taken":0,"relics_obtained":["Shovel"],"max_hp_gain":0,"max_hp_loss":0,"event_name":"Addict","floor":19,"gold_loss":85},{"damage_healed":0,"gold_gain":0,"player_choice":"Opened","damage_taken":0,"relics_obtained":["CeramicFish"],"max_hp_gain":0,"max_hp_loss":0,"event_name":"The Mausoleum","floor":21,"gold_loss":0,"cards_obtained":["Writhe"]},{"cards_removed":["Blood for Blood"],"damage_healed":14,"gold_gain":0,"player_choice":"Offered Uncommon","damage_taken":0,"max_hp_gain":0,"max_hp_loss":0,"event_name":"Bonfire Elementals","floor":30,"gold_loss":0}],"is_beta":true,"boss_relics":[{"not_picked":["Ectoplasm","Fusion Hammer"],"picked":"Coffee Dripper"}],"items_purged_floors":[],"is_endless":false,"potions_floor_spawned":[4,13,16,18,31],"killed_by":"Champ","ascension_level":19}}