{"host":"y3h3n3f7seyagppx","time":1612044750,"event":{"mods":["AlwaysNeverKeys","BaseMod","Better Vampires","Colored Powertips","DeckTracker","Emptier Cage","Minty Spire (QoL Compilation)","Permanent Neow","Quick Restart","Rare Cards Sparkle","Relic Sorter","Relic Stats","StSLib","Transform Curses"],"gold_per_floor":[360,380,380,398,413,413,41,141,221,246,264,290,303,336,336,415,415,431,444,77,77,77,77],"floor_reached":22,"language":"ENG","playtime":2060,"items_purged":["Normality","Strike_R"],"score":412,"play_id":"ee6dc4f2-0684-4f21-8d1c-e3c02d787a26","local_time":"20210130171230","is_ascension_mode":true,"campfire_choices":[{"data":"Uppercut","floor":6,"key":"SMITH"},{"data":"Shrug It Off","floor":15,"key":"SMITH"}],"circlet_count":0,"master_deck":["AscendersBane","Strike_R","Strike_R","Strike_R","Strike_R","Defend_R","Defend_R","Defend_R","Defend_R","Bash","Uppercut+1","Twin Strike","Feel No Pain","Shrug It Off+1","Evolve","Corruption","Spot Weakness","Barricade"],"relics":["Burning Blood","Vajra","Medical Kit","Meat on the Bone","Tiny Chest","Oddly Smooth Stone","Self Forming Clay","SlaversCollar","Membership Card","InkBottle"],"acts_visited":["Exordium","TheCity"],"potions_floor_usage":[5,7,10,12,14,22],"damage_taken":[{"damage":9,"enemies":"2 Louse","floor":1,"turns":3},{"damage":0,"enemies":"Small Slimes","floor":2,"turns":3},{"damage":4,"enemies":"Cultist","floor":4,"turns":3},{"damage":14,"enemies":"Red Slaver","floor":5,"turns":3},{"damage":20,"enemies":"Lagavulin","floor":10,"turns":5},{"damage":4,"enemies":"Looter","floor":11,"turns":3},{"damage":15,"enemies":"3 Sentries","floor":12,"turns":7},{"damage":29,"enemies":"Large Slime","floor":13,"turns":6},{"damage":20,"enemies":"Lagavulin","floor":14,"turns":7},{"damage":19,"enemies":"The Guardian","floor":16,"turns":15},{"damage":0,"enemies":"Chosen","floor":18,"turns":6},{"damage":37,"enemies":"3 Byrds","floor":19,"turns":9},{"damage":73,"enemies":"Cultist and Chosen","floor":22,"turns":5}],"seed_played":"8000418900040553691","potions_obtained":[{"floor":2,"key":"AttackPotion"},{"floor":4,"key":"BloodPotion"},{"floor":11,"key":"BlessingOfTheForge"},{"floor":12,"key":"ElixirPotion"},{"floor":14,"key":"Energy Potion"},{"floor":16,"key":"EssenceOfSteel"}],"is_trial":false,"path_per_floor":["M","M","?","M","M","R","$","?","T","E","M","E","M","E","R","B",null,"M","M","$","?","M"],"character_chosen":"IRONCLAD","items_purchased":["Medical Kit","BloodPotion","DistilledChaos","Membership Card","InkBottle"],"campfire_rested":0,"item_purchase_floors":[7,7,7,20,20],"current_hp_per_floor":[65,71,26,28,35,35,50,50,50,48,50,53,42,40,40,39,66,72,53,53,53,0,0],"gold":77,"neow_bonus":"TWO_FIFTY_GOLD","is_daily":false,"chose_seed":false,"campfire_upgraded":2,"win_rate":0.0,"timestamp":1612044750,"path_taken":["M","M","?","M","M","R","$","?","T","E","M","E","M","E","R","BOSS","M","M","$","?","?"],"items_purchased_type":["Relic","Potion","Potion","Relic","Relic"],"build_version":"2020-12-22","purchased_purges":2,"victory":false,"max_hp_per_floor":[75,75,75,75,75,75,75,75,75,75,75,75,75,75,75,75,75,75,75,75,75,75,75],"relic_stats":{"counters":[13,75],"Self Forming Clay":[72],"Tiny Chest":0,"Medical Kit":[5],"obtain_stats":[{"SlaversCollar":17,"Self Forming Clay":14,"Vajra":3,"Oddly Smooth Stone":12,"Tiny Chest":10,"Membership Card":20,"Medical Kit":7,"Burning Blood":0,"InkBottle":20,"Meat on the Bone":9},{"SlaversCollar":10,"Self Forming Clay":9,"Vajra":2,"Oddly Smooth Stone":7,"Tiny Chest":5,"Membership Card":12,"Medical Kit":4,"Burning Blood":0,"InkBottle":12,"Meat on the Bone":4},{"SlaversCollar":55,"Self Forming Clay":40,"Vajra":6,"Oddly Smooth Stone":27,"Tiny Chest":17,"Membership Card":70,"Medical Kit":12,"Burning Blood":0,"InkBottle":70,"Meat on the Bone":12}],"Burning Blood":72,"InkBottle":[1],"Meat on the Bone":72},"card_choices":[{"not_picked":["Ghostly Armor","Rage"],"picked":"Uppercut","floor":1},{"not_picked":["Clash","Thunderclap","Sentinel"],"picked":"SKIP","floor":2},{"not_picked":["Iron Wave","Dark Embrace"],"picked":"Twin Strike","floor":4},{"not_picked":["Heavy Blade","Ghostly Armor"],"picked":"Feel No Pain","floor":5},{"not_picked":["Heavy Blade","Body Slam","Cleave"],"picked":"SKIP","floor":10},{"not_picked":["Dark Embrace","Clash","Seeing Red"],"picked":"SKIP","floor":11},{"not_picked":["Double Tap","Warcry","Reckless Charge"],"picked":"SKIP","floor":12},{"not_picked":["Cleave","Havoc"],"picked":"Shrug It Off","floor":13},{"not_picked":["Shrug It Off","Clash"],"picked":"Evolve","floor":14},{"not_picked":["Impervious","Demon Form"],"picked":"Corruption","floor":16},{"not_picked":["Pommel Strike","Headbutt","Cleave"],"picked":"SKIP","floor":18},{"not_picked":["Armaments","Thunderclap"],"picked":"Spot Weakness","floor":19}],"player_experience":21805585,"relics_obtained":[{"floor":9,"key":"Meat on the Bone"},{"floor":10,"key":"Tiny Chest"},{"floor":12,"key":"Oddly Smooth Stone"},{"floor":14,"key":"Self Forming Clay"}],"event_choices":[{"damage_healed":0,"gold_gain":0,"player_choice":"Success","damage_taken":45,"relics_obtained":["Vajra"],"max_hp_gain":0,"max_hp_loss":0,"event_name":"Scrap Ooze","floor":3,"gold_loss":0},{"damage_healed":0,"gold_gain":100,"player_choice":"Gold","damage_taken":0,"max_hp_gain":0,"max_hp_loss":0,"event_name":"Wheel of Change","floor":8,"gold_loss":0},{"damage_healed":0,"gold_gain":0,"player_choice":"1 cards matched","damage_taken":0,"max_hp_gain":0,"max_hp_loss":0,"event_name":"Match and Keep!","floor":21,"gold_loss":0,"cards_obtained":["Barricade"]}],"is_beta":false,"boss_relics":[{"not_picked":["Calling Bell","Runic Cube"],"picked":"SlaversCollar"}],"items_purged_floors":[7,20],"is_endless":false,"potions_floor_spawned":[2,4,11,12,14,16],"killed_by":"Cultist and Chosen","ascension_level":20}}