{"host":"9qk11wtevf51xvhl","time":1612022573,"event":{"mods":["BaseMod","Minty Spire (QoL Compilation)"],"gold_per_floor":[115,190,42,42,52,85,102,102,102],"floor_reached":8,"language":"ENG","playtime":390,"items_purged":[],"score":117,"play_id":"33d93ff7-3f4c-490a-bea2-ed806565ddb8","local_time":"20210130170253","is_ascension_mode":true,"campfire_choices":[],"circlet_count":0,"master_deck":["Strike_G","Strike_G","Strike_G","Strike_G","Defend_G","Defend_G","Defend_G","Defend_G","Defend_G","Survivor","Neutralize","Acrobatics","Flying Knee","Prostrate","Blind"],"relics":["Ring of the Snake","NeowsBlessing","PrismaticShard","Thread and Needle"],"acts_visited":["Exordium"],"potions_floor_usage":[],"damage_taken":[{"damage":0,"enemies":"Jaw Worm","floor":1,"turns":1},{"damage":0,"enemies":"Cultist","floor":5,"turns":1},{"damage":0,"enemies":"3 Sentries","floor":6,"turns":2},{"damage":0,"enemies":"2 Louse","floor":7,"turns":4},{"damage":62,"enemies":"Gremlin Nob","floor":8,"turns":6}],"seed_played":"-7176863103029238612","potions_obtained":[],"is_trial":false,"path_per_floor":["M","?","$","?","M","E","M","E"],"character_chosen":"THE_SILENT","items_purchased":["PrismaticShard"],"campfire_rested":0,"item_purchase_floors":[3],"current_hp_per_floor":[63,52,52,52,52,52,52,0,0],"gold":102,"neow_bonus":"THREE_ENEMY_KILL","is_daily":false,"chose_seed":false,"campfire_upgraded":0,"win_rate":0.0,"timestamp":1612022573,"path_taken":["M","?","$","?","?","E","M","E"],"items_purchased_type":["Relic"],"build_version":"2020-12-22","purchased_purges":0,"victory":false,"max_hp_per_floor":[70,70,70,70,70,70,70,70,70],"card_choices":[{"not_picked":["Dodge and Roll","Dagger Spray"],"picked":"Acrobatics","floor":1},{"not_picked":["Cloak And Dagger","Corpse Explosion"],"picked":"Flying Knee","floor":5},{"not_picked":["PiercingWail","Multi-Cast"],"picked":"Prostrate","floor":6},{"not_picked":["Barrage","Perfected Strike"],"picked":"Blind","floor":7}],"player_experience":549837,"relics_obtained":[{"floor":6,"key":"Thread and Needle"}],"event_choices":[{"damage_healed":0,"gold_gain":75,"player_choice":"Gather Gold","damage_taken":11,"max_hp_gain":0,"max_hp_loss":0,"event_name":"World of Goop","floor":2,"gold_loss":0},{"cards_removed":["Strike_G"],"damage_healed":0,"gold_gain":0,"player_choice":"Offered Basic","damage_taken":0,"max_hp_gain":0,"max_hp_loss":0,"event_name":"Bonfire Elementals","floor":4,"gold_loss":0}],"is_beta":false,"boss_relics":[],"items_purged_floors":[],"is_endless":false,"potions_floor_spawned":[],"killed_by":"Gremlin Nob","ascension_level":9}}