{"host":"uidy69bgx28xzt88","time":1612013201,"event":{"mods":["BaseMod","Minty Spire (QoL Compilation)","Relic Stats"],"gold_per_floor":[111,111,125,125,200,200,231,231,231,563,574,590,603,619,619,718,718,733,51,51,86,149,149,149],"floor_reached":23,"language":"ENG","playtime":1571,"items_purged":["Defend_B"],"score":319,"play_id":"da4dce5f-70bd-4ed7-9ec6-470e41fde59d","local_time":"20210130152641","is_ascension_mode":true,"campfire_choices":[{"data":"Cold Snap","floor":6.0,"key":"SMITH"},{"data":"Zap","floor":8.0,"key":"SMITH"},{"data":"Hologram","floor":15.0,"key":"SMITH"}],"circlet_count":0,"master_deck":["Strike_B","Strike_B","Defend_B","Defend_B+1","Defend_B","Zap+1","Dualcast","Cold Snap+1","FTL","Hologram+1","Skim+1","Barrage","Coolheaded","Cold Snap","Thunder Strike","Leap+1","HandOfGreed+1","Reinforced Body"],"relics":["Cracked Core","NeowsBlessing","Dead Branch","Pantograph","Old Coin","Fusion Hammer","CaptainsWheel","War Paint"],"acts_visited":["Exordium","TheCity"],"potions_floor_usage":[23],"damage_taken":[{"damage":0.0,"enemies":"Cultist","floor":1.0,"turns":1.0},{"damage":0.0,"enemies":"Small Slimes","floor":3.0,"turns":1.0},{"damage":0.0,"enemies":"Gremlin Nob","floor":7.0,"turns":1.0},{"damage":14.0,"enemies":"3 Sentries","floor":10.0,"turns":5.0},{"damage":6.0,"enemies":"2 Louse","floor":11.0,"turns":2.0},{"damage":7.0,"enemies":"Red Slaver","floor":12.0,"turns":3.0},{"damage":4.0,"enemies":"Lots of Slimes","floor":13.0,"turns":2.0},{"damage":0.0,"enemies":"Large Slime","floor":14.0,"turns":5.0},{"damage":37.0,"enemies":"The Guardian","floor":16.0,"turns":11.0},{"damage":3.0,"enemies":"Chosen","floor":18.0,"turns":5.0},{"damage":0.0,"enemies":"Spheric Guardian","floor":21.0,"turns":5.0},{"damage":26.0,"enemies":"Chosen and Byrds","floor":22.0,"turns":5.0},{"damage":43,"enemies":"Gremlin Leader","floor":23,"turns":7}],"seed_played":"8839941341775876026","potions_obtained":[{"floor":7.0,"key":"Explosive Potion"},{"floor":12.0,"key":"Explosive Potion"},{"floor":14.0,"key":"ColorlessPotion"},{"floor":16.0,"key":"AttackPotion"},{"floor":18.0,"key":"PotionOfCapacity"}],"is_trial":false,"path_per_floor":["M","?","M","?","?","R","E","R","T","E","M","M","M","M","R","B",null,"M","$","?","M","M","E"],"character_chosen":"DEFECT","items_purchased":["HandOfGreed","CaptainsWheel","War Paint"],"campfire_rested":0,"item_purchase_floors":[19,19,19],"current_hp_per_floor":[68,68,68,68,61,61,61,61,61,47,41,34,30,30,30,18,61,58,58,58,58,32,0,0],"gold":149,"neow_bonus":"THREE_ENEMY_KILL","is_daily":false,"chose_seed":false,"campfire_upgraded":3,"win_rate":0.0,"timestamp":1612013201,"path_taken":["M","?","?","?","?","R","E","R","T","E","M","M","?","M","R","BOSS","M","$","?","M","?","E"],"items_purchased_type":["Card","Relic","Relic"],"build_version":"2020-12-22","purchased_purges":1,"victory":false,"max_hp_per_floor":[75,75,75,75,75,75,75,75,75,75,75,75,75,75,75,75,75,75,75,75,75,75,75,75],"relic_stats":{"counters":[13,53],"Dead Branch":[7],"Pantograph":25,"War Paint":["Skim","Defend_B"],"obtain_stats":[{"CaptainsWheel":19,"NeowsBlessing":0,"Dead Branch":7,"Pantograph":9,"Fusion Hammer":17,"War Paint":19,"Cracked Core":0,"Old Coin":10},{"CaptainsWheel":10,"NeowsBlessing":0,"Dead Branch":3,"Pantograph":3,"Fusion Hammer":9,"War Paint":10,"Cracked Core":0,"Old Coin":4},{"CaptainsWheel":36,"NeowsBlessing":0,"Dead Branch":3,"Pantograph":3,"Fusion Hammer":31,"War Paint":36,"Cracked Core":0,"Old Coin":8}]},"card_choices":[{"not_picked":["Conserve Battery","Genetic Algorithm"],"picked":"Cold Snap","floor":1.0},{"not_picked":["Rebound","Hello World"],"picked":"FTL","floor":3.0},{"not_picked":["Leap","Go for the Eyes"],"picked":"Hologram","floor":7.0},{"not_picked":["Ball Lightning","Steam Power"],"picked":"Skim","floor":10.0},{"not_picked":["Compile Driver","Hologram"],"picked":"Barrage","floor":11.0},{"not_picked":["All For One","Redo","Scrape"],"picked":"SKIP","floor":12.0},{"not_picked":["Compile Driver","Tempest"],"picked":"Coolheaded","floor":13.0},{"not_picked":["Auto Shields","Barrage"],"picked":"Cold Snap","floor":14.0},{"not_picked":["All For One","Fission"],"picked":"Thunder Strike","floor":16.0},{"not_picked":["Genetic Algorithm","Compile Driver"],"picked":"Leap+1","floor":18.0},{"not_picked":["Rip and Tear","Gash+1","Rebound+1"],"picked":"SKIP","floor":21.0},{"not_picked":["Streamline","Go for the Eyes"],"picked":"Reinforced Body","floor":22.0}],"player_experience":263014,"relics_obtained":[{"floor":7.0,"key":"Dead Branch"},{"floor":9.0,"key":"Pantograph"},{"floor":10.0,"key":"Old Coin"}],"event_choices":[{"cards_removed":["Strike_B"],"damage_healed":0.0,"max_hp_gain":0.0,"max_hp_loss":0.0,"gold_gain":0.0,"event_name":"Purifier","player_choice":"Purged","floor":2.0,"gold_loss":0.0,"damage_taken":0.0},{"cards_removed":["Strike_B"],"damage_healed":0.0,"max_hp_gain":0.0,"max_hp_loss":0.0,"gold_gain":0.0,"event_name":"Living Wall","player_choice":"Forget","floor":4.0,"gold_loss":0.0,"damage_taken":0.0},{"damage_healed":0.0,"max_hp_gain":0.0,"max_hp_loss":0.0,"gold_gain":75.0,"event_name":"FaceTrader","player_choice":"Touch","floor":5.0,"gold_loss":0.0,"damage_taken":7.0},{"damage_healed":0.0,"max_hp_gain":0.0,"max_hp_loss":0.0,"gold_gain":0.0,"event_name":"Upgrade Shrine","player_choice":"Upgraded","floor":20.0,"gold_loss":0.0,"damage_taken":0.0,"cards_upgraded":["HandOfGreed"]}],"is_beta":false,"boss_relics":[{"not_picked":["Ectoplasm","Tiny House"],"picked":"Fusion Hammer"}],"items_purged_floors":[19],"is_endless":false,"potions_floor_spawned":[7,12,14,16,18],"killed_by":"Gremlin Leader","ascension_level":8}}