{"host":"kqjncq1jgqa58i7s","time":1612048658,"event":{"mods":["AchievementEnabler","BaseMod","Colored Map","Minty Spire (QoL Compilation)","Relic Stats"],"gold_per_floor":[15,35,35,35,47,47,60,60,130,130,140,155,155,175,175,248,298,312,329,329,348,348,348,273,110,110,10,10,23,23,23,23,100,100,115,115,125,125,141,141,153,153,207,34,54,54,4,24,24,24,24],"floor_reached":50,"language":"ENG","playtime":2513,"items_purged":["Flying Knee","Bite","Bite"],"score":893,"play_id":"a1303bbe-39b2-4a9a-b4f4-7ab7c3b67822","local_time":"20210131001738","is_ascension_mode":true,"campfire_choices":[{"data":"Neutralize","floor":6.0,"key":"SMITH"},{"data":"Dagger Throw","floor":8.0,"key":"SMITH"},{"data":"Predator","floor":10.0,"key":"SMITH"},{"data":"Storm of Steel","floor":15.0,"key":"SMITH"},{"floor":23.0,"key":"REST"},{"data":"Blade Dance","floor":28.0,"key":"SMITH"},{"floor":32.0,"key":"REST"},{"data":"Enlightenment","floor":40,"key":"SMITH"},{"floor":46,"key":"DIG"},{"floor":49,"key":"REST"}],"circlet_count":0,"master_deck":["AscendersBane","Defend_G","Defend_G","Defend_G","Defend_G","Survivor+1","Neutralize+1","Dagger Throw+1","Leg Sweep","Blade Dance+1","Storm of Steel+1","Envenom","Blade Dance","Calculated Gamble","Bite","Bite","Bite","Cloak And Dagger+1","Accuracy","Footwork","Blade Dance","Writhe","Bullet Time","Envenom","Backflip","Enlightenment+1","Parasite","Writhe"],"relics":["Ring of the Snake","Du-Vu Doll","Bronze Scales","Kunai","Pear","Tiny House","Shovel","Prayer Wheel","Busted Crown","Omamori","Anchor","Smiling Mask"],"acts_visited":["Exordium","TheCity","TheBeyond"],"potions_floor_usage":[50,50],"damage_taken":[{"damage":1.0,"enemies":"Small Slimes","floor":1.0,"turns":3.0},{"damage":3.0,"enemies":"Jaw Worm","floor":2.0,"turns":3.0},{"damage":0.0,"enemies":"Cultist","floor":5.0,"turns":3.0},{"damage":11.0,"enemies":"3 Louse","floor":7.0,"turns":3.0},{"damage":8.0,"enemies":"Blue Slaver","floor":11.0,"turns":2.0},{"damage":0.0,"enemies":"Large Slime","floor":12.0,"turns":4.0},{"damage":0.0,"enemies":"Red Slaver","floor":14.0,"turns":2.0},{"damage":17.0,"enemies":"Hexaghost","floor":16.0,"turns":9.0},{"damage":17.0,"enemies":"Spheric Guardian","floor":18.0,"turns":4.0},{"damage":11.0,"enemies":"2 Thieves","floor":19.0,"turns":4.0},{"damage":43.0,"enemies":"Chosen and Byrds","floor":21.0,"turns":6.0},{"damage":8.0,"enemies":"Snake Plant","floor":29.0,"turns":4.0},{"damage":29.0,"enemies":"Champ","floor":33.0,"turns":11.0},{"damage":6,"enemies":"Orb Walker","floor":35,"turns":3},{"damage":4,"enemies":"3 Shapes","floor":37,"turns":5},{"damage":0,"enemies":"Transient","floor":39,"turns":6},{"damage":32,"enemies":"Writhing Mass","floor":41,"turns":9},{"damage":3,"enemies":"3 Darklings","floor":45,"turns":4},{"damage":14,"enemies":"Jaw Worm Horde","floor":48,"turns":4},{"damage":66,"enemies":"Time Eater","floor":50,"turns":5}],"seed_played":"8273289357514118201","potions_obtained":[{"floor":1.0,"key":"SkillPotion"},{"floor":7.0,"key":"FearPotion"},{"floor":17.0,"key":"Energy Potion"},{"floor":29.0,"key":"Dexterity Potion"},{"floor":33.0,"key":"EssenceOfSteel"}],"is_trial":false,"path_per_floor":["M","M","?","T","M","R","M","R","T","R","M","M","?","M","R","B",null,"M","M","?","M","?","R","?","$","T","$","R","M","?","?","R","B",null,"M","?","M","?","M","R","M","?","T","$","M","R","$","M","R","B"],"character_chosen":"THE_SILENT","items_purchased":["Footwork","Anchor"],"campfire_rested":3,"item_purchase_floors":[25,44],"current_hp_per_floor":[58,55,48,48,48,48,37,37,37,37,29,29,39,39,39,22,68,51,40,40,5,5,21,21,21,21,21,21,25,25,25,41,22,48,48,48,48,48,56,56,30,41,41,41,42,42,42,30,46,0,0],"gold":24,"neow_bonus":"ONE_RARE_RELIC","is_daily":false,"chose_seed":false,"campfire_upgraded":6,"win_rate":0.0,"timestamp":1612048658,"path_taken":["M","M","?","?","M","R","M","R","T","R","M","M","?","?","R","BOSS","M","M","?","M","?","R","?","$","T","?","R","?","?","?","R","BOSS","M","?","?","?","M","R","M","?","T","$","M","R","$","M","R","BOSS"],"items_purchased_type":["Card","Relic"],"build_version":"2020-12-22","purchased_purges":3,"victory":false,"max_hp_per_floor":[66,66,66,66,66,66,66,66,66,66,66,66,76,76,76,76,81,81,81,56,56,56,56,56,56,56,56,56,56,56,56,56,56,56,56,56,56,56,56,56,56,56,56,56,56,56,56,56,56,56,56],"relic_stats":{"Shovel":1,"Busted Crown":26,"counters":[20,94],"Bronze Scales":[222],"Prayer Wheel":6,"Kunai":[65],"Smiling Mask":75,"obtain_stats":[{"Du-Vu Doll":0,"Anchor":44,"Pear":13,"Tiny House":17,"Shovel":26,"Busted Crown":34,"Bronze Scales":4,"Prayer Wheel":31,"Omamori":43,"Kunai":9,"Smiling Mask":46,"Ring of the Snake":0},{"Du-Vu Doll":0,"Anchor":17,"Pear":6,"Tiny House":8,"Shovel":11,"Busted Crown":13,"Bronze Scales":2,"Prayer Wheel":12,"Omamori":17,"Kunai":4,"Smiling Mask":18,"Ring of the Snake":0},{"Du-Vu Doll":0,"Anchor":81,"Pear":18,"Tiny House":29,"Shovel":43,"Busted Crown":58,"Bronze Scales":6,"Prayer Wheel":47,"Omamori":81,"Kunai":12,"Smiling Mask":85,"Ring of the Snake":0}],"Ring of the Snake":[40]},"card_choices":[{"not_picked":["Eviscerate","Dodge and Roll"],"picked":"Predator","floor":1.0},{"not_picked":["Flechettes","Acrobatics"],"picked":"Flying Knee","floor":2.0},{"not_picked":["Prepared","Deflect"],"picked":"Bouncing Flask","floor":5.0},{"not_picked":["Accuracy","Flying Knee"],"picked":"Dagger Throw","floor":7.0},{"not_picked":["Choke","Flechettes"],"picked":"Leg Sweep","floor":11.0},{"not_picked":["Expertise","Finisher"],"picked":"Blade Dance","floor":12.0},{"not_picked":["All Out Attack","Deflect"],"picked":"Storm of Steel","floor":14.0},{"not_picked":["Wraith Form v2","Burst"],"picked":"Envenom","floor":16.0},{"not_picked":["Concentrate","Crippling Poison"],"picked":"Blade Dance","floor":17.0},{"not_picked":["Eviscerate","Quick Slash","Masterful Stab+1"],"picked":"SKIP","floor":18.0},{"not_picked":["Quick Slash","Catalyst"],"picked":"Calculated Gamble","floor":19.0},{"not_picked":["Underhanded Strike","Bouncing Flask"],"picked":"Cloak And Dagger+1","floor":21.0},{"not_picked":["Quick Slash","Flying Knee"],"picked":"Blade Dance","floor":29.0},{"not_picked":["Doppelganger","Glass Knife"],"picked":"Bullet Time","floor":33.0},{"not_picked":["Deadly Poison"],"picked":"SKIP","floor":35},{"not_picked":["Skewer"],"picked":"SKIP","floor":35},{"not_picked":[],"picked":"Backflip","floor":37},{"not_picked":["Bane+1"],"picked":"SKIP","floor":37},{"not_picked":[],"picked":"Enlightenment","floor":38},{"not_picked":["Underhanded Strike+1"],"picked":"SKIP","floor":39},{"not_picked":["Backstab"],"picked":"SKIP","floor":39},{"not_picked":["Phantasmal Killer"],"picked":"SKIP","floor":41},{"not_picked":["Tactician"],"picked":"SKIP","floor":41},{"not_picked":["Masterful Stab"],"picked":"SKIP","floor":45},{"not_picked":["Dash+1"],"picked":"SKIP","floor":45},{"not_picked":["Crippling Poison"],"picked":"SKIP","floor":48},{"not_picked":["Masterful Stab"],"picked":"SKIP","floor":48}],"player_experience":1644915,"relics_obtained":[{"floor":4.0,"key":"Bronze Scales"},{"floor":9.0,"key":"Kunai"},{"floor":26.0,"key":"Shovel"},{"floor":43,"key":"Omamori"},{"floor":46,"key":"Smiling Mask"}],"event_choices":[{"cards_removed":["Defend_G"],"damage_healed":0.0,"max_hp_gain":0.0,"max_hp_loss":0.0,"gold_gain":0.0,"event_name":"Golden Wing","player_choice":"Card Removal","floor":3.0,"gold_loss":0.0,"damage_taken":7.0},{"damage_healed":0.0,"max_hp_gain":0.0,"max_hp_loss":0.0,"gold_gain":0.0,"event_name":"WeMeetAgain","player_choice":"Gave Potion","floor":13.0,"gold_loss":0.0,"damage_taken":0.0,"relics_obtained":["Pear"]},{"damage_healed":0.0,"max_hp_gain":0.0,"max_hp_loss":25.0,"gold_gain":0.0,"event_name":"Vampires","player_choice":"Became a vampire","floor":20.0,"gold_loss":0.0,"damage_taken":0.0,"cards_obtained":["Bite","Bite","Bite","Bite","Bite"]},{"damage_healed":0.0,"max_hp_gain":0.0,"max_hp_loss":0.0,"gold_gain":0.0,"event_name":"The Library","player_choice":"Read","floor":22.0,"gold_loss":0.0,"damage_taken":0.0,"cards_obtained":["Accuracy"]},{"cards_removed":["Bouncing Flask"],"damage_healed":0.0,"max_hp_gain":0.0,"max_hp_loss":0.0,"gold_gain":0.0,"event_name":"Beggar","player_choice":"Gave Gold","floor":24.0,"gold_loss":75.0,"damage_taken":0.0},{"cards_removed":["Predator"],"damage_healed":0.0,"max_hp_gain":0.0,"max_hp_loss":0.0,"gold_gain":0.0,"event_name":"Back to Basics","player_choice":"Elegance","floor":30.0,"gold_loss":0.0,"damage_taken":0.0},{"damage_healed":0.0,"max_hp_gain":0.0,"max_hp_loss":0.0,"gold_gain":0.0,"event_name":"The Mausoleum","player_choice":"Opened","floor":31.0,"gold_loss":0.0,"damage_taken":0.0,"relics_obtained":["Prayer Wheel"],"cards_obtained":["Writhe"]},{"damage_healed":0,"gold_gain":0,"player_choice":"Copied","damage_taken":0,"max_hp_gain":0,"max_hp_loss":0,"event_name":"Duplicator","floor":36,"gold_loss":0,"cards_obtained":["Envenom"]},{"damage_healed":0,"gold_gain":0,"player_choice":"Memory 1","damage_taken":0,"max_hp_gain":0,"max_hp_loss":0,"event_name":"SensoryStone","floor":38,"gold_loss":0},{"damage_healed":11,"gold_gain":0,"player_choice":"Writhe","damage_taken":0,"max_hp_gain":0,"max_hp_loss":0,"event_name":"Winding Halls","floor":42,"gold_loss":0,"cards_obtained":["Writhe"]}],"is_beta":false,"boss_relics":[{"not_picked":["Fusion Hammer","Ring of the Serpent"],"picked":"Tiny House"},{"not_picked":["SlaversCollar","Velvet Choker"],"picked":"Busted Crown"}],"items_purged_floors":[25,27,47],"is_endless":false,"potions_floor_spawned":[1,7,12,29,33,37,39],"killed_by":"Time Eater","ascension_level":20}}