{"host":"y89x8uui45kcjy42","time":1612051096,"event":{"mods":["2.2 Compatiblity","BaseMod","CapriCore","Colored Map","Colored Powertips","Custom Start","Friendly Minions","Keyboard Shortcuts","Minty Spire (QoL Compilation)","Relic Stats","Slay the Relics Exporter","StSLib","SuperFastMode","Uncapped"],"gold_per_floor":[113,38,49,68,68,68,68,103,129,129,129,129,129,29,29,106,106,122,122,126,126,126,126,126,126,126,156,156,156],"floor_reached":28,"language":"KOR","playtime":578,"items_purged":["Regret","Defend_P","Decay"],"score":506,"play_id":"f31d9a50-b583-423a-9114-fbcd195cce4c","local_time":"20210131085816","is_ascension_mode":true,"campfire_choices":[{"data":"Eruption","floor":6,"key":"SMITH"},{"data":"Devotion","floor":7,"key":"SMITH"},{"data":"Prostrate","floor":10,"key":"SMITH"},{"data":"ReachHeaven","floor":12,"key":"SMITH"},{"data":"ThirdEye","floor":15,"key":"SMITH"},{"data":"Scrawl","floor":23,"key":"SMITH"},{"data":"Collect","floor":24,"key":"SMITH"},{"data":"Pray","floor":25,"key":"SMITH"}],"circlet_count":0,"master_deck":["AscendersBane","Eruption+1","Vigilance","Devotion+1","ReachHeaven+1","MentalFortress+1","CrushJoints+1","Prostrate+1","ReachHeaven","ThirdEye+1","Scrawl+1","Collect+1","Fasting2","ClearTheMind","Wireheading","CarveReality","Protect","Pray+1","EmptyMind"],"relics":["PureWater","Damaru","Blood Vial","Vajra","Happy Flower","Pandora\u0027s Box","Sling","Prayer Wheel","Matryoshka","WingedGreaves"],"acts_visited":["Exordium","TheCity"],"potions_floor_usage":[28],"damage_taken":[{"damage":5,"enemies":"2 Louse","floor":1,"turns":4},{"damage":2,"enemies":"Jaw Worm","floor":3,"turns":5},{"damage":0,"enemies":"Cultist","floor":4,"turns":2},{"damage":7,"enemies":"3 Sentries","floor":8,"turns":4},{"damage":7,"enemies":"Slime Boss","floor":16,"turns":6},{"damage":37,"enemies":"Shell Parasite","floor":18,"turns":4},{"damage":0,"enemies":"Book of Stabbing","floor":27,"turns":3},{"damage":24,"enemies":"3 Byrds","floor":28,"turns":2}],"seed_played":"-973748823965977187","potions_obtained":[{"floor":1,"key":"Swift Potion"},{"floor":8,"key":"Dexterity Potion"}],"is_trial":false,"path_per_floor":["M","$","M","M","$","R","R","E","T","R","?","R","?","$","R","B",null,"M","?","$","?","?","R","R","R","T","E","M"],"character_chosen":"WATCHER","items_purchased":["Sling"],"campfire_rested":0,"item_purchase_floors":[20],"current_hp_per_floor":[56,56,54,54,54,54,54,47,47,47,21,21,21,21,21,16,55,20,20,20,20,20,20,20,20,20,22,0,0],"gold":156,"neow_bonus":"THREE_RARE_CARDS","is_daily":false,"chose_seed":false,"campfire_upgraded":8,"win_rate":0.0,"timestamp":1612051096,"path_taken":["M","$","M","M","$","R","R","E","T","R","?","R","?","$","R","BOSS","M","?","$","?","?","R","R","R","T","E","?"],"items_purchased_type":["Relic"],"build_version":"2020-12-22","purchased_purges":3,"victory":false,"max_hp_per_floor":[68,68,68,68,68,68,68,68,68,68,68,68,68,68,68,68,68,68,68,68,68,68,68,68,68,68,68,68,68],"relic_stats":{"Blood Vial":8,"Happy Flower":[5],"counters":[8,30],"Pandora\u0027s Box":["Collect","Fasting2","ClearTheMind","Wireheading","CarveReality","Protect"],"Prayer Wheel":0,"obtain_stats":[{"Blood Vial":8,"Matryoshka":27,"Happy Flower":11,"Damaru":1,"Vajra":9,"Pandora\u0027s Box":17,"Prayer Wheel":26,"WingedGreaves":6,"PureWater":0,"Sling":20},{"Blood Vial":4,"Matryoshka":7,"Happy Flower":4,"Damaru":1,"Vajra":4,"Pandora\u0027s Box":5,"Prayer Wheel":6,"WingedGreaves":3,"PureWater":0,"Sling":6},{"Blood Vial":15,"Matryoshka":28,"Happy Flower":15,"Damaru":2,"Vajra":15,"Pandora\u0027s Box":21,"Prayer Wheel":25,"WingedGreaves":11,"PureWater":0,"Sling":25}]},"card_choices":[{"not_picked":["Judgement","DeusExMachina"],"picked":"Devotion","floor":0},{"not_picked":["Perseverance","Evaluate"],"picked":"ReachHeaven","floor":1},{"not_picked":["SashWhip","CrushJoints","Halt"],"picked":"SKIP","floor":3},{"not_picked":["SandsOfTime","CutThroughFate"],"picked":"Prostrate","floor":4},{"not_picked":["Study","Wireheading"],"picked":"ReachHeaven","floor":8},{"not_picked":["DeusExMachina","Establishment"],"picked":"Scrawl","floor":16},{"not_picked":["ReachHeaven","Study"],"picked":"Pray","floor":18},{"not_picked":["Consecrate","CrushJoints","Halt+1"],"picked":"SKIP","floor":27}],"player_experience":670400,"relics_obtained":[{"floor":8,"key":"Blood Vial"},{"floor":9,"key":"Vajra"},{"floor":26,"key":"Prayer Wheel"},{"floor":27,"key":"Matryoshka"}],"event_choices":[{"damage_healed":0,"gold_gain":0,"player_choice":"Success","damage_taken":26,"relics_obtained":["Happy Flower"],"max_hp_gain":0,"max_hp_loss":0,"event_name":"Scrap Ooze","floor":11,"gold_loss":0},{"damage_healed":0,"gold_gain":0,"cards_transformed":["Strike_P"],"player_choice":"Transformed","damage_taken":0,"max_hp_gain":0,"max_hp_loss":0,"event_name":"Transmorgrifier","floor":13,"gold_loss":0,"cards_obtained":["ThirdEye"]},{"damage_healed":0,"gold_gain":0,"player_choice":"Smashed Altar","damage_taken":0,"max_hp_gain":0,"max_hp_loss":0,"event_name":"Forgotten Altar","floor":19,"gold_loss":0,"cards_obtained":["Decay"]},{"damage_healed":0,"gold_gain":0,"player_choice":"Read","damage_taken":0,"max_hp_gain":0,"max_hp_loss":0,"event_name":"The Library","floor":21,"gold_loss":0,"cards_obtained":["EmptyMind"]},{"damage_healed":0,"gold_gain":0,"player_choice":"Got Potions","damage_taken":0,"max_hp_gain":0,"max_hp_loss":0,"event_name":"Lab","floor":22,"gold_loss":0}],"is_beta":false,"boss_relics":[{"not_picked":["SacredBark","Philosopher\u0027s Stone"],"picked":"Pandora\u0027s Box"}],"items_purged_floors":[2,14,20],"is_endless":false,"potions_floor_spawned":[1,8,16],"killed_by":"3 Byrds","ascension_level":20}}