{"host":"f0gpob8hq9vgebej","time":1612024167,"event":{"mods":["AchievementEnabler","BaseMod","Minty Spire (QoL Compilation)","Quick Restart","SuperFastMode"],"gold_per_floor":[113,126,139,157,157,183,183,183,183],"floor_reached":8,"language":"KOR","playtime":211,"items_purged":[],"score":90,"play_id":"a9a03de4-5446-46a7-85c4-953c4ed003d2","local_time":"20210131012927","is_ascension_mode":true,"campfire_choices":[{"data":"Consume","floor":7,"key":"SMITH"}],"circlet_count":0,"master_deck":["AscendersBane","Strike_B","Strike_B+1","Strike_B+1","Strike_B","Defend_B","Defend_B","Defend_B+1","Defend_B+1","Zap","Dualcast","Compile Driver","Storm","Consume+1","Glacier"],"relics":["Cracked Core","War Paint","Whetstone"],"acts_visited":["Exordium"],"potions_floor_usage":[6,6,8],"damage_taken":[{"damage":0,"enemies":"Small Slimes","floor":1,"turns":3},{"damage":7,"enemies":"Jaw Worm","floor":2,"turns":3},{"damage":7,"enemies":"2 Louse","floor":3,"turns":3},{"damage":10,"enemies":"Large Slime","floor":4,"turns":5},{"damage":7,"enemies":"Lagavulin","floor":6,"turns":9},{"damage":37,"enemies":"Gremlin Nob","floor":8,"turns":5}],"seed_played":"8410701206173781796","potions_obtained":[{"floor":2,"key":"BlessingOfTheForge"},{"floor":3,"key":"ColorlessPotion"},{"floor":6,"key":"GamblersBrew"}],"is_trial":false,"path_per_floor":["M","M","M","M","?","E","R","E"],"character_chosen":"DEFECT","items_purchased":[],"campfire_rested":0,"item_purchase_floors":[],"current_hp_per_floor":[68,61,54,44,44,37,37,0,0],"gold":183,"neow_bonus":"RANDOM_COMMON_RELIC","is_daily":false,"chose_seed":false,"campfire_upgraded":1,"win_rate":0.0,"timestamp":1612024167,"path_taken":["M","M","M","M","?","E","R","E"],"items_purchased_type":[],"build_version":"2020-12-22","purchased_purges":0,"victory":false,"max_hp_per_floor":[75,75,75,75,75,75,75,75,75],"card_choices":[{"not_picked":["Coolheaded","Redo"],"picked":"Compile Driver","floor":1},{"not_picked":["Sunder","Turbo"],"picked":"Storm","floor":2},{"not_picked":["Recycle","Redo"],"picked":"Consume","floor":3},{"not_picked":["Streamline","Double Energy"],"picked":"Glacier","floor":4},{"not_picked":["Steam","Rebound","Stack"],"picked":"SKIP","floor":6}],"player_experience":302834,"relics_obtained":[{"floor":6,"key":"Whetstone"}],"event_choices":[{"damage_healed":0,"gold_gain":0,"player_choice":"Ignored","damage_taken":0,"max_hp_gain":0,"max_hp_loss":0,"event_name":"Liars Game","floor":5,"gold_loss":0}],"is_beta":false,"boss_relics":[],"items_purged_floors":[],"is_endless":false,"potions_floor_spawned":[2,3,6],"killed_by":"Gremlin Nob","ascension_level":11}}