{"host":"Vegetablebread","time":1612029635,"event":{"mods":["BaseMod","Bestiary","Minty Spire (QoL Compilation)","Relic Stats","Slay the Relics Exporter"],"gold_per_floor":[109,34,34,51,61,61,88,88,112,138,157,183,200,219,219,291,291,303,303,303,303,321,353,353,364,364,364,364],"floor_reached":27,"language":"ENG","playtime":6912,"items_purged":[],"score":506,"play_id":"8aea65da-7609-4029-8c1a-e7a2e1cb2b26","local_time":"20210130100035","is_ascension_mode":true,"campfire_choices":[{"data":"Noxious Fumes","floor":6,"key":"SMITH"},{"floor":8,"key":"REST"},{"floor":15,"key":"REST"},{"floor":24,"key":"REST"}],"circlet_count":0,"master_deck":["AscendersBane","Strike_G+1","Defend_G+1","Defend_G+1","Defend_G+1","Defend_G+1","Survivor","Neutralize","Unload","Blade Dance","Underhanded Strike","Noxious Fumes+1","Adrenaline","Tactician","Reflex","Footwork","Malaise","Crippling Poison","Glass Knife","Noxious Fumes+1","Night Terror+1","Distraction+1","Outmaneuver","Well Laid Plans","Malaise","Dodge and Roll"],"relics":["Ring of the Snake","Nunchaku","Bag of Preparation","Potion Belt","Paper Crane","Nloth\u0027s Gift","Shuriken","Darkstone Periapt"],"acts_visited":["Exordium","TheCity"],"potions_floor_usage":[7,12,14,16,23,25],"damage_taken":[{"damage":12,"enemies":"Jaw Worm","floor":1,"turns":7},{"damage":0,"enemies":"Cultist","floor":4,"turns":3},{"damage":0,"enemies":"Small Slimes","floor":5,"turns":3},{"damage":15,"enemies":"Lagavulin","floor":7,"turns":4},{"damage":7,"enemies":"3 Sentries","floor":10,"turns":6},{"damage":0,"enemies":"2 Fungi Beasts","floor":11,"turns":2},{"damage":28,"enemies":"Gremlin Nob","floor":12,"turns":4},{"damage":0,"enemies":"Exordium Thugs","floor":13,"turns":4},{"damage":9,"enemies":"Large Slime","floor":14,"turns":5},{"damage":4,"enemies":"The Guardian","floor":16,"turns":9},{"damage":0,"enemies":"Chosen","floor":18,"turns":3},{"damage":8,"enemies":"Shell Parasite","floor":22,"turns":5},{"damage":25,"enemies":"Gremlin Leader","floor":23,"turns":9},{"damage":15,"enemies":"3 Cultists","floor":25,"turns":5},{"damage":7,"enemies":"Centurion and Healer","floor":27,"turns":7}],"seed_played":"-6227815883094377093","potions_obtained":[{"floor":5,"key":"FearPotion"},{"floor":7,"key":"Strength Potion"},{"floor":10,"key":"EssenceOfSteel"},{"floor":13,"key":"BlessingOfTheForge"},{"floor":16,"key":"AttackPotion"},{"floor":23,"key":"Explosive Potion"}],"is_trial":false,"path_per_floor":["M","?","?","M","M","R","E","R","T","E","M","E","M","M","R","B",null,"M","?","?","?","M","E","R","M","T","M"],"character_chosen":"THE_SILENT","items_purchased":[],"campfire_rested":3,"item_purchase_floors":[],"current_hp_per_floor":[47,47,47,47,47,47,32,50,50,43,43,15,15,6,24,20,50,50,50,34,34,26,1,20,5,5,0,0],"gold":364,"neow_bonus":"THREE_RARE_CARDS","is_daily":false,"chose_seed":false,"campfire_upgraded":1,"win_rate":0.0,"timestamp":1612029635,"path_taken":["M","?","?","M","M","R","E","R","T","E","M","E","M","?","R","BOSS","M","?","?","?","?","E","R","M","T","M"],"items_purchased_type":[],"build_version":"2020-12-18","purchased_purges":0,"victory":false,"max_hp_per_floor":[60,60,60,60,60,60,60,60,60,60,60,60,60,60,60,60,60,60,60,65,65,65,65,65,65,65,65,65],"relic_stats":{"Darkstone Periapt":0,"Nunchaku":[12],"counters":[15,76],"Shuriken":[4],"Bag of Preparation":[22],"Nloth\u0027s Gift":1,"obtain_stats":[{"Potion Belt":10,"Darkstone Periapt":26,"Nunchaku":7,"Shuriken":23,"Astrolabe":17,"Bag of Preparation":9,"Nloth\u0027s Gift":21,"Paper Crane":12,"Ring of the Snake":0},{"Potion Belt":5,"Darkstone Periapt":14,"Nunchaku":4,"Shuriken":13,"Astrolabe":10,"Bag of Preparation":4,"Nloth\u0027s Gift":11,"Paper Crane":7,"Ring of the Snake":0},{"Potion Belt":23,"Darkstone Periapt":69,"Nunchaku":17,"Shuriken":64,"Astrolabe":47,"Bag of Preparation":17,"Nloth\u0027s Gift":50,"Paper Crane":29,"Ring of the Snake":0}],"Ring of the Snake":[30]},"card_choices":[{"not_picked":["Envenom","After Image"],"picked":"Unload","floor":0},{"not_picked":["Prepared","Quick Slash"],"picked":"Blade Dance","floor":1},{"not_picked":["Deflect","Catalyst"],"picked":"Noxious Fumes","floor":4},{"not_picked":["PiercingWail","Blade Dance"],"picked":"Adrenaline","floor":5},{"not_picked":["Setup","Deflect"],"picked":"Tactician","floor":7},{"not_picked":["Deflect","Backflip"],"picked":"Reflex","floor":10},{"not_picked":["Quick Slash","Heel Hook"],"picked":"Footwork","floor":11},{"not_picked":["Concentrate","Underhanded Strike"],"picked":"Malaise","floor":12},{"not_picked":["Poisoned Stab","Blade Dance"],"picked":"Crippling Poison","floor":13},{"not_picked":["Dagger Spray","Riddle With Holes","Quick Slash"],"picked":"SKIP","floor":14},{"not_picked":["Corpse Explosion","Night Terror"],"picked":"Glass Knife","floor":16},{"not_picked":["Backflip","Underhanded Strike"],"picked":"Outmaneuver","floor":18},{"not_picked":["All Out Attack","PiercingWail"],"picked":"Well Laid Plans","floor":22},{"not_picked":["Predator","Poisoned Stab"],"picked":"Malaise","floor":23},{"not_picked":["Heel Hook+1","Blade Dance"],"picked":"Dodge and Roll","floor":25}],"player_experience":10382782,"relics_obtained":[{"floor":7,"key":"Nunchaku"},{"floor":9,"key":"Bag of Preparation"},{"floor":10,"key":"Potion Belt"},{"floor":12,"key":"Paper Crane"},{"floor":23,"key":"Shuriken"},{"floor":26,"key":"Darkstone Periapt"}],"event_choices":[{"cards_removed":["Strike_G"],"damage_healed":0,"gold_gain":0,"player_choice":"Card Removal","damage_taken":0,"max_hp_gain":0,"max_hp_loss":0,"event_name":"The Cleric","floor":2,"gold_loss":75},{"damage_healed":0,"gold_gain":0,"cards_transformed":["Defend_G"],"player_choice":"Transformed","damage_taken":0,"max_hp_gain":0,"max_hp_loss":0,"event_name":"Transmorgrifier","floor":3,"gold_loss":0,"cards_obtained":["Underhanded Strike"]},{"damage_healed":0,"gold_gain":0,"player_choice":"Simplicity","damage_taken":0,"max_hp_gain":0,"max_hp_loss":0,"event_name":"Back to Basics","floor":19,"gold_loss":0,"cards_upgraded":["Strike_G","Defend_G","Defend_G","Defend_G","Defend_G"]},{"damage_healed":0,"gold_gain":0,"player_choice":"Shed Blood","damage_taken":21,"max_hp_gain":5,"max_hp_loss":0,"event_name":"Forgotten Altar","floor":20,"gold_loss":0},{"damage_healed":0,"gold_gain":0,"player_choice":"Traded Relic","damage_taken":0,"relics_obtained":["Nloth\u0027s Gift"],"max_hp_gain":0,"max_hp_loss":0,"event_name":"N\u0027loth","floor":21,"relics_lost":["Astrolabe"],"gold_loss":0}],"is_beta":true,"boss_relics":[{"not_picked":["WristBlade","Fusion Hammer"],"picked":"Astrolabe"}],"items_purged_floors":[],"is_endless":false,"potions_floor_spawned":[5,7,10,13,16,23],"killed_by":"Centurion and Healer","ascension_level":20}}