{"host":"vlqejv0notyktumz","time":1612037404,"event":{"mods":["AchievementEnabler","BaseMod","Colored Map","Colored Powertips","Downfall","Googly Eyes","Minty Spire (QoL Compilation)","StSLib"],"gold_per_floor":[117,134,20,30,30,63,63,98,98,98,173,173,173,190,190,289,289,300,311,13,27,126,126,126,126],"floor_reached":24,"language":"ENG","playtime":569,"items_purged":["Strike_R"],"score":263,"play_id":"0d39437a-e8fe-40cc-a453-9ad115c4c8d4","local_time":"20210130141004","is_ascension_mode":true,"campfire_choices":[{"data":"Juggernaut","floor":7,"key":"SMITH"},{"data":"Metallicize","floor":10,"key":"SMITH"},{"data":"Defend_R","floor":13,"key":"SMITH"},{"floor":15,"key":"REST"},{"floor":23,"key":"REST"}],"circlet_count":0,"master_deck":["Strike_R","Strike_R","Strike_R","Defend_R","Defend_R","Defend_R","Defend_R+1","Bash","Juggernaut+1","Rampage","Metallicize+1","Spot Weakness","Impervious","True Grit+1","Armaments"],"relics":["Burning Blood","Potion Belt","StoneCalendar","Matryoshka","Runic Pyramid","TungstenRod"],"acts_visited":["Exordium","TheCity"],"potions_floor_usage":[8,8,14,16,16,16,24],"damage_taken":[{"damage":18,"enemies":"Jaw Worm","floor":1,"turns":4},{"damage":11,"enemies":"2 Louse","floor":2,"turns":3},{"damage":0,"enemies":"Cultist","floor":4,"turns":4},{"damage":36,"enemies":"3 Sentries","floor":6,"turns":7},{"damage":0,"enemies":"Lagavulin","floor":8,"turns":4},{"damage":9,"enemies":"3 Louse","floor":14,"turns":3},{"damage":25,"enemies":"Slime Boss","floor":16,"turns":7},{"damage":30,"enemies":"3 Byrds","floor":18,"turns":5},{"damage":0,"enemies":"Spheric Guardian","floor":19,"turns":4},{"damage":43,"enemies":"Shelled Parasite and Fungi","floor":21,"turns":7},{"damage":33,"enemies":"Gremlin Leader","floor":24,"turns":5}],"seed_played":"-874455955440279890","potions_obtained":[{"floor":1,"key":"LiquidMemories"},{"floor":4,"key":"DuplicationPotion"},{"floor":12,"key":"SpeedPotion"},{"floor":12,"key":"champ:CounterPotion"},{"floor":12,"key":"Swift Potion"},{"floor":14,"key":"Energy Potion"},{"floor":21,"key":"champ:CounterPotion"}],"is_trial":false,"path_per_floor":["M","M","$","M","?","E","R","E","T","R","?","?","R","M","R","B",null,"M","M","$","M","?","R","E"],"character_chosen":"IRONCLAD","items_purchased":["Metallicize","TungstenRod"],"campfire_rested":2,"item_purchase_floors":[3,20],"current_hp_per_floor":[68,63,63,69,69,39,39,45,45,45,34,34,34,31,55,36,80,56,62,62,25,25,49,16,16],"gold":126,"neow_bonus":"ONE_RANDOM_RARE_CARD","is_daily":false,"chose_seed":false,"campfire_upgraded":3,"win_rate":0.0,"timestamp":1612037404,"path_taken":["M","M","$","M","?","E","R","E","T","R","?","?","R","M","R","BOSS","M","M","$","M","?","R","E"],"items_purchased_type":["Card","Relic"],"build_version":"2020-12-22","purchased_purges":1,"victory":false,"max_hp_per_floor":[80,80,80,80,80,80,80,80,80,80,80,80,80,80,80,80,80,80,80,80,80,80,80,80,80],"card_choices":[{"not_picked":["Havoc","Entrench"],"picked":"Rampage","floor":1},{"not_picked":["Flex","Inflame","Headbutt"],"picked":"SKIP","floor":2},{"not_picked":["Inflame","Heavy Blade"],"picked":"Spot Weakness","floor":4},{"not_picked":["Fiend Fire","Warcry","Wild Strike"],"picked":"SKIP","floor":6},{"not_picked":["Thunderclap","Wild Strike","Havoc"],"picked":"SKIP","floor":8},{"not_picked":["Havoc","Warcry","Whirlwind"],"picked":"SKIP","floor":14},{"not_picked":["Double Tap","Berserk"],"picked":"Impervious","floor":16},{"not_picked":["Warcry","Sever Soul","Pummel"],"picked":"SKIP","floor":18},{"not_picked":["Dark Embrace","Anger"],"picked":"True Grit+1","floor":19},{"not_picked":["Seeing Red","Battle Trance"],"picked":"Armaments","floor":21}],"player_experience":376541,"relics_obtained":[{"floor":6,"key":"Potion Belt"},{"floor":8,"key":"StoneCalendar"},{"floor":9,"key":"Matryoshka"}],"event_choices":[{"cards_removed":["Strike_R"],"damage_healed":0,"gold_gain":0,"player_choice":"Forget","damage_taken":0,"max_hp_gain":0,"max_hp_loss":0,"event_name":"Living Wall","floor":5,"gold_loss":0},{"damage_healed":0,"gold_gain":75,"player_choice":"Gather Gold","damage_taken":11,"max_hp_gain":0,"max_hp_loss":0,"event_name":"World of Goop","floor":11,"gold_loss":0},{"damage_healed":0,"gold_gain":0,"player_choice":"Got Potions","damage_taken":0,"max_hp_gain":0,"max_hp_loss":0,"event_name":"Lab","floor":12,"gold_loss":0},{"damage_healed":0,"gold_gain":99,"player_choice":"Stole From Cult","damage_taken":0,"max_hp_gain":0,"max_hp_loss":0,"event_name":"Nest","floor":22,"gold_loss":0}],"is_beta":false,"boss_relics":[{"not_picked":["Cursed Key","Calling Bell"],"picked":"Runic Pyramid"}],"items_purged_floors":[3],"is_endless":false,"potions_floor_spawned":[1,4,14,21],"killed_by":"Gremlin Leader","ascension_level":3}}