{"host":"dscols65uipasqd2","time":1612041823,"event":{"mods":["2.2 Compatiblity","AchievementEnabler","Aspiration","BaseMod","Colored Powertips","Downfall","Energized Spire","GifTheSpireLib","Hermit","Hubris","Infinite Spire","JesterMod","Jorbs\u0027s Wanderer Trilogy","Magitek Elite","Marisa????????","Minty Spire (QoL Compilation)","Rare Cards Sparkle","Replay The Spire","StSLib","Stuff the Spire","The Cursed","The Disciple","The Hierophant","The Judge","The Jungle","TheFirefly"],"gold_per_floor":[99,99,99,99,16,41,41,58,58,70,70,99,116,141,153,253,253,153,153,171,186,196,196,248,148,148,160,180,180,195,195,213,314,314,314,325,378,378,26,26,50,50,69,69,102,102,102,102,113,113],"floor_reached":51,"language":"ENG","playtime":3932,"items_purged":["Looming Evil","Pain"],"score":718,"play_id":"e948bf7c-65c8-414a-9a55-5ab53d4a21ba","local_time":"20210130162343","is_ascension_mode":false,"campfire_choices":[{"floor":9,"key":"REST"},{"floor":11,"key":"REST"},{"floor":18,"key":"RECALL"},{"floor":25,"key":"REST"},{"floor":29,"key":"REST"},{"floor":35,"key":"DIG"},{"data":"expansioncontent:QuickStudy","floor":44,"key":"SMITH"}],"circlet_count":0,"master_deck":["bronze:Strike","bronze:Strike","bronze:Strike","bronze:Strike","bronze:Defend","bronze:Defend","bronze:Defend","bronze:Defend","bronze:Replicate","bronze:Goto","bronze:Iterate","bronze:Fortify","bronze:Repulsor","bronze:WildBeam","bronze:WildBeam","bronze:Flail","bronze:Shell","bronze:Branch","bronze:Overheat","bronze:Optimize+1","bronze:BitShift","bronze:Iterate","bronze:CloningBeam","bronze:OilSpill","bronze:Repair","bronze:HardenedForm","bronze:Verify+1","bronze:Deprecate+1","bronze:DelayedSlice+1","bronze:ChosenStrike","bronze:WildBeam+1","bronze:ClassDefault","bronze:Allocate+1","infinitespire:Oblivion+1","bronze:GetLatest","bronze:CutThrough","Backflip+1","Quick Slash","Poisoned Stab","Catalyst","bronze:Shield","bronze:FineTuning","Venomology","bronze:Branch","bronze:Branch","bronze:CleanCode","StuffTheSpire:BrainWave","Terror+1","expansioncontent:QuickStudy+1","expansioncontent:LastStand","bronze:CutThrough+1","bronze:OilSpill+1","bronze:Iterate+1","StuffTheSpire:Harmony+1","WordoMod:Petrified","Hidden Blade+1","bronze:Turbo"],"relics":["bronze:PlatinumCore","downfall:HeartsMalice","WarpedTongs","Vajra","Prayer Wheel","aspiration:Lifesprig","bronze:CableSpool","energizedSpire:NeverEndingSparkler","downfall:HeartBlessingGreen","downfall:HeartBlessingRed","StuffTheSpire:Nightcore","aspiration:SilentSkillbook","hubris:Towel","hubris:ToyBattleship","hubris:Potato","bronze:SilverBullet","Angel_Ring","Oddly Smooth Stone","Juzu Bracelet","hubris:Icosahedron"],"acts_visited":["Exordium","TheCity","TheBeyond"],"potions_floor_usage":[6,6,14,16,16,16,32,33,33,37,37,39,45,45,45,50,50],"damage_taken":[{"damage":0,"enemies":"Jaw Worm","floor":2,"turns":1},{"damage":0,"enemies":"Cultist","floor":4,"turns":1},{"damage":0,"enemies":"downfall:FleeingMerchant","floor":5,"turns":1},{"damage":25,"enemies":"3 Sentries","floor":6,"turns":4},{"damage":3,"enemies":"Small Slimes","floor":8,"turns":2},{"damage":10,"enemies":"Blue Slaver","floor":10,"turns":3},{"damage":30,"enemies":"Gremlin Nob","floor":12,"turns":4},{"damage":0,"enemies":"3 Louse","floor":13,"turns":2},{"damage":3,"enemies":"3 Sentries","floor":14,"turns":3},{"damage":13,"enemies":"Exordium Wildlife","floor":15,"turns":2},{"damage":31,"enemies":"WA_ARCHETYPE_RETAIN","floor":16,"turns":6},{"damage":0,"enemies":"3 Byrds","floor":20,"turns":2},{"damage":12,"enemies":"Snake Plant","floor":21,"turns":2},{"damage":36,"enemies":"Shelled Parasite and Fungi","floor":22,"turns":4},{"damage":0,"enemies":"Chosen and Byrds","floor":27,"turns":2},{"damage":22,"enemies":"Cultist and Chosen","floor":28,"turns":5},{"damage":24,"enemies":"Centurion and Healer","floor":30,"turns":3},{"damage":0,"enemies":"Snake Plant","floor":32,"turns":2},{"damage":54,"enemies":"DF_ARCHETYPE_CLAW","floor":33,"turns":8},{"damage":27,"enemies":"3 Darklings","floor":36,"turns":6},{"damage":19,"enemies":"2 Orb Walkers","floor":37,"turns":4},{"damage":10,"enemies":"downfall:FleeingMerchant","floor":39,"turns":4},{"damage":0,"enemies":"3 Shapes","floor":43,"turns":2},{"damage":0,"enemies":"Nightmare","floor":45,"turns":4},{"damage":15,"enemies":"Maw","floor":49,"turns":5},{"damage":55,"enemies":"IC_BLOCK_ARCHETYPE","floor":50,"turns":9}],"seed_played":"-7623698591741844763","potions_obtained":[{"floor":1,"key":"LiquidMemories"},{"floor":1,"key":"bronze:CleanCodePotion"},{"floor":8,"key":"champ:CounterPotion"},{"floor":10,"key":"SteroidPotion"},{"floor":12,"key":"AttackPotion"},{"floor":14,"key":"SpeedPotion"},{"floor":16,"key":"FairyPotion"},{"floor":22,"key":"ColorlessPotion"},{"floor":27,"key":"FearPotion"},{"floor":32,"key":"PowerPotion"},{"floor":33,"key":"bronze:BurnAndBuffPotion"},{"floor":36,"key":"BlessingOfTheForge"},{"floor":45,"key":"Weak Potion"}],"is_trial":false,"path_per_floor":["R","M","?","M","$","E","T","M","R","M","R","E","M","E","M","B",null,"R","?","M","M","M","?","T","R","AVR","M","M","R","M","?","M","B",null,"R","M","?","?","$","?","T","?","M","R","NM","?","?","?","M","B",null],"character_chosen":"THE_AUTOMATON","items_purchased":["bronze:WildBeam","PowerPotion","expansioncontent:QuickStudy","bronze:SilverBullet","Angel_Ring","ColorlessPotion","Adrenaline Potion"],"campfire_rested":4,"item_purchase_floors":[5,5,39,39,39,39,39],"current_hp_per_floor":[70,70,70,70,70,45,45,42,63,53,70,40,40,37,24,3,70,70,70,70,58,22,22,22,43,43,43,21,42,28,28,38,21,70,70,43,24,24,14,14,14,55,55,55,55,55,55,55,55,20],"gold":113,"neow_bonus":"THREE_ENEMY_KILL","is_daily":false,"chose_seed":false,"campfire_upgraded":1,"win_rate":0.0,"timestamp":1612041823,"path_taken":["R","M","?","M","$","E","T","M","R","M","R","E","M","E","M","BOSS","R","?","M","?","M","?","T","R","AVR","M","?","R","M","?","M","BOSS","R","M","?","?","$","?","T","?","M","R","NM","?","?","?","M","BOSS"],"items_purchased_type":["Card","Potion","Card","Relic","Relic","Potion","Potion"],"build_version":"2020-12-22","purchased_purges":2,"victory":true,"max_hp_per_floor":[70,70,70,70,70,70,70,70,70,70,70,70,70,70,70,70,70,70,70,70,70,70,70,70,70,70,70,70,70,70,70,70,70,70,70,70,70,63,63,63,63,55,55,55,55,55,55,55,55,55],"card_choices":[{"not_picked":["bronze:Repair","bronze:Shield"],"picked":"bronze:Iterate","floor":2},{"not_picked":["bronze:WhirlingStrike","bronze:Invalidate"],"picked":"bronze:Fortify","floor":4},{"not_picked":["bronze:DarkDash","bronze:Deprecate"],"picked":"bronze:Repulsor","floor":5},{"not_picked":["bronze:FindAndReplace","bronze:SpaghettiCode"],"picked":"bronze:Flail","floor":6},{"not_picked":["bronze:DelayedGuard","bronze:ChildClass"],"picked":"bronze:Shell","floor":8},{"not_picked":["bronze:Deprecate","bronze:FollowUp"],"picked":"bronze:Branch","floor":8},{"not_picked":["bronze:AlphaBuild","bronze:FineTuning"],"picked":"bronze:Overheat","floor":10},{"not_picked":["bronze:Branch","bronze:WhirlingStrike"],"picked":"bronze:Optimize","floor":10},{"not_picked":["bronze:Allocate","bronze:DelayedGuard"],"picked":"bronze:BitShift","floor":12},{"not_picked":["bronze:FollowUp","bronze:DelayedGuard"],"picked":"bronze:Iterate","floor":13},{"not_picked":["bronze:WhirlingStrike","bronze:Shell"],"picked":"bronze:CloningBeam","floor":13},{"not_picked":["bronze:ItsAFeature","bronze:DigitalCarnage"],"picked":"bronze:OilSpill","floor":14},{"not_picked":["bronze:Frontload","bronze:BitShift"],"picked":"bronze:Repair","floor":15},{"not_picked":["bronze:Overheat","bronze:DelayedSlice"],"picked":"bronze:HardenedForm","floor":15},{"not_picked":["bronze:HyperBeam","bronze:BurnOut"],"picked":"bronze:Verify","floor":16},{"not_picked":["bronze:Overheat","bronze:Safeguard"],"picked":"bronze:Deprecate+1","floor":20},{"not_picked":["bronze:Turbo","bronze:CutThrough"],"picked":"bronze:DelayedSlice+1","floor":20},{"not_picked":["bronze:DelayedSlice","bronze:Fortify"],"picked":"bronze:ChosenStrike","floor":21},{"not_picked":["bronze:Frontload","bronze:Deprecate"],"picked":"bronze:WildBeam+1","floor":21},{"not_picked":["bronze:Invalidate","bronze:Iterate"],"picked":"bronze:ClassDefault","floor":22},{"not_picked":["bronze:BitShift","bronze:Iterate+1"],"picked":"bronze:Allocate+1","floor":22},{"not_picked":["ReplayTheSpireMod:Exploit Weakness","StuffTheSpire:Sprint","Deflect"],"picked":"bronze:GetLatest","floor":27},{"not_picked":["StuffTheSpire:ClusterCrunch","Outmaneuver","bronze:BitShift"],"picked":"bronze:CutThrough","floor":27},{"not_picked":["bronze:Shield","bronze:ForceShield","bronze:BronzeArmor"],"picked":"Backflip+1","floor":28},{"not_picked":["bronze:HardenedForm","bronze:ItsAFeature","Deflect"],"picked":"Quick Slash","floor":28},{"not_picked":["bronze:BugBarrage","StuffTheSpire:Repulse","StuffTheSpire:ReptileScales"],"picked":"Poisoned Stab","floor":30},{"not_picked":["Backflip","Distraction","ReplayTheSpireMod:Exploit Weakness"],"picked":"Catalyst","floor":30},{"not_picked":["Tools of the Trade","Flechettes","Dodge and Roll"],"picked":"bronze:Shield","floor":32},{"not_picked":["All Out Attack+1","Tactician","bronze:Invalidate"],"picked":"bronze:FineTuning","floor":32},{"not_picked":["bronze:AlphaBuild","bronze:HyperBeam","ReplayTheSpireMod:Necrosis"],"picked":"Venomology","floor":33},{"not_picked":["Deadly Poison+1","bronze:Overheat","StuffTheSpire:MirrorStance+1"],"picked":"bronze:Branch","floor":36},{"not_picked":["bronze:Fortify","Flying Knee+1","Cloak And Dagger+1"],"picked":"bronze:Branch","floor":36},{"not_picked":["PiercingWail","Cloak And Dagger+1","ReplayTheSpireMod:Shiv Toss"],"picked":"bronze:CleanCode","floor":37},{"not_picked":["bronze:FollowUp","StuffTheSpire:Sprint+1","bronze:DelayedGuard+1"],"picked":"Terror+1","floor":39},{"not_picked":["expansioncontent:Chronoboost","expansioncontent:YouAreMine"],"picked":"expansioncontent:LastStand","floor":40},{"not_picked":["StuffTheSpire:Incursion","Crippling Poison+1","Cloak And Dagger"],"picked":"bronze:CutThrough+1","floor":43},{"not_picked":["Flying Knee+1","bronze:Turbo","PiercingWail"],"picked":"bronze:OilSpill+1","floor":43},{"not_picked":["Endless Agony+1","Riddle With Holes+1","infinitespire:Neurotoxin"],"picked":"bronze:Iterate+1","floor":45},{"not_picked":["StuffTheSpire:Ambrosia","StuffTheSpire:CelestialWarden"],"picked":"StuffTheSpire:Harmony","floor":46},{"not_picked":["Heel Hook+1","Flying Knee+1","bronze:CutThrough"],"picked":"Hidden Blade+1","floor":49},{"not_picked":["bronze:Fortify","Replay:Bag of Tricks","StuffTheSpire:Injection"],"picked":"bronze:Turbo","floor":49}],"player_experience":496679,"relics_obtained":[{"floor":6,"key":"Vajra"},{"floor":7,"key":"Prayer Wheel"},{"floor":12,"key":"aspiration:Lifesprig"},{"floor":14,"key":"bronze:CableSpool"},{"floor":24,"key":"aspiration:VileToxins"},{"floor":35,"key":"hubris:ToyBattleship"},{"floor":37,"key":"hubris:Potato"},{"floor":41,"key":"Oddly Smooth Stone"},{"floor":45,"key":"Juzu Bracelet"}],"event_choices":[{"damage_healed":0,"gold_gain":0,"player_choice":"Ignored","damage_taken":0,"max_hp_gain":0,"max_hp_loss":0,"event_name":"NoteForYourself","floor":19,"gold_loss":0},{"damage_healed":0,"gold_gain":0,"player_choice":"Fight","damage_taken":0,"max_hp_gain":0,"max_hp_loss":0,"event_name":"Mysterious Sphere","floor":37,"gold_loss":0}],"is_beta":false,"boss_relics":[{"not_picked":["energizedSpire:MagnifyingGlass","hubris:GrandSneckoEye"],"picked":"energizedSpire:NeverEndingSparkler"},{"not_picked":["Coffee Dripper","energizedSpire:EnergizedDie"],"picked":"bronze:PlatinumCore"}],"items_purged_floors":[26,39],"is_endless":false,"potions_floor_spawned":[8,10,12,14,16,22,27,32,33,36,45],"ascension_level":0}}