{"host":"hcg2wesxzfo46upw","time":1612045947,"event":{"mods":["2.2 Compatiblity","AchievementEnabler","Act Like it!","Aspiration","BaseMod","Beaked The Cultist","Clockwork Mod","Conspire","Downfall","Elementarium","Gensokyo","GifTheSpireLib","Glutton Mod","Hubris","Infinite Spire","Jedi Mod","Mad Scientist","Minty Spire (QoL Compilation)","Pale of the Ancients","Replay The Spire","Spikes Relics","StSLib","Stuff the Spire","The Blackbeard","The Bug Knight","The Construct","The Cursed","The Death Knight","The Disciple","The Jungle","The Necromancer","The Runesmith","Wandering Minibosses"],"gold_per_floor":[117,117,131,202,214,214,241,241,311,326,0,32,107,153,153,255,255,270,270,292,192,102,102,124,124,202,202,220,235,160,160,160,273,273,299,299,310,328,344,344,380,133,133,133,133,133,133,133,133,133,133,133,133,133,133,133,133,8,8,8],"floor_reached":61,"language":"ENG","playtime":4284,"items_purged":["Strike_W","Strike_W","Consume_Illness"],"score":1411,"play_id":"66b9614e-0900-49a7-8a92-ab9ae4eb01a0","local_time":"20210130233227","is_ascension_mode":false,"campfire_choices":[{"data":"Uncharnel","floor":6,"key":"SMITH"},{"data":"Negative_Energy_Arrows","floor":8,"key":"SMITH"},{"floor":15,"key":"REST"},{"data":"Summon_Undead_Army","floor":23,"key":"SMITH"},{"data":"ReplayTheSpireMod:Black Plague","floor":25,"key":"SMITH"},{"data":"TheCursedMod:NeowsMight","floor":32,"key":"SMITH"},{"data":"Death_Coil","floor":40,"key":"SMITH"},{"data":"Shade_Step","floor":44,"key":"SMITH"},{"floor":49,"key":"DIG"},{"data":"Skeleton_Dragon","floor":55,"key":"SMITH"},{"data":"Summon_Lich","floor":57,"key":"SMITH"}],"circlet_count":0,"master_deck":["Negative_Energy_Arrows+1","Bone_Wall+1","Uncharnel+1","Summon_Lich+1","Vampiric_Strike","Summon_Undead","Summon_Undead_Army+1","TheCursedMod:NeowsMight+1","Plague_Bolt+1","SwitchThreat","blackbeard:IntimidatingStrike","Grasp_Heart","StuffTheSpire:FreeRealEstate","ReplayTheSpireMod:Black Plague+1","Spectral_Armor","Negative_Energy_Javelin+1","Negative_Energy_Javelin","TheCursedMod:Wield","Strike_from_Beyond+1","Summon_Vampire_Lady+1","Toxic_Smoke_Screen+1","Bone_Armor+1","Death_Coil+1","Shade_Step+1","ReplayTheSpireMod:Brewmster","Negative_Energy_Javelin","m_BronzeAgony","Bane","Venomology","Skeleton_Dragon+1","Blood_Whip+1","TheCursedMod:RapidMovement","Acid_Javelin+1"],"relics":["Vampire_Amulet","NeowsBlessing","jedi:archwizardhat","hubris:DisguiseKit","Toolbox","aspiration:FetidBarrel","Anchor","Replay:Grab Bag","aspiration:FutureDiary","CosmicIsotope","Ring of Chaos","ReplayTheSpireMod:SealedPack","DeathKnight:SindragosasSkull","Snecko Eye","wanderingMiniBosses:AbyssPearl","conspire:GlowingRock","Astrolabe","SpikesRelics:ToyHorsey","Thread and Needle","jedi:ominousloannote","StuffTheSpire:GrapeVine","jedi:Pinwheel","StuffTheSpire:Experiment12","paleoftheancients:Timepiece","Orichalcum","Gremlin Horn","paleoftheancients:SoulOfTheWatcher","hubris:Towel","Pear"],"acts_visited":["Exordium","TheCity","TheCity","Gensokyo:Gensokyoest"],"potions_floor_usage":[12,16,16,16,16,16,16,18,33,39,48,48,48,48,50,50,50,50,51,51,52,56,56,60,60,60,60,60,60,60],"damage_taken":[{"damage":0,"enemies":"2 Louse","floor":1,"turns":1},{"damage":0,"enemies":"Cultist","floor":3,"turns":1},{"damage":0,"enemies":"Small Slimes","floor":5,"turns":1},{"damage":35,"enemies":"Lagavulin","floor":7,"turns":6},{"damage":10,"enemies":"2 Fungi Beasts","floor":10,"turns":3},{"damage":11,"enemies":"Gremlin Nob","floor":12,"turns":3},{"damage":33,"enemies":"The Guardian","floor":16,"turns":7},{"damage":26,"enemies":"conspire:FuzzyDice","floor":18,"turns":6},{"damage":1,"enemies":"Shell Parasite","floor":20,"turns":4},{"damage":18,"enemies":"Snecko","floor":24,"turns":5},{"damage":0,"enemies":"Snake Plant","floor":28,"turns":2},{"damage":0,"enemies":"Centurion and Healer","floor":29,"turns":4},{"damage":10,"enemies":"Collector","floor":33,"turns":6},{"damage":55,"enemies":"Gensokyo:3_Boulders","floor":35,"turns":7},{"damage":3,"enemies":"Gensokyo:AncientGuardian","floor":37,"turns":3},{"damage":0,"enemies":"Gensokyo:Dusk_and_Dawn","floor":38,"turns":4},{"damage":1,"enemies":"Gensokyo:Rafflesia","floor":39,"turns":3},{"damage":0,"enemies":"Gensokyo:Kasen","floor":41,"turns":3},{"damage":0,"enemies":"Gensokyo:SeedOfUnknown","floor":45,"turns":4},{"damage":2,"enemies":"Gensokyo:4_Bats","floor":48,"turns":4},{"damage":0,"enemies":"Gensokyo:Yuyuko","floor":50,"turns":5},{"damage":7,"enemies":"Gensokyo:Yuyuko","floor":51,"turns":6},{"damage":3,"enemies":"Gensokyo:Yuyuko","floor":52,"turns":7},{"damage":0,"enemies":"Gensokyo:Yuyuko","floor":56,"turns":5},{"damage":113,"enemies":"paleoftheancients:N","floor":60,"turns":7}],"seed_played":"-1244681006631600145","potions_obtained":[{"floor":1,"key":"AttackPotion"},{"floor":7,"key":"SteroidPotion"},{"floor":12,"key":"jedi:tentaclejuice"},{"floor":20,"key":"jedi:wingpotion"},{"floor":29,"key":"Venom Potion"},{"floor":38,"key":"DeathKnight:BottledBloodEchoes"},{"floor":39,"key":"Strength Potion"},{"floor":48,"key":"DuplicationPotion"}],"is_trial":false,"path_per_floor":["M","?","M","?","M","R","E","R","T","M","$","E","?","T","R","B",null,"M","AVR","M","$","?","R","M","R","T","?","M","M","?","?","R","B",null,"M","AVR","M","M","M","R","E","$","T","R","M","?","?","M","R","B","M","M","?","T","R","M","R","$","?","B",null],"character_chosen":"NECROMANCER","items_purchased":["Toolbox","Summon_Undead","Summon_Undead_Army","Thread and Needle","jedi:ominousloannote","StuffTheSpire:GrapeVine","ReplayTheSpireMod:Brewmster"],"campfire_rested":1,"item_purchase_floors":[11,11,11,42,42,42,42],"current_hp_per_floor":[75,75,75,75,75,75,42,42,42,36,36,27,16,16,38,8,75,58,58,59,59,59,59,48,48,48,48,50,56,56,56,56,75,75,29,29,40,47,48,48,66,66,66,66,70,59,59,71,71,75,75,75,75,85,85,85,85,85,85,85],"gold":8,"neow_bonus":"THREE_ENEMY_KILL","is_daily":false,"chose_seed":false,"campfire_upgraded":9,"win_rate":0.0,"timestamp":1612045947,"path_taken":["M","?","?","?","M","R","E","R","T","M","$","E","?","?","R","BOSS","M","AVR","M","$","?","R","?","R","T","?","M","?","?","?","R","BOSS","M","AVR","M","?","M","R","E","$","T","R","M","?","?","?","R","BOSS","M","M","?","T","R","M","R","$","?","BOSS"],"items_purchased_type":["Relic","Card","Card","Relic","Relic","Relic","Card"],"build_version":"2020-12-22","purchased_purges":3,"victory":true,"max_hp_per_floor":[75,75,75,75,75,75,75,75,75,75,75,75,75,75,75,75,75,75,75,75,75,75,75,75,75,75,75,75,75,75,75,75,75,75,75,75,75,75,75,75,75,75,75,75,75,75,75,75,75,75,75,75,75,85,85,85,85,85,85,85],"card_choices":[{"not_picked":["Bones_to_Steel","Necrotic_Claws"],"picked":"Uncharnel","floor":1},{"not_picked":["Flesh_Made_Foul","Vampiric_Strike"],"picked":"Negative_Energy_Javelin","floor":3},{"not_picked":["Negative_Energy_Mist","Shackles_Of_Pain"],"picked":"Bone_Spikes","floor":5},{"not_picked":["Finger_Of_Death","Shackles_Of_Pain"],"picked":"Summon_Lich","floor":7},{"not_picked":["Blood_Magic","Shade_Step","TheCursedMod:Torture"],"picked":"Vampiric_Strike","floor":10},{"not_picked":["Blood_Whip","Blood_for_Blood","TheCursedMod:VitalStrike"],"picked":"Consume_Illness","floor":12},{"not_picked":["Requiem","Reap_The_Weak","Skeleton_Dragon"],"picked":"TheCursedMod:NeowsMight","floor":16},{"not_picked":["Slay_Living+1","Shackles_Of_Pain","TheCursedMod:CircleOfAmplification"],"picked":"Plague_Bolt+1","floor":18},{"not_picked":["Bash","bronze:Replicate","Guardian:CurlUp"],"picked":"blackbeard:IntimidatingStrike","floor":19},{"not_picked":["Detonate_Bones","Summon_Death_Knight","Skeleton_Dragon"],"picked":"Grasp_Heart","floor":19},{"not_picked":["Mind Blast","Dark Shackles","Discovery"],"picked":"StuffTheSpire:FreeRealEstate","floor":19},{"not_picked":["ReplayTheSpireMod:Echo Chamber","infinitespire:NeuralNetwork","infinitespire:UltimateForm"],"picked":"ReplayTheSpireMod:Black Plague","floor":19},{"not_picked":["Blood_Curse+1","Thousand_Bone_Knives","Scare"],"picked":"TheCursedMod:SurpriseAttack","floor":20},{"not_picked":["Consume_Illness","Finger_Of_Death+1","TheCursedMod:ReleasedStrength"],"picked":"Spectral_Armor","floor":24},{"not_picked":["Blood_Whip","Blood_Is_Power","TheCursedMod:ReleasedStrength"],"picked":"Negative_Energy_Javelin+1","floor":28},{"not_picked":["Consume_Illness","Bone_Prison","TheCursedMod:CursedMace"],"picked":"Negative_Energy_Javelin","floor":29},{"not_picked":["Siphon_Strength+1","Bone_Armor+1","Vampiric_Strike"],"picked":"TheCursedMod:Wield","floor":35},{"not_picked":["Finger_Of_Death+1","Bone_Shift+1","TheCursedMod:ReleasedKnowledge"],"picked":"Bone_Armor+1","floor":37},{"not_picked":["Chill_Blood+1","Spectral_Armor","TheCursedMod:CursedShiv"],"picked":"Death_Coil","floor":38},{"not_picked":["Negative_Energy_Sphere","Blood_Curse","TheCursedMod:SmokeScreen"],"picked":"Shade_Step","floor":39},{"not_picked":["Consume_Illness+1","Negative_Energy_Javelin","TheCursedMod:CursedAmulet"],"picked":"Violent_Necrosis","floor":41},{"not_picked":["Bones_to_Steel+1","Consume_Illness","TheCursedMod:CursedArmor"],"picked":"Negative_Energy_Javelin","floor":45},{"not_picked":["Spectral_Walk+1","Uncharnel+1","TheCursedMod:RavingStaff"],"picked":"Skeleton_Dragon","floor":48},{"not_picked":["Violent_Necrosis+1","Scare","TheCursedMod:WearCloak"],"picked":"Blood_Whip+1","floor":51},{"not_picked":["Negative_Energy_Shield","Shackles_Of_Pain+1","Bone_Prison+1"],"picked":"TheCursedMod:RapidMovement","floor":52},{"not_picked":["Bones_to_Steel","Vampiric_Strike","TheCursedMod:Stigma"],"picked":"Acid_Javelin+1","floor":56}],"player_experience":228346,"relics_obtained":[{"floor":7,"key":"jedi:archwizardhat"},{"floor":9,"key":"hubris:DisguiseKit"},{"floor":12,"key":"aspiration:FetidBarrel"},{"floor":14,"key":"Anchor"},{"floor":26,"key":"DeathKnight:SindragosasSkull"},{"floor":35,"key":"wanderingMiniBosses:AbyssPearl"},{"floor":41,"key":"SpikesRelics:ToyHorsey"},{"floor":43,"key":"jedi:Pinwheel"},{"floor":49,"key":"StuffTheSpire:Experiment12"},{"floor":52,"key":"paleoftheancients:SoulOfTheWatcher"},{"floor":54,"key":"Pear"},{"floor":56,"key":"paleoftheancients:SoulOfTheVixen"}],"event_choices":[{"damage_healed":0,"gold_gain":0,"player_choice":"Ignored","damage_taken":0,"max_hp_gain":0,"max_hp_loss":0,"event_name":"NoteForYourself","floor":2,"gold_loss":0},{"damage_healed":0,"gold_gain":71,"player_choice":"Gained Gold","damage_taken":0,"max_hp_gain":0,"max_hp_loss":0,"event_name":"Golden Wing","floor":4,"gold_loss":0},{"damage_healed":0,"gold_gain":75,"player_choice":"Gather Gold","damage_taken":11,"max_hp_gain":0,"max_hp_loss":0,"event_name":"World of Goop","floor":13,"gold_loss":0},{"cards_removed":["Defend_W"],"damage_healed":0,"gold_gain":0,"player_choice":"Upgrade and Remove","damage_taken":0,"max_hp_gain":0,"max_hp_loss":0,"event_name":"Designer","floor":22,"gold_loss":90,"cards_upgraded":["Bone_Wall"]},{"cards_removed":["Defend_W"],"damage_healed":0,"gold_gain":0,"player_choice":"Offered Basic","damage_taken":0,"max_hp_gain":0,"max_hp_loss":0,"event_name":"Bonfire Elementals","floor":27,"gold_loss":0},{"cards_removed":["Strike_W"],"damage_healed":0,"gold_gain":0,"player_choice":"Gave Gold","damage_taken":0,"max_hp_gain":0,"max_hp_loss":0,"event_name":"Beggar","floor":30,"gold_loss":75},{"cards_removed":["Strike_W"],"damage_healed":0,"gold_gain":0,"player_choice":"Purged","damage_taken":0,"max_hp_gain":0,"max_hp_loss":0,"event_name":"Purifier","floor":31,"gold_loss":0}],"is_beta":false,"boss_relics":[{"not_picked":["jedi:paperlyon","Sozu"],"picked":"Replay:Grab Bag"},{"not_picked":["Runic Dome","Replay:Wanted Poster"],"picked":"aspiration:FutureDiary"},{"not_picked":["jedi:hotpepper","infinitespire:Cupcake"],"picked":"CosmicIsotope"},{"not_picked":["StuffTheSpire:Kangaroo","Kintsugi"],"picked":"Ring of Chaos"},{"not_picked":["hubris:VirtuousBlindfold","StuffTheSpire:RunicConfusion"],"picked":"Snecko Eye"}],"items_purged_floors":[11,21,58],"is_endless":false,"potions_floor_spawned":[1,7,12,20,29,38,39,48],"ascension_level":0}}