{"host":"6xsbn6ynqlzwllfm","time":1612024522,"event":{"mods":["2.2 Compatiblity","BaseMod","Bestiary","Colored Map","Colored Powertips","Curses Come First","Highlight Path","Keyboard Shortcuts","Minty Spire (QoL Compilation)","Relic Stats","Slay the Relics Exporter","StSLib","SuperFastMode"],"gold_per_floor":[119,194,247,257,257,257,298,313,313,343,9,40,40,40,40,136,136,149,149,149,149,165,165,165,165],"floor_reached":24,"language":"ENG","playtime":691,"items_purged":["Strike_B"],"score":415,"play_id":"935359c1-2042-4949-a20d-8178d399196a","local_time":"20210130113522","is_ascension_mode":true,"campfire_choices":[{"floor":6.0,"key":"REST"},{"data":"Streamline","floor":13.0,"key":"SMITH"},{"data":"Hologram","floor":15.0,"key":"SMITH"},{"data":"Cold Snap","floor":23.0,"key":"SMITH"}],"circlet_count":0,"master_deck":["AscendersBane","Defend_B","Defend_B","Defend_B","Defend_B","Zap","Dualcast","Streamline+1","Conserve Battery","Cold Snap+1","Ball Lightning","Glacier","Hologram+1","Seek","Echo Form","Conserve Battery","Reinforced Body","Bite","Bite","Bite","Bite","Bite","Self Repair"],"relics":["Cracked Core","Prayer Wheel","Golden Idol","Ginger","Shuriken","Membership Card","StrikeDummy","Letter Opener","Cursed Key","Enchiridion"],"acts_visited":["Exordium","TheCity"],"potions_floor_usage":[24],"damage_taken":[{"damage":2.0,"enemies":"2 Louse","floor":1.0,"turns":2.0},{"damage":12.0,"enemies":"Jaw Worm","floor":4.0,"turns":3.0},{"damage":11.0,"enemies":"Lagavulin","floor":7.0,"turns":6.0},{"damage":1.0,"enemies":"Small Slimes","floor":8.0,"turns":3.0},{"damage":7.0,"enemies":"3 Sentries","floor":12.0,"turns":6.0},{"damage":11.0,"enemies":"Slime Boss","floor":16.0,"turns":13.0},{"damage":6.0,"enemies":"3 Byrds","floor":18.0,"turns":5.0},{"damage":1.0,"enemies":"Chosen","floor":22.0,"turns":6.0},{"damage":51,"enemies":"Book of Stabbing","floor":24,"turns":6}],"seed_played":"6867418452080298409","potions_obtained":[{"floor":8.0,"key":"Energy Potion"},{"floor":12.0,"key":"Explosive Potion"},{"floor":16.0,"key":"Regen Potion"}],"is_trial":false,"path_per_floor":["M","?","?","M","?","R","E","M","T","?","$","E","R","T","R","B",null,"M","?","?","T","M","R","E"],"character_chosen":"DEFECT","items_purchased":["Membership Card","DuplicationPotion","Seek"],"campfire_rested":1,"item_purchase_floors":[11,11,11],"current_hp_per_floor":[44,33,33,21,21,40,29,28,28,28,28,21,21,21,21,10,51,45,24,24,24,29,29,0,0],"gold":165,"neow_bonus":"ONE_RARE_RELIC","is_daily":false,"chose_seed":false,"campfire_upgraded":3,"win_rate":0.0,"timestamp":1612024522,"path_taken":["M","?","?","M","?","R","E","M","T","?","$","E","R","?","R","BOSS","M","?","?","?","M","R","E"],"items_purchased_type":["Relic","Potion","Card"],"build_version":"2020-12-22","purchased_purges":1,"victory":false,"max_hp_per_floor":[71,71,71,71,64,64,64,64,64,64,64,64,64,64,64,64,64,64,64,44,44,44,44,44,44],"relic_stats":{"counters":[9,50],"Golden Idol":42,"Shuriken":[5],"Prayer Wheel":5,"Ginger":[5],"Letter Opener":[68],"Cursed Key":0,"obtain_stats":[{"Golden Idol":5,"Shuriken":9,"Enchiridion":19,"Prayer Wheel":0,"Ginger":7,"Membership Card":11,"Letter Opener":14,"Cracked Core":0,"StrikeDummy":12,"Cursed Key":17},{"Golden Idol":2,"Shuriken":4,"Enchiridion":7,"Prayer Wheel":0,"Ginger":3,"Membership Card":4,"Letter Opener":5,"Cracked Core":0,"StrikeDummy":5,"Cursed Key":6},{"Golden Idol":5,"Shuriken":14,"Enchiridion":38,"Prayer Wheel":0,"Ginger":11,"Membership Card":14,"Letter Opener":20,"Cracked Core":0,"StrikeDummy":20,"Cursed Key":33}]},"card_choices":[{"not_picked":["Beam Cell","Barrage"],"picked":"Streamline","floor":1.0},{"not_picked":["Aggregate","Go for the Eyes"],"picked":"Conserve Battery","floor":1.0},{"not_picked":["Gash","Blizzard"],"picked":"Cold Snap","floor":4.0},{"not_picked":["Leap","Static Discharge"],"picked":"Ball Lightning","floor":4.0},{"not_picked":["Gash","Streamline"],"picked":"Glacier","floor":7.0},{"not_picked":["Rip and Tear","Conserve Battery"],"picked":"Hologram","floor":8.0},{"not_picked":["Stack","Gash","Go for the Eyes"],"picked":"SKIP","floor":8.0},{"not_picked":["Multi-Cast","Meteor Strike"],"picked":"Echo Form","floor":16.0},{"not_picked":["Leap","Go for the Eyes"],"picked":"Conserve Battery","floor":18.0},{"not_picked":["Steam Power","Barrage"],"picked":"Reinforced Body","floor":18.0},{"not_picked":["Redo","Ball Lightning"],"picked":"Self Repair","floor":22.0}],"player_experience":1288093,"relics_obtained":[{"floor":7.0,"key":"Ginger"},{"floor":9.0,"key":"Shuriken"},{"floor":12.0,"key":"StrikeDummy"},{"floor":14.0,"key":"Letter Opener"},{"floor":19.0,"key":"Enchiridion"}],"event_choices":[{"damage_healed":0.0,"max_hp_gain":0.0,"max_hp_loss":0.0,"gold_gain":75.0,"event_name":"World of Goop","player_choice":"Gather Gold","floor":2.0,"gold_loss":0.0,"damage_taken":11.0},{"damage_healed":0.0,"max_hp_gain":0.0,"max_hp_loss":0.0,"gold_gain":53.0,"event_name":"Golden Wing","player_choice":"Gained Gold","floor":3.0,"gold_loss":0.0,"damage_taken":0.0},{"damage_healed":0.0,"max_hp_gain":0.0,"max_hp_loss":7.0,"gold_gain":0.0,"event_name":"Golden Idol","player_choice":"Lose Max HP","floor":5.0,"gold_loss":0.0,"damage_taken":0.0,"relics_obtained":["Golden Idol"]},{"damage_healed":0.0,"max_hp_gain":0.0,"max_hp_loss":0.0,"gold_gain":30.0,"event_name":"Dead Adventurer","player_choice":"Searched \u00271\u0027 times","floor":10.0,"gold_loss":0.0,"damage_taken":0.0},{"damage_healed":0.0,"max_hp_gain":0.0,"max_hp_loss":0.0,"gold_gain":0.0,"event_name":"Cursed Tome","player_choice":"Obtained Book","floor":19.0,"gold_loss":0.0,"damage_taken":21.0},{"damage_healed":0.0,"max_hp_gain":0.0,"max_hp_loss":20.0,"gold_gain":0.0,"event_name":"Vampires","player_choice":"Became a vampire","floor":20.0,"gold_loss":0.0,"damage_taken":0.0,"cards_obtained":["Bite","Bite","Bite","Bite","Bite"]}],"is_beta":false,"boss_relics":[{"not_picked":["Astrolabe","Empty Cage"],"picked":"Cursed Key"}],"items_purged_floors":[11],"is_endless":false,"potions_floor_spawned":[8,12,16],"killed_by":"Book of Stabbing","ascension_level":19}}