{"host":"52m1o8iwwagurbjs","time":1612021759,"event":{"mods":["AchievementEnabler","BaseMod","Bestiary","Colored Powertips","GifTheSpireLib","Minty Spire (QoL Compilation)","Quick Restart","RNG Fix","Relic Stats","StSLib"],"gold_per_floor":[116,128,128,303,25,25,44,76,103,121,140,157,174,203,203,302,302,312,237,252,252,252,252,278,278,278,278,305,324,342,442,442,547,547,562,562,1,17,30,63,63,94,94,105,105,105,105,155,155,155,155,155,5,39,39],"floor_reached":56,"language":"ENG","playtime":3079,"items_purged":["Doubt","Distraction","Defend_G+1"],"score":1695,"play_id":"ef4b89cc-885a-4674-8ac6-98955ebe0fe4","local_time":"20210130104919","is_ascension_mode":true,"campfire_choices":[{"data":"Catalyst","floor":6.0,"key":"SMITH"},{"data":"Crippling Poison","floor":15.0,"key":"SMITH"},{"data":"Footwork","floor":23.0,"key":"SMITH"},{"data":"Corpse Explosion","floor":25.0,"key":"SMITH"},{"data":"Crippling Poison","floor":27.0,"key":"SMITH"},{"floor":32.0,"key":"REST"},{"data":"Night Terror","floor":41.0,"key":"SMITH"},{"floor":46.0,"key":"RECALL"},{"data":"Neutralize","floor":49.0,"key":"SMITH"},{"data":"Deadly Poison","floor":52.0,"key":"PURGE"}],"circlet_count":0,"master_deck":["Defend_G+1","Defend_G+1","Defend_G+1","Defend_G+1","Survivor","Neutralize+1","Crippling Poison+1","Bane","Catalyst+1","Dodge and Roll","All Out Attack","Dash","Footwork+1","Crippling Poison+1","Corpse Explosion+1","Crippling Poison+1","Escape Plan+1","Unload+1","Night Terror+1","Dodge and Roll","Glass Knife","CurseOfTheBell","Noxious Fumes","Catalyst+1","Catalyst+1","Escape Plan","Blur+1","Backflip"],"relics":["Velvet Choker","PreservedInsect","Matryoshka","Boot","Oddly Smooth Stone","Peace Pipe","Astrolabe","Happy Flower","Pen Nib","Sundial","Eternal Feather","Ice Cream","Gremlin Horn","Calling Bell","Strawberry","Molten Egg 2","Gambling Chip","HornCleat","Ornamental Fan","Toy Ornithopter","Mango","Orichalcum"],"acts_visited":["TheCity","TheBeyond","TheEnding"],"potions_floor_usage":[],"damage_taken":[{"damage":0.0,"enemies":"Cultist","floor":1.0,"turns":4.0},{"damage":0.0,"enemies":"Small Slimes","floor":2.0,"turns":4.0},{"damage":7.0,"enemies":"2 Louse","floor":7.0,"turns":3.0},{"damage":11.0,"enemies":"Lagavulin","floor":8.0,"turns":8.0},{"damage":7.0,"enemies":"Looter","floor":10.0,"turns":3.0},{"damage":0.0,"enemies":"Large Slime","floor":11.0,"turns":4.0},{"damage":18.0,"enemies":"Exordium Thugs","floor":12.0,"turns":4.0},{"damage":0.0,"enemies":"Exordium Wildlife","floor":13.0,"turns":2.0},{"damage":0.0,"enemies":"3 Sentries","floor":14.0,"turns":2.0},{"damage":6.0,"enemies":"The Guardian","floor":16.0,"turns":10.0},{"damage":0.0,"enemies":"3 Byrds","floor":18.0,"turns":2.0},{"damage":2.0,"enemies":"2 Thieves","floor":20.0,"turns":2.0},{"damage":15.0,"enemies":"Gremlin Leader","floor":24.0,"turns":4.0},{"damage":11.0,"enemies":"Book of Stabbing","floor":28.0,"turns":4.0},{"damage":10.0,"enemies":"Chosen and Byrds","floor":29.0,"turns":5.0},{"damage":11.0,"enemies":"Snecko","floor":30.0,"turns":5.0},{"damage":2.0,"enemies":"Colosseum Slavers","floor":31.0,"turns":5.0},{"damage":0.0,"enemies":"Colosseum Nobs","floor":31.0,"turns":3.0},{"damage":4.0,"enemies":"Automaton","floor":33.0,"turns":9.0},{"damage":3.0,"enemies":"3 Darklings","floor":35.0,"turns":2.0},{"damage":0.0,"enemies":"Orb Walker","floor":38.0,"turns":3.0},{"damage":0.0,"enemies":"3 Darklings","floor":39.0,"turns":4.0},{"damage":0.0,"enemies":"Giant Head","floor":40.0,"turns":5.0},{"damage":0.0,"enemies":"Reptomancer","floor":42.0,"turns":4.0},{"damage":0.0,"enemies":"Jaw Worm Horde","floor":44.0,"turns":3.0},{"damage":0.0,"enemies":"Mind Bloom Boss Battle","floor":48.0,"turns":2.0},{"damage":3.0,"enemies":"Donu and Deca","floor":50.0,"turns":4.0},{"damage":0.0,"enemies":"Shield and Spear","floor":54.0,"turns":5.0},{"damage":80,"enemies":"The Heart","floor":55,"turns":8}],"seed_played":"-965144388198474261","potions_obtained":[{"floor":7.0,"key":"Dexterity Potion"},{"floor":11.0,"key":"ColorlessPotion"},{"floor":12.0,"key":"BlessingOfTheForge"},{"floor":13.0,"key":"Swift Potion"},{"floor":14.0,"key":"Regen Potion"},{"floor":24.0,"key":"SneckoOil"},{"floor":30.0,"key":"Weak Potion"},{"floor":35.0,"key":"GamblersBrew"},{"floor":44.0,"key":"Energy Potion"}],"is_trial":false,"path_per_floor":["M","M","?","?","$","R","M","E","T","M","M","M","M","E","R","B",null,"M","?","M","?","?","R","E","R","T","R","E","M","M","?","R","B",null,"M","?","$","M","M","E","R","E","T","M","?","R","?","?","R","B",null,"R","$","E","B",null],"character_chosen":"THE_SILENT","items_purchased":["PreservedInsect","AttackPotion","Noxious Fumes","HornCleat","Catalyst","PowerPotion","Fire Potion","Backflip"],"campfire_rested":1,"item_purchase_floors":[5,5,37,37,37,37,37,53],"current_hp_per_floor":[70,70,70,70,70,70,63,52,52,45,45,27,27,27,27,36,70,70,70,68,68,68,68,53,53,53,53,42,32,21,19,52,48,77,74,74,74,74,74,74,77,77,77,77,73,73,73,87,87,84,87,87,87,87,7],"gold":39,"neow_bonus":"BOSS_RELIC","is_daily":false,"chose_seed":false,"campfire_upgraded":7,"win_rate":0.0,"timestamp":1612021759,"path_taken":["M","M","?","?","$","R","M","E","T","?","?","M","M","E","R","BOSS","M","?","M","?","?","R","E","R","T","R","E","M","?","?","R","BOSS","M","?","$","M","M","E","R","E","T","M","?","R","?","?","R","BOSS","R","$","E","BOSS"],"items_purchased_type":["Relic","Potion","Card","Relic","Card","Potion","Potion","Card"],"build_version":"2020-12-22","purchased_purges":3,"victory":true,"max_hp_per_floor":[70,70,70,70,70,70,70,70,70,70,70,70,70,70,70,70,70,70,70,70,70,70,70,70,70,70,70,70,70,70,70,70,70,77,77,77,77,77,77,77,77,77,77,77,73,73,73,87,87,87,87,87,87,87,87],"relic_stats":{"Happy Flower":[23],"Gremlin Horn":[8,8],"counters":[29,123],"Astrolabe":["Crippling Poison","Escape Plan","Unload"],"Eternal Feather":15,"PreservedInsect":436,"Pen Nib":[4],"Orichalcum":[6],"Boot":[33],"Peace Pipe":1,"Sundial":[6],"Ornamental Fan":[0],"Gambling Chip":[32],"obtain_stats":[{"Ice Cream":31,"Happy Flower":24,"Gremlin Horn":31,"Astrolabe":17,"Velvet Choker":0,"Oddly Smooth Stone":9,"Eternal Feather":28,"Mango":48,"PreservedInsect":5,"Pen Nib":26,"Orichalcum":54,"Boot":9,"Peace Pipe":14,"Calling Bell":34,"Matryoshka":8,"HornCleat":37,"Sundial":26,"Ornamental Fan":40,"Strawberry":34,"Gambling Chip":34,"Molten Egg 2":34,"Toy Ornithopter":42},{"Ice Cream":18,"Happy Flower":13,"Gremlin Horn":18,"Astrolabe":10,"Velvet Choker":0,"Oddly Smooth Stone":4,"Eternal Feather":14,"Mango":26,"PreservedInsect":2,"Pen Nib":13,"Orichalcum":28,"Boot":4,"Peace Pipe":9,"Calling Bell":19,"Matryoshka":4,"HornCleat":20,"Sundial":13,"Ornamental Fan":23,"Strawberry":19,"Gambling Chip":19,"Molten Egg 2":19,"Toy Ornithopter":24},{"Ice Cream":74,"Happy Flower":52,"Gremlin Horn":74,"Astrolabe":44,"Velvet Choker":0,"Oddly Smooth Stone":19,"Eternal Feather":56,"Mango":106,"PreservedInsect":8,"Pen Nib":52,"Orichalcum":115,"Boot":19,"Peace Pipe":34,"Calling Bell":83,"Matryoshka":19,"HornCleat":85,"Sundial":52,"Ornamental Fan":97,"Strawberry":83,"Gambling Chip":83,"Molten Egg 2":83,"Toy Ornithopter":101}],"Toy Ornithopter":0},"card_choices":[{"not_picked":["Tactician","Reflex"],"picked":"Crippling Poison","floor":1.0},{"not_picked":["Reflex","Masterful Stab"],"picked":"Bane","floor":2.0},{"not_picked":["Prepared","Concentrate"],"picked":"Dodge and Roll","floor":7.0},{"not_picked":["Slice","Choke"],"picked":"All Out Attack","floor":8.0},{"not_picked":["Slice","Bane"],"picked":"Distraction","floor":10.0},{"not_picked":["Dagger Spray","Skewer"],"picked":"Dash","floor":11.0},{"not_picked":["Flying Knee","Finisher"],"picked":"Footwork","floor":12.0},{"not_picked":["Dagger Spray","Prepared","Eviscerate"],"picked":"SKIP","floor":13.0},{"not_picked":["Quick Slash","Dagger Spray"],"picked":"Crippling Poison","floor":14.0},{"not_picked":["Night Terror","Unload"],"picked":"Corpse Explosion","floor":16.0},{"not_picked":["Slice+1","Underhanded Strike+1"],"picked":"Deadly Poison","floor":18.0},{"not_picked":["Prepared","Slice+1","Poisoned Stab+1"],"picked":"SKIP","floor":20.0},{"not_picked":["Accuracy+1","Quick Slash+1","Flechettes+1"],"picked":"SKIP","floor":24.0},{"not_picked":["Dodge and Roll","Bane"],"picked":"Footwork","floor":28.0},{"not_picked":["Flechettes+1","Deflect"],"picked":"Night Terror","floor":29.0},{"not_picked":["Infinite Blades+1","Bane"],"picked":"Dodge and Roll","floor":30.0},{"not_picked":["Storm of Steel","Unload"],"picked":"Glass Knife","floor":33.0},{"not_picked":["Deadly Poison","Dagger Spray+1","Underhanded Strike+1"],"picked":"SKIP","floor":35.0},{"not_picked":["Deflect+1","Sucker Punch+1","Dagger Spray+1"],"picked":"SKIP","floor":38.0},{"not_picked":["Blade Dance","Poisoned Stab+1","Outmaneuver+1"],"picked":"SKIP","floor":39.0},{"not_picked":["Dash+1","Doppelganger"],"picked":"Catalyst+1","floor":40.0},{"not_picked":["Endless Agony+1","Outmaneuver+1","Underhanded Strike+1"],"picked":"SKIP","floor":42.0},{"not_picked":["Footwork","Quick Slash+1"],"picked":"Escape Plan","floor":44.0},{"not_picked":["Deflect+1","Setup+1"],"picked":"Blur+1","floor":48.0},{"not_picked":["Riddle With Holes+1","Masterful Stab+1","Footwork"],"picked":"SKIP","floor":54.0}],"player_experience":1251651,"relics_obtained":[{"floor":8.0,"key":"Matryoshka"},{"floor":9.0,"key":"Boot"},{"floor":9.0,"key":"Oddly Smooth Stone"},{"floor":14.0,"key":"Peace Pipe"},{"floor":24.0,"key":"Happy Flower"},{"floor":26.0,"key":"Pen Nib"},{"floor":26.0,"key":"Sundial"},{"floor":28.0,"key":"Eternal Feather"},{"floor":31.0,"key":"Ice Cream"},{"floor":31.0,"key":"Gremlin Horn"},{"floor":34.0,"key":"Strawberry"},{"floor":34.0,"key":"Molten Egg 2"},{"floor":34.0,"key":"Gambling Chip"},{"floor":40.0,"key":"Ornamental Fan"},{"floor":42.0,"key":"Toy Ornithopter"},{"floor":48.0,"key":"Mango"},{"floor":54.0,"key":"Orichalcum"}],"event_choices":[{"damage_healed":0.0,"max_hp_gain":0.0,"max_hp_loss":0.0,"gold_gain":0.0,"cards_transformed":["Strike_G"],"event_name":"Living Wall","player_choice":"Change","floor":3.0,"gold_loss":0.0,"damage_taken":0.0,"cards_obtained":["Catalyst"]},{"damage_healed":0.0,"max_hp_gain":0.0,"max_hp_loss":0.0,"gold_gain":175.0,"event_name":"Liars Game","player_choice":"AGREE","floor":4.0,"gold_loss":0.0,"damage_taken":0.0,"cards_obtained":["Doubt"]},{"cards_removed":["Strike_G"],"damage_healed":0.0,"max_hp_gain":0.0,"max_hp_loss":0.0,"gold_gain":0.0,"event_name":"Beggar","player_choice":"Gave Gold","floor":19.0,"gold_loss":75.0,"damage_taken":0.0},{"damage_healed":0.0,"max_hp_gain":0.0,"max_hp_loss":0.0,"gold_gain":0.0,"event_name":"Back to Basics","player_choice":"Simplicity","floor":21.0,"gold_loss":0.0,"damage_taken":0.0,"cards_upgraded":["Defend_G","Defend_G","Defend_G","Defend_G","Defend_G"]},{"damage_healed":0.0,"max_hp_gain":0.0,"max_hp_loss":0.0,"gold_gain":0.0,"event_name":"Vampires","player_choice":"Ignored","floor":22.0,"gold_loss":0.0,"damage_taken":0.0},{"damage_healed":0.0,"max_hp_gain":0.0,"max_hp_loss":0.0,"gold_gain":0.0,"event_name":"Colosseum","player_choice":"Fight","floor":31.0,"gold_loss":0.0,"damage_taken":0.0},{"damage_healed":0.0,"max_hp_gain":0.0,"max_hp_loss":0.0,"gold_gain":0.0,"event_name":"Colosseum","player_choice":"Fought Nobs","floor":31.0,"gold_loss":0.0,"damage_taken":0.0},{"cards_removed":["Footwork"],"damage_healed":0.0,"max_hp_gain":0.0,"max_hp_loss":0.0,"gold_gain":0.0,"event_name":"Falling","player_choice":"Removed Power","floor":36.0,"gold_loss":0.0,"damage_taken":0.0},{"damage_healed":0.0,"max_hp_gain":0.0,"max_hp_loss":4.0,"gold_gain":0.0,"event_name":"Winding Halls","player_choice":"Max HP","floor":45.0,"gold_loss":0.0,"damage_taken":0.0},{"damage_healed":0.0,"max_hp_gain":0.0,"max_hp_loss":0.0,"gold_gain":0.0,"event_name":"Upgrade Shrine","player_choice":"Upgraded","floor":47.0,"gold_loss":0.0,"damage_taken":0.0,"cards_upgraded":["Catalyst"]},{"damage_healed":0.0,"max_hp_gain":0.0,"max_hp_loss":0.0,"gold_gain":0.0,"event_name":"MindBloom","player_choice":"Fight","floor":48.0,"gold_loss":0.0,"damage_taken":0.0}],"is_beta":false,"boss_relics":[{"not_picked":["SacredBark","Runic Pyramid"],"picked":"Astrolabe"},{"not_picked":["Runic Dome","Coffee Dripper"],"picked":"Calling Bell"}],"items_purged_floors":[5,37,53],"is_endless":false,"potions_floor_spawned":[7,11,12,13,14,24,30,31,35,40,44],"ascension_level":1}}