{"host":"nzm1i0l8mrsm8hd2","time":1612000215,"event":{"mods":["100% Spire Juice","ATMod(阿瑾Mod)","Act Like it!","Aspiration","BaseMod","Better Third Choice","Challenge The Spire","Conspire","Friendly Minions","Gensokyo","Jedi Mod","Minty Spire (QoL Compilation)","Pale of the Ancients","Quick Restart","Reliquary","RumiaBox-露米娅的神秘盒子","Spicy Shops","StSLib","Wide Potions"],"gold_per_floor":[109,119,136,25,25,25,60,78,78,78,97,23,23,35,35,136,136,155,155,6,6,6,34,49,81,81,81,81,81,104,7,7,7,7],"floor_reached":33,"language":"ZHS","playtime":1727,"items_purged":["Strike_R","Strike_R"],"score":497,"play_id":"0d318bba-2bd7-425d-a716-40da322287c5","local_time":"20210130175015","is_ascension_mode":true,"campfire_choices":[{"data":"Disarm","floor":6.0,"key":"SMITH"},{"data":"Dual Wield","floor":10.0,"key":"SMITH"},{"data":"AT_BodySlamDance","floor":15.0,"key":"SMITH"},{"data":"jedi:controlledanger","floor":27,"key":"SMITH"},{"data":"Corruption","floor":29,"key":"SMITH"},{"data":"Sentinel","floor":32,"key":"SMITH"}],"circlet_count":0,"master_deck":["Strike_R","Strike_R","Strike_R","Defend_R","Defend_R","Defend_R","Defend_R","Bash","AT_ShrugMaster","Disarm+1","Power Through","Dual Wield+1","Dual Wield+1","jedi:controlledanger+1","AT_BodySlamDance+1","Brutality","Gensokyo:MysteriousEgg","Corruption+1","jedi:cleanse","Sentinel+1"],"relics":["Burning Blood","AT_ATBox","aspiration:Nostalgia","PureWater","Baka2","Membership Card","Pocketwatch","Torii","reliquary:PrincelyHelmet","Runic Cube","AT_ArchangelStaff","conspire:GlowingRock","Bottled Tornado","SSSystem"],"acts_visited":["Exordium","Gensokyo:Gensokyo"],"potions_floor_usage":[16,18,25],"damage_taken":[{"damage":0.0,"enemies":"Gensokyo:3_Fairies","floor":1.0,"turns":5.0},{"damage":0.0,"enemies":"Gensokyo:Gryphon","floor":2.0,"turns":2.0},{"damage":11.0,"enemies":"Gensokyo:2_Kodama","floor":3.0,"turns":6.0},{"damage":32.0,"enemies":"Gensokyo:Cirno","floor":7.0,"turns":9.0},{"damage":44.0,"enemies":"Gensokyo:Gryphon_and_Rabbit","floor":8.0,"turns":7.0},{"damage":15.0,"enemies":"Gensokyo:Kitsune","floor":11.0,"turns":4.0},{"damage":0.0,"enemies":"Gensokyo:VengefulSpirit","floor":14.0,"turns":3.0},{"damage":0,"enemies":"Gensokyo:Reimu","floor":16,"turns":3},{"damage":76,"enemies":"Gensokyo:3_Dogs","floor":18,"turns":6},{"damage":0,"enemies":"Gensokyo:Koishi","floor":23,"turns":3},{"damage":0,"enemies":"Gensokyo:2_Gloops","floor":24,"turns":4},{"damage":2,"enemies":"Gensokyo:Reisen","floor":25,"turns":2},{"damage":15,"enemies":"Gensokyo:Eternal_Rivals","floor":33,"turns":9}],"seed_played":"-4283965388058330145","potions_obtained":[{"floor":1.0,"key":"ElixirPotion"},{"floor":7.0,"key":"Weak Potion"},{"floor":8.0,"key":"AttackPotion"},{"floor":24,"key":"PowerPotion"},{"floor":25,"key":"jedi:StrikingPotion"}],"is_trial":false,"path_per_floor":["M","M","M","$","?","R","E","M","T","R","M","$","?","M","R","B",null,"M","?","COS","?","$","E","M","E","T","R","?","R","T","$","R","B"],"character_chosen":"IRONCLAD","items_purchased":["Membership Card","reliquary:PrincelyHelmet","jedi:cleanse","Sentinel"],"campfire_rested":0,"item_purchase_floors":[4,12,31,31],"current_hp_per_floor":[78,80,75,75,75,75,80,42,42,42,33,33,41,47,47,53,73,18,18,18,25,25,31,37,41,41,41,41,41,41,41,41,0,0],"gold":7,"neow_bonus":"NOSTALGIA","is_daily":false,"chose_seed":false,"campfire_upgraded":6,"win_rate":0.0,"timestamp":1612000215,"path_taken":["M","M","M","$","?","R","E","M","T","R","M","$","?","?","R","BOSS","M","?","COS","?","$","E","?","E","T","R","?","R","?","$","R","BOSS"],"items_purchased_type":["Relic","Relic","Card","Card"],"build_version":"2020-12-22","purchased_purges":2,"victory":false,"max_hp_per_floor":[80,80,80,80,80,80,80,80,80,80,80,80,80,80,80,80,80,80,74,74,74,74,74,74,74,74,74,74,74,74,74,74,74,74],"card_choices":[{"not_picked":["Heavy Blade","Thunderclap"],"picked":"Disarm","floor":1.0},{"not_picked":["Heavy Blade","Iron Wave","Havoc"],"picked":"SKIP","floor":2.0},{"not_picked":["Clash","AT_GerminateFire"],"picked":"Power Through","floor":3.0},{"not_picked":["Iron Wave","jedi:hate"],"picked":"Dual Wield","floor":7.0},{"not_picked":["Anger","Pommel Strike"],"picked":"jedi:controlledanger","floor":8.0},{"not_picked":["Iron Wave","Pommel Strike"],"picked":"AT_BodySlamDance","floor":11.0},{"not_picked":["Sentinel","Shrug It Off"],"picked":"AT_DiedThrough","floor":14.0},{"not_picked":["Limit Break","Demon Form"],"picked":"Brutality","floor":16},{"not_picked":["Iron Wave","Clash","Whirlwind+1"],"picked":"SKIP","floor":18},{"not_picked":["Wild Strike","Iron Wave","Heavy Blade+1"],"picked":"SKIP","floor":23},{"not_picked":["jedi:fear","Blood for Blood","Perfected Strike"],"picked":"SKIP","floor":24},{"not_picked":["Twin Strike","Impervious","Power Through"],"picked":"SKIP","floor":25}],"player_experience":566564,"relics_obtained":[{"floor":1.0,"key":"Baka"},{"floor":2.0,"key":"Baka2"},{"floor":7.0,"key":"Pocketwatch"},{"floor":9.0,"key":"Torii"},{"floor":23,"key":"conspire:GlowingRock"},{"floor":25,"key":"Bottled Tornado"},{"floor":30,"key":"SSSystem"}],"event_choices":[],"is_beta":false,"boss_relics":[{"not_picked":["Philosopher\u0027s Stone","EasyGame_NEW"],"picked":"Runic Cube"}],"items_purged_floors":[4,31],"is_endless":false,"potions_floor_spawned":[1,7,8,24,25],"killed_by":"Gensokyo:Eternal_Rivals","ascension_level":7}}