{"host":"b69u97qm214vzd6b","time":1612032851,"event":{"mods":["BaseMod","Downfall","Hermit","Infinite Spire","Minty Spire (QoL Compilation)","Replay The Spire","StSLib","The Animator","The Cursed"],"gold_per_floor":[115,115,115,115,126,155,216,241,264,294,294,310,326,326,326,431,431,441,366,382,382,392,419,436,436,513,27,52,52,71,106,106,203,203,217,217,227,239,253,282,130,141,189,201,226,248,275,316,328,340],"floor_reached":51,"language":"ENG","playtime":3148,"items_purged":["Decay","Coolheaded"],"score":1117,"play_id":"c6de1bda-f831-4c8d-98cf-fe656e34128f","local_time":"20210130115411","is_ascension_mode":true,"campfire_choices":[{"floor":11,"key":"REST"},{"floor":15,"key":"RECALL"},{"floor":25,"key":"REST"},{"floor":32,"key":"REST"},{"floor":49,"key":"REST"}],"circlet_count":0,"master_deck":["Strike_B+1","Strike_B+1","Strike_B+1","Strike_B+1","Defend_B+1","Defend_B+1","Defend_B+1","Zap","Dualcast+1","Coolheaded","Streamline+1","Leap","Beam Cell","Force Field","Redo","Buffer","Cold Snap","Loop","Hologram","Buffer","ReplayTheSpireMod:Repulse+1","Gash","Hologram+1","Normality","Defragment","Streamline+1","Glacier+1","Auto Shields","Multi-Cast","AbeCurse","infinitespire:Punishment+1","ReplayTheSpireMod:Calculation Training","Barrage+1","Chill","Aggregate+1","Capacitor+1","CommonCold","Conserve Battery+1","Hologram+1","Coolheaded"],"relics":["Cracked Core","Ring of Peace","ReplayFunnel","infinitespire:PuzzleCube","Regal Pillow","PreservedInsect","Mirror","Cursed Key","Pantograph","Matryoshka","Ice Cream","Juzu Bracelet","Replay:Bottled Eggs","Abe\u0027s Treasure","infinitespire:Joker Card","Fusion Hammer","infinitespire:CheckeredPen","Toolbox","MawBank","ReplayTheSpireMod:TigerMarble","Replay:Baseball"],"acts_visited":["Exordium","TheCity","TheBeyond"],"potions_floor_usage":[16,24,24],"damage_taken":[{"damage":7,"enemies":"Small Slimes","floor":1,"turns":3},{"damage":0,"enemies":"Jaw Worm","floor":5,"turns":4},{"damage":15,"enemies":"Gremlin Nob","floor":6,"turns":5},{"damage":11,"enemies":"Lagavulin Event","floor":7,"turns":6},{"damage":6,"enemies":"Lagavulin","floor":8,"turns":6},{"damage":11,"enemies":"Gremlin Nob","floor":10,"turns":4},{"damage":0,"enemies":"Cultist","floor":12,"turns":4},{"damage":0,"enemies":"3 Louse","floor":13,"turns":3},{"damage":35,"enemies":"Slime Boss","floor":16,"turns":20},{"damage":18,"enemies":"Spheric Guardian","floor":18,"turns":8},{"damage":0,"enemies":"2 Thieves","floor":19,"turns":5},{"damage":0,"enemies":"Chosen and Byrds","floor":20,"turns":9},{"damage":0,"enemies":"Snecko","floor":22,"turns":9},{"damage":0,"enemies":"Replay:Snechameleon","floor":23,"turns":8},{"damage":62,"enemies":"3 Cultists","floor":24,"turns":8},{"damage":0,"enemies":"Book of Stabbing","floor":28,"turns":6},{"damage":0,"enemies":"Centurion and Healer","floor":30,"turns":12},{"damage":0,"enemies":"Slavers","floor":31,"turns":6},{"damage":17,"enemies":"Collector","floor":33,"turns":16},{"damage":0,"enemies":"Orb Walker","floor":35,"turns":4},{"damage":0,"enemies":"3 Darklings","floor":37,"turns":5},{"damage":0,"enemies":"Spire Growth","floor":38,"turns":5},{"damage":0,"enemies":"Writhing Mass","floor":39,"turns":6},{"damage":0,"enemies":"Giant Head","floor":40,"turns":7},{"damage":0,"enemies":"4 Shapes","floor":42,"turns":4},{"damage":0,"enemies":"3 Darklings","floor":45,"turns":6},{"damage":0,"enemies":"Maw","floor":46,"turns":8},{"damage":0,"enemies":"Spire Growth","floor":47,"turns":3},{"damage":0,"enemies":"R_Hoarder","floor":48,"turns":6},{"damage":50,"enemies":"infinitespire:MassOfShapes","floor":50,"turns":21}],"seed_played":"107639128360307278","potions_obtained":[{"floor":5,"key":"Fire Potion"},{"floor":6,"key":"Explosive Potion"},{"floor":8,"key":"Swift Potion"},{"floor":13,"key":"LifebloodPotion"},{"floor":16,"key":"SpeedPotion"},{"floor":18,"key":"Adrenaline Potion"},{"floor":20,"key":"Block Potion"},{"floor":33,"key":"Explosive Potion"},{"floor":35,"key":"Venom Potion"},{"floor":37,"key":"Slimebound:ThreeZeroPotion"},{"floor":40,"key":"AttackPotion"}],"is_trial":false,"path_per_floor":["M","?","?","?","M","E","?","E","T","E","R","M","M","?","R","B",null,"M","M","M","?","M","E","M","R","T","$","E","?","M","E","R","B",null,"M","AVR","M","M","M","E","$","M","T","?","M","M","M","E","R","B",null],"character_chosen":"DEFECT","items_purchased":["Ice Cream","Defragment","Streamline","Toolbox"],"campfire_rested":4,"item_purchase_floors":[27,27,27,41],"current_hp_per_floor":[75,75,75,75,75,60,49,43,43,32,71,71,71,71,71,36,82,64,64,64,64,64,64,2,41,41,41,41,41,41,41,80,65,82,82,82,82,82,82,82,82,82,82,82,82,82,82,82,82,32],"gold":352,"neow_bonus":"TEN_PERCENT_HP_BONUS","is_daily":false,"chose_seed":false,"campfire_upgraded":0,"win_rate":0.0,"timestamp":1612032851,"path_taken":["M","?","?","?","?","E","?","E","T","E","R","M","M","?","R","BOSS","M","M","?","?","M","E","M","R","T","$","E","?","M","E","R","BOSS","M","AVR","M","M","M","E","$","M","T","?","M","M","M","E","R","BOSS"],"items_purchased_type":["Relic","Card","Card","Relic"],"build_version":"2020-12-13","purchased_purges":2,"victory":true,"max_hp_per_floor":[82,82,82,82,82,82,82,82,82,82,82,82,82,82,82,82,82,82,82,82,82,82,82,82,82,82,82,82,82,82,82,82,82,82,82,82,82,82,82,82,82,82,82,82,82,82,82,82,82,82],"card_choices":[{"not_picked":["Stack","Go for the Eyes"],"picked":"Coolheaded","floor":1},{"not_picked":["Go for the Eyes","Steam Power"],"picked":"Streamline","floor":5},{"not_picked":["Streamline","Aggregate"],"picked":"Leap","floor":6},{"not_picked":["Go for the Eyes","Turbo"],"picked":"Beam Cell","floor":7},{"not_picked":["Ball Lightning","Panic Button"],"picked":"Force Field","floor":8},{"not_picked":["ReplayTheSpireMod:GoodbyeWorld","ReplayRNGCard","Storm"],"picked":"SKIP","floor":10},{"not_picked":["Ball Lightning","Force Field"],"picked":"Redo","floor":12},{"not_picked":["Streamline","Reinforced Body"],"picked":"Coolheaded","floor":13},{"not_picked":["Reboot","Electrodynamics"],"picked":"Buffer","floor":16},{"not_picked":["Steam","Reprogram"],"picked":"Cold Snap","floor":18},{"not_picked":["Lockon+1","Steam+1"],"picked":"Loop","floor":19},{"not_picked":["Scrape","Steam"],"picked":"Hologram","floor":20},{"not_picked":["Reprogram","Stack"],"picked":"ReplayTheSpireMod:Repulse+1","floor":22},{"not_picked":["ReplaySort","Rebound"],"picked":"Gash","floor":23},{"not_picked":["Biased Cognition","Panic Button+1"],"picked":"Hologram+1","floor":24},{"not_picked":["Redo","Hologram+1"],"picked":"Glacier+1","floor":28},{"not_picked":["Sweeping Beam","Stack"],"picked":"Auto Shields","floor":30},{"not_picked":["Seek","Compile Driver","Steam+1"],"picked":"SKIP","floor":31},{"not_picked":["Rainbow","Fission"],"picked":"Multi-Cast","floor":33},{"not_picked":["Ball Lightning","Recycle","BasicCrystalCard+1"],"picked":"SKIP","floor":35},{"not_picked":["Darkness+1","Go for the Eyes+1"],"picked":"ReplayTheSpireMod:Calculation Training","floor":37},{"not_picked":["Rebound","ReplayTheSpireMod:Repulse+1"],"picked":"Barrage+1","floor":38},{"not_picked":["Beam Cell","Doom and Gloom"],"picked":"Chill","floor":39},{"not_picked":["Hologram","Rainbow"],"picked":"Aggregate+1","floor":40},{"not_picked":["Stack+1","Cold Snap"],"picked":"Capacitor+1","floor":42},{"not_picked":["BasicCrystalCard","Genetic Algorithm+1"],"picked":"Conserve Battery+1","floor":45},{"not_picked":["Multi-Cast","Conserve Battery"],"picked":"Hologram+1","floor":46},{"not_picked":["Heatsinks+1","Rebound"],"picked":"Coolheaded","floor":47},{"not_picked":["ReplayTheSpireMod:Repulse","Blizzard","Fission"],"picked":"SKIP","floor":48}],"player_experience":104745,"relics_obtained":[{"floor":2,"key":"Ring of Peace"},{"floor":6,"key":"ReplayFunnel"},{"floor":7,"key":"infinitespire:PuzzleCube"},{"floor":8,"key":"Regal Pillow"},{"floor":9,"key":"PreservedInsect"},{"floor":10,"key":"Mirror"},{"floor":23,"key":"Pantograph"},{"floor":26,"key":"Matryoshka"},{"floor":28,"key":"Juzu Bracelet"},{"floor":31,"key":"Replay:Bottled Eggs"},{"floor":40,"key":"infinitespire:CheckeredPen"},{"floor":43,"key":"MawBank"},{"floor":43,"key":"ReplayTheSpireMod:TigerMarble"},{"floor":48,"key":"Replay:Baseball"}],"event_choices":[{"cards_removed":["Defend_B"],"damage_healed":0,"gold_gain":0,"player_choice":"Offered Basic","damage_taken":0,"max_hp_gain":0,"max_hp_loss":0,"event_name":"Bonfire Elementals","floor":4,"gold_loss":0},{"damage_healed":0,"gold_gain":0,"player_choice":"Searched \u00272\u0027 times","damage_taken":0,"max_hp_gain":0,"max_hp_loss":0,"event_name":"Dead Adventurer","floor":7,"gold_loss":0},{"damage_healed":0,"gold_gain":0,"player_choice":"Cursed","damage_taken":0,"max_hp_gain":0,"max_hp_loss":0,"event_name":"Wheel of Change","floor":14,"gold_loss":0,"cards_obtained":["Decay"]},{"damage_healed":0,"gold_gain":0,"player_choice":"Read","damage_taken":0,"max_hp_gain":0,"max_hp_loss":0,"event_name":"The Library","floor":21,"gold_loss":0,"cards_obtained":["Buffer"]},{"damage_healed":0,"gold_gain":0,"player_choice":"Simplicity","damage_taken":0,"max_hp_gain":0,"max_hp_loss":0,"event_name":"Back to Basics","floor":29,"gold_loss":0,"cards_upgraded":["Strike_B","Strike_B","Strike_B","Strike_B","Defend_B","Defend_B","Defend_B"]},{"damage_healed":0,"gold_gain":0,"player_choice":"Forge","damage_taken":0,"max_hp_gain":0,"max_hp_loss":0,"event_name":"Accursed Blacksmith","floor":44,"gold_loss":0,"cards_upgraded":["infinitespire:Punishment"]}],"is_beta":false,"boss_relics":[{"not_picked":["Sozu","bronze:MakeshiftBattery"],"picked":"Cursed Key"},{"not_picked":["Runic Pyramid","Runic Dome"],"picked":"Abe\u0027s Treasure"}],"items_purged_floors":[27,36],"is_endless":false,"potions_floor_spawned":[5,6,8,13,16,18,20,22,33,35,37,40,45,48],"ascension_level":4}}