{"host":"2se5dq1do2gp0x9k","time":1612048993,"event":{"mods":["AchievementEnabler","BaseMod","Block Reminder","Colored Map","Colored Powertips","Minty Spire (QoL Compilation)","Relic Stats","StSLib","SuperFastMode"],"gold_per_floor":[111,111,127,52,71,97,111,111,134,134,151,151,46,61,61,61,61],"floor_reached":16,"language":"ENG","playtime":457,"items_purged":["Pain"],"score":204,"play_id":"cecd65cc-4a60-4bd9-b394-deb7ea164f94","local_time":"20210130152313","is_ascension_mode":true,"campfire_choices":[{"data":"Lockon","floor":8.0,"key":"SMITH"},{"data":"Doom and Gloom","floor":10.0,"key":"SMITH"},{"data":"Barrage","floor":12.0,"key":"SMITH"},{"data":"Zap","floor":15.0,"key":"SMITH"}],"circlet_count":0,"master_deck":["AscendersBane","Strike_B","Strike_B","Strike_B","Strike_B","Defend_B","Defend_B","Defend_B","Defend_B","Zap+1","Dualcast","Ball Lightning","Leap","Lockon+1","Doom and Gloom+1","Barrage+1","Multi-Cast","Barrage","Hologram","Hologram"],"relics":["Inserter","WarpedTongs","Anchor","Toy Ornithopter"],"acts_visited":["Exordium"],"potions_floor_usage":[16,16],"damage_taken":[{"damage":19.0,"enemies":"Jaw Worm","floor":1.0,"turns":5.0},{"damage":5.0,"enemies":"Cultist","floor":3.0,"turns":4.0},{"damage":0.0,"enemies":"Small Slimes","floor":5.0,"turns":3.0},{"damage":13.0,"enemies":"Lagavulin","floor":6.0,"turns":7.0},{"damage":1.0,"enemies":"Looter","floor":7.0,"turns":2.0},{"damage":9.0,"enemies":"Exordium Wildlife","floor":11.0,"turns":3.0},{"damage":0.0,"enemies":"2 Fungi Beasts","floor":14.0,"turns":2.0},{"damage":27,"enemies":"Hexaghost","floor":16,"turns":8}],"seed_played":"-1147711888603422475","potions_obtained":[{"floor":1.0,"key":"Swift Potion"},{"floor":3.0,"key":"PotionOfCapacity"},{"floor":11.0,"key":"FearPotion"}],"is_trial":false,"path_per_floor":["M","?","M","$","M","E","M","R","T","R","M","R","$","M","R","B"],"character_chosen":"DEFECT","items_purchased":["Barrage","Hologram"],"campfire_rested":0,"item_purchase_floors":[13,13],"current_hp_per_floor":[45,45,40,40,40,27,26,26,26,26,17,17,17,17,17,0,0],"gold":61,"neow_bonus":"BOSS_RELIC","is_daily":false,"chose_seed":false,"campfire_upgraded":4,"win_rate":0.0,"timestamp":1612048993,"path_taken":["M","?","M","$","M","E","M","R","T","R","M","R","$","M","R","BOSS"],"items_purchased_type":["Card","Card"],"build_version":"2020-12-22","purchased_purges":1,"victory":false,"max_hp_per_floor":[71,71,71,71,71,71,71,71,71,71,71,71,71,71,71,71,71],"relic_stats":{"Inserter":[17],"counters":[8,34],"obtain_stats":[{"Anchor":6,"Inserter":0,"Cracked Core":0,"Toy Ornithopter":9,"WarpedTongs":2},{"Anchor":4,"Inserter":0,"Cracked Core":0,"Toy Ornithopter":5,"WarpedTongs":1},{"Anchor":19,"Inserter":0,"Cracked Core":0,"Toy Ornithopter":21,"WarpedTongs":5}],"Toy Ornithopter":10,"WarpedTongs":[28]},"card_choices":[{"not_picked":["FTL","Compile Driver"],"picked":"Ball Lightning","floor":1.0},{"not_picked":["Auto Shields","Beam Cell"],"picked":"Leap","floor":3.0},{"not_picked":["Doom and Gloom","Ball Lightning"],"picked":"Lockon","floor":5.0},{"not_picked":["Sweeping Beam","Force Field"],"picked":"Doom and Gloom","floor":6.0},{"not_picked":["Rip and Tear","Beam Cell"],"picked":"Barrage","floor":7.0},{"not_picked":["Storm","Turbo"],"picked":"Multi-Cast","floor":11.0},{"not_picked":["Redo","Barrage"],"picked":"Hologram","floor":14.0}],"player_experience":3997045,"relics_obtained":[{"floor":6.0,"key":"Anchor"},{"floor":9.0,"key":"Toy Ornithopter"}],"event_choices":[{"damage_healed":0.0,"max_hp_gain":0.0,"max_hp_loss":0.0,"gold_gain":0.0,"event_name":"Accursed Blacksmith","player_choice":"Rummage","floor":2.0,"gold_loss":0.0,"damage_taken":0.0,"relics_obtained":["WarpedTongs"],"cards_obtained":["Pain"]}],"is_beta":false,"boss_relics":[],"items_purged_floors":[4],"is_endless":false,"potions_floor_spawned":[1,3,7,11],"killed_by":"Hexaghost","ascension_level":20}}