{"host":"08t08ld674si40tv","time":1612021543,"event":{"mods":["AchievementEnabler","BaseMod","Colored Map","Minty Spire (QoL Compilation)","StSLib","SuperFastMode"],"gold_per_floor":[5117,5128,4053,4065,3471,3471,3504,3504,3504,3532,3552,3608,3620,3689,3689,3760,3760,3770,3770,3787,3226,3245,3245,3265,3275,3301,3326,3326,3326],"floor_reached":28,"language":"KOR","playtime":831,"items_purged":["Strike_B","Strike_B","Strike_B"],"score":563,"play_id":"90c0e7b0-c771-469c-8269-d0b8d160c418","local_time":"20210131004543","is_ascension_mode":true,"campfire_choices":[{"data":"Barrage","floor":6,"key":"SMITH"},{"data":"Zap","floor":8,"key":"SMITH"},{"data":"Reprogram","floor":15,"key":"SMITH"},{"data":"Recycle","floor":23,"key":"SMITH"}],"circlet_count":0,"master_deck":["AscendersBane","Strike_B","Defend_B","Defend_B","Defend_B","Defend_B","Zap+1","Dualcast","Reboot","Reprogram+1","Barrage+1","FTL","Core Surge","Undo","Go for the Eyes","All For One","Recycle+1","Aggregate","Hologram+1"],"relics":["Cracked Core","Shuriken","Question Card","Mummified Hand","Bird Faced Urn","Lee\u0027s Waffle","Bag of Preparation","TheAbacus","Bag of Marbles","Turnip","Torii","Oddly Smooth Stone","CaptainsWheel","SacredBark","Question Card","Cauldron","Anchor","Eternal Feather"],"acts_visited":["Exordium","TheCity"],"potions_floor_usage":[16,16,25,25,25,27],"damage_taken":[{"damage":18,"enemies":"Small Slimes","floor":1,"turns":5},{"damage":3,"enemies":"Jaw Worm","floor":2,"turns":5},{"damage":2,"enemies":"2 Louse","floor":4,"turns":3},{"damage":14,"enemies":"3 Sentries","floor":7,"turns":6},{"damage":13,"enemies":"Lagavulin","floor":10,"turns":7},{"damage":1,"enemies":"Red Slaver","floor":11,"turns":3},{"damage":20,"enemies":"3 Sentries","floor":12,"turns":9},{"damage":1,"enemies":"3 Louse","floor":13,"turns":2},{"damage":19,"enemies":"Hexaghost","floor":16,"turns":8},{"damage":18,"enemies":"Shell Parasite","floor":18,"turns":3},{"damage":0,"enemies":"Chosen","floor":20,"turns":3},{"damage":7,"enemies":"Snecko","floor":22,"turns":5},{"damage":1,"enemies":"Centurion and Healer","floor":24,"turns":6},{"damage":6,"enemies":"Cultist and Chosen","floor":25,"turns":7},{"damage":21,"enemies":"Gremlin Leader","floor":27,"turns":8}],"seed_played":"-3514187642699538567","potions_obtained":[{"floor":4,"key":"FearPotion"},{"floor":10,"key":"DuplicationPotion"},{"floor":13,"key":"PowerPotion"},{"floor":18,"key":"Weak Potion"},{"floor":21,"key":"EntropicBrew"},{"floor":27,"key":"Swift Potion"}],"is_trial":false,"path_per_floor":["M","M","$","M","$","R","E","R","T","E","M","?","M","?","R","B",null,"M","?","M","$","M","R","M","M","T","E","?"],"character_chosen":"DEFECT","items_purchased":["Mummified Hand","Bird Faced Urn","Lee\u0027s Waffle","Core Surge","SpeedPotion","Bag of Preparation","TheAbacus","Bag of Marbles","Question Card","Cauldron"],"campfire_rested":0,"item_purchase_floors":[3,3,3,3,3,5,5,5,21,21],"current_hp_per_floor":[28,25,78,76,76,76,62,62,62,49,48,28,27,27,27,10,61,43,37,37,37,30,30,29,23,23,2,0,0],"gold":3326,"neow_bonus":"ONE_RARE_RELIC","is_daily":false,"chose_seed":false,"campfire_upgraded":4,"win_rate":0.0,"timestamp":1612021543,"path_taken":["M","M","$","M","$","R","E","R","T","E","M","?","M","?","R","BOSS","M","?","?","$","M","R","M","M","T","E","?"],"items_purchased_type":["Relic","Relic","Relic","Card","Potion","Relic","Relic","Relic","Relic","Relic"],"build_version":"2020-12-22","purchased_purges":3,"victory":false,"max_hp_per_floor":[71,71,78,78,78,78,78,78,78,78,78,78,78,78,78,78,78,78,78,78,78,78,78,78,78,78,78,83,83],"card_choices":[{"not_picked":["Redo","Loop","Steam"],"picked":"Barrage","floor":1},{"not_picked":["Stack","Gash","Coolheaded"],"picked":"FTL","floor":2},{"not_picked":["Darkness","Conserve Battery","Stack"],"picked":"Undo","floor":4},{"not_picked":["Streamline","Skim","Rebound","Auto Shields"],"picked":"SKIP","floor":7},{"not_picked":["Skim","Loop","Ball Lightning"],"picked":"Go for the Eyes","floor":10},{"not_picked":["Hologram","Electrodynamics","Coolheaded","Redo"],"picked":"SKIP","floor":11},{"not_picked":["Recycle","Loop","Genetic Algorithm","Fusion"],"picked":"SKIP","floor":13},{"not_picked":["Amplify","Fission","Seek"],"picked":"All For One","floor":16},{"not_picked":["Turbo+1","Steam","Cold Snap+1"],"picked":"Recycle","floor":18},{"not_picked":["Sweeping Beam","Reprogram","Conserve Battery","Leap"],"picked":"SKIP","floor":20},{"not_picked":["Cold Snap","Auto Shields","Compile Driver","Streamline","Turbo"],"picked":"SKIP","floor":22},{"not_picked":["Turbo","Double Energy","Lockon","Leap"],"picked":"Aggregate","floor":24},{"not_picked":["Reprogram","Streamline","Chill","Conserve Battery","Sweeping Beam"],"picked":"SKIP","floor":25},{"not_picked":["Blizzard","Loop","Static Discharge","BootSequence"],"picked":"Hologram+1","floor":27}],"player_experience":275128,"relics_obtained":[{"floor":7,"key":"Turnip"},{"floor":9,"key":"Torii"},{"floor":10,"key":"Oddly Smooth Stone"},{"floor":12,"key":"CaptainsWheel"},{"floor":26,"key":"Anchor"},{"floor":27,"key":"Eternal Feather"}],"event_choices":[{"damage_healed":0,"gold_gain":0,"player_choice":"Searched \u00271\u0027 times","damage_taken":0,"max_hp_gain":0,"max_hp_loss":0,"event_name":"Dead Adventurer","floor":12,"gold_loss":0},{"damage_healed":0,"gold_gain":69,"player_choice":"Gained Gold","damage_taken":0,"max_hp_gain":0,"max_hp_loss":0,"event_name":"Golden Wing","floor":14,"gold_loss":0},{"damage_healed":0,"gold_gain":0,"player_choice":"","damage_taken":6,"max_hp_gain":0,"max_hp_loss":0,"event_name":"Knowing Skull","floor":19,"potions_obtained":[],"gold_loss":0,"cards_obtained":[]}],"is_beta":false,"boss_relics":[{"not_picked":["Runic Dome","SlaversCollar"],"picked":"SacredBark"}],"items_purged_floors":[3,5,21],"is_endless":false,"potions_floor_spawned":[4,10,12,13,18,27],"ascension_level":19}}