{"host":"0b7urydaxuefbgpn","time":1612031737,"event":{"mods":["Bard","BaseMod","Colored Powertips","Dio Mod","Downfall","Hermit","Jorbs\u0027s Wanderer Trilogy","Marisa????????","Minty Spire (QoL Compilation)","StSLib","The Bladedancer","The Cursed","The Disciple","The Poker Player","The Servant 0.9.4"],"gold_per_floor":[109,120,120,120,134,134,145,156,228,228,256,356,356,373,373,475,475,415,415,415,242,242,242,242,242,242],"floor_reached":24,"language":"RUS","playtime":1118,"items_purged":[],"score":196,"play_id":"278f1b9e-9147-449f-bb90-3968c8ec784b","local_time":"20210130213537","is_ascension_mode":false,"metric_token":993,"campfire_choices":[{"floor":6,"key":"REST"},{"data":"PokerPlayerMod:Raise","floor":10,"key":"SMITH"},{"floor":13,"key":"REST"},{"floor":15,"key":"REST"},{"floor":23,"key":"REST"}],"circlet_count":0,"master_deck":["PokerPlayerMod:Diamond1","PokerPlayerMod:Diamond3","PokerPlayerMod:Diamond3","PokerPlayerMod:Diamond4","PokerPlayerMod:Diamond5","PokerPlayerMod:Spade1","PokerPlayerMod:Spade2","PokerPlayerMod:Spade3","PokerPlayerMod:Spade4","PokerPlayerMod:Club1","PokerPlayerMod:Club2","PokerPlayerMod:Heart2","PokerPlayerMod:TrumpStrike","PokerPlayerMod:BadJoker","PokerPlayerMod:Mulligan","PokerPlayerMod:Raise+1","PokerPlayerMod:Manipulation","Regret","PokerPlayerMod:Diamond5","PokerPlayerMod:Raise+1","PokerPlayerMod:Promotion","PokerPlayerMod:DiamondStrike","PokerPlayerMod:ItsShowtime","PokerPlayerMod:Spade4","PokerPlayerMod:HotShotCut","PokerPlayerMod:MagicTrick","PokerPlayerMod:Spade10+","PokerPlayerMod:Configure"],"relics":["PokerPlayerMod:DeckCase","Lantern","FossilizedHelix","Question Card","Blood Vial","Ectoplasm","Red Mask"],"acts_visited":["Exordium","TheCity"],"potions_floor_usage":[],"damage_taken":[{"damage":6,"enemies":"Cultist","floor":1,"turns":3},{"damage":4,"enemies":"Jaw Worm","floor":2,"turns":2},{"damage":7,"enemies":"Small Slimes","floor":5,"turns":3},{"damage":0,"enemies":"Red Slaver","floor":7,"turns":3},{"damage":0,"enemies":"Exordium Wildlife","floor":8,"turns":1},{"damage":25,"enemies":"Gremlin Nob","floor":11,"turns":4},{"damage":17,"enemies":"Blue Slaver","floor":14,"turns":3},{"damage":7,"enemies":"Slime Boss","floor":16,"turns":8},{"damage":26,"enemies":"2 Thieves","floor":18,"turns":3},{"damage":0,"enemies":"Masked Bandits","floor":19,"turns":2},{"damage":15,"enemies":"Shell Parasite","floor":20,"turns":5},{"damage":49,"enemies":"Gremlin Leader","floor":24,"turns":3}],"seed_played":"6987227425963150839","potions_obtained":[{"floor":2,"key":"SteroidPotion"},{"floor":8,"key":"SmokeBomb"},{"floor":11,"key":"DuplicationPotion"}],"is_trial":false,"path_per_floor":["M","M","?","?","M","R","M","M","T","R","E","?","R","M","R","B",null,"M","?","M","$","?","R","E"],"character_chosen":"THE_POKER_PLAYER","items_purchased":["PokerPlayerMod:Spade10+","PokerPlayerMod:Configure"],"campfire_rested":4,"item_purchase_floors":[21,21],"current_hp_per_floor":[50,48,38,38,31,46,50,50,50,50,25,25,40,25,40,38,52,35,41,35,35,27,44,0,0,0],"gold":242,"neow_bonus":"RANDOM_COMMON_RELIC","is_daily":false,"chose_seed":false,"campfire_upgraded":1,"win_rate":0.0,"timestamp":1612031737,"path_taken":["M","M","?","?","M","R","M","M","T","R","E","?","R","M","R","BOSS","M","?","M","$","?","R","E"],"items_purchased_type":["Undefined","Card"],"build_version":"2020-12-13","purchased_purges":0,"victory":false,"max_hp_per_floor":[52,52,52,52,52,52,52,52,52,52,52,52,52,52,52,52,52,52,52,52,52,57,57,57,57,57],"card_choices":[{"not_picked":["PokerPlayerMod:Spade2","PokerPlayerMod:ClubsClub"],"picked":"PokerPlayerMod:Raise","floor":1},{"not_picked":["PokerPlayerMod:Club4","PokerPlayerMod:Club1"],"picked":"PokerPlayerMod:Manipulation","floor":2},{"not_picked":["PokerPlayerMod:Diamond2","PokerPlayerMod:ClubDance"],"picked":"PokerPlayerMod:Diamond5","floor":5},{"not_picked":["PokerPlayerMod:Spade3","PokerPlayerMod:DartThrow","PokerPlayerMod:Configure"],"picked":"SKIP","floor":7},{"not_picked":["PokerPlayerMod:Diamond1","PokerPlayerMod:Heart5"],"picked":"PokerPlayerMod:Raise","floor":8},{"not_picked":["PokerPlayerMod:HotShotCut","PokerPlayerMod:Spade8","PokerPlayerMod:Diamond3"],"picked":"PokerPlayerMod:Promotion","floor":11},{"not_picked":["PokerPlayerMod:Club3","PokerPlayerMod:Raise","PokerPlayerMod:Spade4"],"picked":"PokerPlayerMod:DiamondStrike","floor":14},{"not_picked":["PokerPlayerMod:Diamond9","PokerPlayerMod:SecretDealer","PokerPlayerMod:Diamond7"],"picked":"PokerPlayerMod:ItsShowtime","floor":16},{"not_picked":["PokerPlayerMod:SecondChance+1","PokerPlayerMod:Spade2","PokerPlayerMod:Manipulation"],"picked":"PokerPlayerMod:Spade4","floor":18},{"not_picked":["PokerPlayerMod:Spade5","PokerPlayerMod:Spade2","PokerPlayerMod:Spade3"],"picked":"PokerPlayerMod:HotShotCut","floor":19},{"not_picked":["PokerPlayerMod:Spade3","PokerPlayerMod:Diamond1","PokerPlayerMod:ClubsClub"],"picked":"PokerPlayerMod:MagicTrick","floor":20}],"player_experience":18639,"relics_obtained":[{"floor":9,"key":"Question Card"},{"floor":11,"key":"Blood Vial"},{"floor":19,"key":"Red Mask"}],"event_choices":[{"damage_healed":0,"gold_gain":0,"player_choice":"Entered Light","damage_taken":10,"max_hp_gain":0,"max_hp_loss":0,"event_name":"Shining Light","floor":3,"gold_loss":0,"cards_upgraded":["PokerPlayerMod:Diamond3","PokerPlayerMod:Raise"]},{"damage_healed":0,"gold_gain":0,"player_choice":"Box","damage_taken":0,"relics_obtained":["FossilizedHelix"],"max_hp_gain":0,"max_hp_loss":0,"event_name":"Big Fish","floor":4,"gold_loss":0,"cards_obtained":["Regret"]},{"damage_healed":0,"gold_gain":100,"player_choice":"Pray","damage_taken":0,"max_hp_gain":0,"max_hp_loss":0,"event_name":"Golden Shrine","floor":12,"gold_loss":0},{"damage_healed":0,"gold_gain":0,"player_choice":"Fought Bandits","damage_taken":0,"max_hp_gain":0,"max_hp_loss":0,"event_name":"Masked Bandits","floor":19,"gold_loss":0},{"damage_healed":0,"gold_gain":0,"player_choice":"Shed Blood","damage_taken":13,"max_hp_gain":5,"max_hp_loss":0,"event_name":"Forgotten Altar","floor":22,"gold_loss":0}],"is_beta":false,"boss_relics":[{"not_picked":["SacredBark","Empty Cage"],"picked":"Ectoplasm"}],"items_purged_floors":[],"is_endless":false,"potions_floor_spawned":[2,8,11,18,19],"killed_by":"Gremlin Leader","ascension_level":0}}