{"host":"yd6hhqps9de4qmof","time":1612034867,"event":{"mods":["BaseMod","Downfall","Hermit","Highlight Path","Minty Spire (QoL Compilation)","Relic Stats","Robot Space Explorer","StSLib"],"gold_per_floor":[117,117,135,135,17,17,44,44,112,172,185,185,185,95,95,220,220,240,265,288,288,288,326,326,342,342,374,386,419,472,504,516,648,660,693,705,737,768,780,826,838,871,909,939,951,963,38,76,76,76],"floor_reached":51,"language":"ENG","playtime":3514,"items_purged":[],"score":1108,"play_id":"bd915c25-1d6f-4d28-add0-e31a30da0303","local_time":"20210130202747","is_ascension_mode":true,"campfire_choices":[{"data":"RobotSpaceExplorer:LuckyStrike","floor":6,"key":"SMITH"},{"floor":8,"key":"REST"},{"data":"RobotSpaceExplorer:PowerGlove","floor":12,"key":"SMITH"},{"data":"RobotSpaceExplorer:IronShell","floor":15,"key":"SMITH"},{"floor":28,"key":"REST"},{"floor":32,"key":"REST"},{"data":"RobotSpaceExplorer:Blaster","floor":41,"key":"SMITH"},{"data":"RobotSpaceExplorer:Fix","floor":45,"key":"SMITH"},{"data":"RobotSpaceExplorer:Autoloader","floor":49,"key":"SMITH"}],"circlet_count":0,"master_deck":["RobotSpaceExplorer:Scan","RobotSpaceExplorer:MiniLasers","RobotSpaceExplorer:GearShield","RobotSpaceExplorer:LuckyStrike+1","RobotSpaceExplorer:IronShell+1","RobotSpaceExplorer:FreezingShield","RobotSpaceExplorer:Blaster","RobotSpaceExplorer:Pulsar","RobotSpaceExplorer:Counterblock","RobotSpaceExplorer:Counterblock","RobotSpaceExplorer:TrailblazerForm","RobotSpaceExplorer:StarLightning","RobotSpaceExplorer:RigExplosive","RobotSpaceExplorer:Explosion","RobotSpaceExplorer:Calculate","RobotSpaceExplorer:ShovelStrike","RobotSpaceExplorer:ShovelStrike","RitualDagger","RobotSpaceExplorer:Pulsar","RobotSpaceExplorer:ScrapMissile+1","RobotSpaceExplorer:Blaster+1","RobotSpaceExplorer:Ammunition+1","RobotSpaceExplorer:ScrapMissile+1","RobotSpaceExplorer:Fix+1","RobotSpaceExplorer:MiniDrones+1","RobotSpaceExplorer:Autoloader+1","Magnetism","RobotSpaceExplorer:LuckyStrike+1"],"relics":["RobotSpaceExplorer:Reprocessor","Sundial","Du-Vu Doll","Mercury Hourglass","The Courier","Golden Idol","White Beast Statue","Pandora\u0027s Box","MutagenicStrength","Shuriken","MawBank","FossilizedHelix","SacredBark","Happy Flower","Centennial Puzzle","Membership Card","Anchor","RobotSpaceExplorer:PlasmaHourglass","Pen Nib","Slimebound:StickyStick","Lantern","Bag of Preparation","Oddly Smooth Stone","Pear","PreservedInsect","Ancient Tea Set","Art of War","hexamod:BolsterEngine"],"acts_visited":["Exordium","TheCity","TheBeyond"],"potions_floor_usage":[7,19,19,20,20,23,23,25,25,29,29,29,30,33,35,35,35,38,40,42,42,44,50,50],"damage_taken":[{"damage":9,"enemies":"Small Slimes","floor":1,"turns":4},{"damage":0,"enemies":"Jaw Worm","floor":3,"turns":5},{"damage":25,"enemies":"Gremlin Nob","floor":7,"turns":4},{"damage":4,"enemies":"Lagavulin Event","floor":10,"turns":5},{"damage":0,"enemies":"2 Louse","floor":11,"turns":2},{"damage":21,"enemies":"The Guardian","floor":16,"turns":14},{"damage":0,"enemies":"Shell Parasite","floor":18,"turns":7},{"damage":8,"enemies":"2 Thieves","floor":19,"turns":4},{"damage":0,"enemies":"Shelled Parasite and Fungi","floor":20,"turns":8},{"damage":25,"enemies":"Gremlin Leader","floor":23,"turns":9},{"damage":15,"enemies":"Snake Plant","floor":25,"turns":4},{"damage":0,"enemies":"Centurion and Healer","floor":27,"turns":7},{"damage":2,"enemies":"Cultist and Chosen","floor":29,"turns":5},{"damage":19,"enemies":"Book of Stabbing","floor":30,"turns":5},{"damage":8,"enemies":"3 Cultists","floor":31,"turns":7},{"damage":3,"enemies":"Champ","floor":33,"turns":14},{"damage":25,"enemies":"3 Darklings","floor":35,"turns":5},{"damage":0,"enemies":"Orb Walker","floor":37,"turns":3},{"damage":0,"enemies":"Maw","floor":38,"turns":6},{"damage":7,"enemies":"Nemesis","floor":40,"turns":11},{"damage":9,"enemies":"Sphere and 2 Shapes","floor":42,"turns":3},{"damage":15,"enemies":"3 Darklings","floor":44,"turns":3},{"damage":0,"enemies":"Giant Head","floor":48,"turns":4},{"damage":18,"enemies":"Donu and Deca","floor":50,"turns":5}],"seed_played":"6846633338515597945","potions_obtained":[{"floor":1,"key":"SpeedPotion"},{"floor":3,"key":"hexamod:SoulburnPotion"},{"floor":16,"key":"SkillPotion"},{"floor":19,"key":"Regen Potion"},{"floor":20,"key":"SkillPotion"},{"floor":23,"key":"ColorlessPotion"},{"floor":25,"key":"Block Potion"},{"floor":27,"key":"Dexterity Potion"},{"floor":29,"key":"LiquidBronze"},{"floor":30,"key":"champ:CounterPotion"},{"floor":31,"key":"Swift Potion"},{"floor":33,"key":"SkillPotion"},{"floor":35,"key":"sneckomod:MuddlingPotion"},{"floor":36,"key":"Strength Potion"},{"floor":36,"key":"EssenceOfSteel"},{"floor":42,"key":"sneckomod:MuddlingPotion"},{"floor":44,"key":"champ:CounterPotion"},{"floor":48,"key":"SteroidPotion"}],"is_trial":false,"path_per_floor":["M","?","M","?","$","R","E","R","T","?","M","R","?","?","R","B",null,"M","M","M","?","?","E","?","M","T","M","R","M","E","M","R","B",null,"M","?","M","M","?","E","R","M","T","M","R","?","$","E","R","B",null],"character_chosen":"RobotSpaceExplorer","items_purchased":["RobotSpaceExplorer:LuckyStrike","RobotSpaceExplorer:IronShell","Membership Card","Anchor","RobotSpaceExplorer:PlasmaHourglass","Magnetism","Pen Nib","Slimebound:StickyStick","Lantern","Bag of Preparation","Oddly Smooth Stone","Pear","PreservedInsect","Ancient Tea Set","Art of War"],"campfire_rested":3,"item_purchase_floors":[5,5,47,47,47,47,47,47,47,47,47,47,47,47,47],"current_hp_per_floor":[59,64,64,57,57,57,32,56,56,52,52,52,52,52,52,31,63,63,55,70,70,70,45,39,24,24,24,46,44,25,17,39,36,65,40,40,40,40,65,58,58,53,53,42,42,42,52,58,58,46],"gold":76,"neow_bonus":"BOSS_RELIC","is_daily":false,"chose_seed":false,"campfire_upgraded":6,"win_rate":0.0,"timestamp":1612034867,"path_taken":["M","?","M","?","$","R","E","R","T","?","M","R","?","?","R","BOSS","M","?","M","?","?","E","?","M","T","M","R","M","E","M","R","BOSS","M","?","?","M","?","E","R","M","T","M","R","?","$","E","R","BOSS"],"items_purchased_type":["Card","Card","Relic","Relic","Relic","Card","Relic","Relic","Relic","Relic","Relic","Relic","Relic","Relic","Relic"],"build_version":"2020-12-22","purchased_purges":0,"victory":true,"max_hp_per_floor":[75,80,80,80,80,80,80,80,80,80,80,80,74,74,74,74,74,74,74,74,74,74,74,74,74,74,74,74,74,74,74,74,74,74,74,74,74,74,65,65,65,65,65,65,65,65,75,75,75,75],"relic_stats":{"Happy Flower":[5],"counters":[24,144],"Golden Idol":154,"Pen Nib":[4],"PreservedInsect":130,"Bag of Preparation":[4],"MawBank":252,"Mercury Hourglass":[416],"Centennial Puzzle":[6],"Sundial":[24],"Shuriken":[39],"Pandora\u0027s Box":["RobotSpaceExplorer:Pulsar","RobotSpaceExplorer:Counterblock","RobotSpaceExplorer:Counterblock","RobotSpaceExplorer:TrailblazerForm","RobotSpaceExplorer:StarLightning","RobotSpaceExplorer:RigExplosive","RobotSpaceExplorer:Explosion","RobotSpaceExplorer:Calculate"],"Art of War":[0],"obtain_stats":[{"Lantern":47,"SacredBark":34,"RobotSpaceExplorer:PlasmaHourglass":47,"Bag of Preparation":47,"Ancient Tea Set":47,"Centennial Puzzle":43,"Sundial":4,"Slimebound:StickyStick":47,"Pear":47,"Happy Flower":40,"Golden Idol":13,"Oddly Smooth Stone":47,"RobotSpaceExplorer:RoboCore":0,"The Courier":10,"Pen Nib":47,"PreservedInsect":47,"RobotSpaceExplorer:Reprocessor":0,"MawBank":26,"White Beast Statue":14,"Mercury Hourglass":9,"Du-Vu Doll":7,"Anchor":47,"Shuriken":23,"MutagenicStrength":21,"Pandora\u0027s Box":17,"Art of War":47,"Membership Card":47,"hexamod:BolsterEngine":48,"FossilizedHelix":30},{"Lantern":22,"SacredBark":16,"RobotSpaceExplorer:PlasmaHourglass":22,"Bag of Preparation":22,"Ancient Tea Set":22,"Centennial Puzzle":21,"Sundial":2,"Slimebound:StickyStick":22,"Pear":22,"Happy Flower":20,"Golden Idol":5,"Oddly Smooth Stone":22,"RobotSpaceExplorer:RoboCore":0,"The Courier":4,"Pen Nib":22,"PreservedInsect":22,"RobotSpaceExplorer:Reprocessor":0,"MawBank":11,"White Beast Statue":5,"Mercury Hourglass":3,"Du-Vu Doll":3,"Anchor":22,"Shuriken":10,"MutagenicStrength":9,"Pandora\u0027s Box":6,"Art of War":22,"Membership Card":22,"hexamod:BolsterEngine":23,"FossilizedHelix":14},{"Lantern":135,"SacredBark":104,"RobotSpaceExplorer:PlasmaHourglass":135,"Bag of Preparation":135,"Ancient Tea Set":135,"Centennial Puzzle":132,"Sundial":9,"Slimebound:StickyStick":135,"Pear":135,"Happy Flower":129,"Golden Idol":20,"Oddly Smooth Stone":135,"RobotSpaceExplorer:RoboCore":0,"The Courier":18,"Pen Nib":135,"PreservedInsect":135,"RobotSpaceExplorer:Reprocessor":0,"MawBank":66,"White Beast Statue":20,"Mercury Hourglass":13,"Du-Vu Doll":13,"Anchor":135,"Shuriken":62,"MutagenicStrength":53,"Pandora\u0027s Box":34,"Art of War":135,"Membership Card":135,"hexamod:BolsterEngine":139,"FossilizedHelix":83}]},"card_choices":[{"not_picked":["RobotSpaceExplorer:SurgingShield","RobotSpaceExplorer:ImprovisedAttack","RobotSpaceExplorer:FrostMissile"],"picked":"SKIP","floor":1},{"not_picked":["RobotSpaceExplorer:SlimeMissile","RobotSpaceExplorer:ScrapMissile"],"picked":"RobotSpaceExplorer:GearShield","floor":3},{"not_picked":["RobotSpaceExplorer:DoubleBlock","RobotSpaceExplorer:StarLightning"],"picked":"RobotSpaceExplorer:PowerGlove","floor":7},{"not_picked":["RobotSpaceExplorer:SlimeMissile","RobotSpaceExplorer:MetalStrike"],"picked":"RobotSpaceExplorer:FreezingShield","floor":11},{"not_picked":["RobotSpaceExplorer:Explosion","RobotSpaceExplorer:Multitool"],"picked":"RobotSpaceExplorer:Blaster","floor":16},{"not_picked":["RobotSpaceExplorer:SurgingStrike","RobotSpaceExplorer:Ammunition"],"picked":"RobotSpaceExplorer:ShovelStrike","floor":18},{"not_picked":["RobotSpaceExplorer:ShockKick","RobotSpaceExplorer:MakeshiftVolley","RobotSpaceExplorer:Ammunition"],"picked":"SKIP","floor":19},{"not_picked":["RobotSpaceExplorer:GlueSpray","RobotSpaceExplorer:PowerGlove"],"picked":"RobotSpaceExplorer:ShovelStrike","floor":20},{"not_picked":["RobotSpaceExplorer:LaserBurst","RobotSpaceExplorer:DoubleFind","RobotSpaceExplorer:SwiftStep+1"],"picked":"SKIP","floor":23},{"not_picked":["RobotSpaceExplorer:Arsenal","RobotSpaceExplorer:FrostMissile+1","RobotSpaceExplorer:ImprovisedAttack"],"picked":"SKIP","floor":25},{"not_picked":["RobotSpaceExplorer:Probe","RobotSpaceExplorer:FranticSearch"],"picked":"RobotSpaceExplorer:Pulsar","floor":27},{"not_picked":["RobotSpaceExplorer:DoubleBlock","RobotSpaceExplorer:SwiftStep","RobotSpaceExplorer:ShockKick"],"picked":"SKIP","floor":29},{"not_picked":["RobotSpaceExplorer:Multitool","RobotSpaceExplorer:PlasmaMissile"],"picked":"RobotSpaceExplorer:ScrapMissile+1","floor":30},{"not_picked":["RobotSpaceExplorer:MakeshiftVolley+1","RobotSpaceExplorer:GlueShot+1","RobotSpaceExplorer:Pulsar"],"picked":"SKIP","floor":31},{"not_picked":["RobotSpaceExplorer:Explosion","RobotSpaceExplorer:HighVoltage"],"picked":"RobotSpaceExplorer:Blaster","floor":33},{"not_picked":["RobotSpaceExplorer:FranticSearch+1","RobotSpaceExplorer:StunGrenade+1"],"picked":"RobotSpaceExplorer:Ammunition+1","floor":35},{"not_picked":["RobotSpaceExplorer:MiniDrones","RobotSpaceExplorer:ScrapMissile","RobotSpaceExplorer:SlimeMissile"],"picked":"SKIP","floor":37},{"not_picked":["RobotSpaceExplorer:StarDust","RobotSpaceExplorer:Ammunition+1"],"picked":"RobotSpaceExplorer:ScrapMissile+1","floor":38},{"not_picked":["RobotSpaceExplorer:ScrapMissile","RobotSpaceExplorer:GlueSpray"],"picked":"RobotSpaceExplorer:Fix","floor":40},{"not_picked":["RobotSpaceExplorer:Probe+1","RobotSpaceExplorer:StarDust+1"],"picked":"RobotSpaceExplorer:MiniDrones+1","floor":42},{"not_picked":["RobotSpaceExplorer:Counterblock+1","RobotSpaceExplorer:ShovelStrike"],"picked":"RobotSpaceExplorer:Autoloader","floor":44},{"not_picked":["RobotSpaceExplorer:PlasmaMissile","RobotSpaceExplorer:FrostMissile"],"picked":"RobotSpaceExplorer:LuckyStrike+1","floor":48}],"player_experience":1176428,"relics_obtained":[{"floor":7,"key":"Du-Vu Doll"},{"floor":9,"key":"Mercury Hourglass"},{"floor":10,"key":"The Courier"},{"floor":23,"key":"Shuriken"},{"floor":26,"key":"MawBank"},{"floor":30,"key":"FossilizedHelix"},{"floor":40,"key":"Happy Flower"},{"floor":43,"key":"Centennial Puzzle"},{"floor":48,"key":"hexamod:BolsterEngine"}],"event_choices":[{"damage_healed":0,"gold_gain":0,"player_choice":"Donut","damage_taken":0,"max_hp_gain":5,"max_hp_loss":0,"event_name":"Big Fish","floor":2,"gold_loss":0},{"damage_healed":0,"gold_gain":0,"player_choice":"Success","damage_taken":7,"relics_obtained":["Sundial"],"max_hp_gain":0,"max_hp_loss":0,"event_name":"Scrap Ooze","floor":4,"gold_loss":0},{"damage_healed":0,"gold_gain":30,"player_choice":"Searched \u00272\u0027 times","damage_taken":0,"max_hp_gain":0,"max_hp_loss":0,"event_name":"Dead Adventurer","floor":10,"gold_loss":0},{"damage_healed":0,"gold_gain":0,"player_choice":"Lose Max HP","damage_taken":0,"relics_obtained":["Golden Idol"],"max_hp_gain":0,"max_hp_loss":6,"event_name":"Golden Idol","floor":13,"gold_loss":0},{"damage_healed":0,"gold_gain":0,"player_choice":"Paid Gold","damage_taken":0,"relics_obtained":["White Beast Statue"],"max_hp_gain":0,"max_hp_loss":0,"event_name":"WeMeetAgain","floor":14,"gold_loss":90},{"damage_healed":0,"gold_gain":0,"player_choice":"Inject Mutagens","damage_taken":0,"relics_obtained":["MutagenicStrength"],"max_hp_gain":0,"max_hp_loss":0,"event_name":"Drug Dealer","floor":21,"gold_loss":0},{"damage_healed":0,"gold_gain":0,"player_choice":"Ignored","damage_taken":0,"max_hp_gain":0,"max_hp_loss":0,"event_name":"Vampires","floor":22,"gold_loss":0},{"damage_healed":0,"gold_gain":0,"player_choice":"Joined the Cult","damage_taken":6,"max_hp_gain":0,"max_hp_loss":0,"event_name":"Nest","floor":24,"gold_loss":0,"cards_obtained":["RitualDagger"]},{"damage_healed":0,"gold_gain":0,"player_choice":"Got Potions","damage_taken":0,"max_hp_gain":0,"max_hp_loss":0,"event_name":"Lab","floor":36,"gold_loss":0},{"damage_healed":65,"gold_gain":0,"player_choice":"Heal","damage_taken":0,"max_hp_gain":0,"max_hp_loss":9,"event_name":"The Moai Head","floor":39,"gold_loss":0},{"cards_removed":["RobotSpaceExplorer:PowerGlove"],"damage_healed":0,"gold_gain":0,"player_choice":"Removed Power","damage_taken":0,"max_hp_gain":0,"max_hp_loss":0,"event_name":"Falling","floor":46,"gold_loss":0}],"is_beta":false,"boss_relics":[{"not_picked":["Tiny House","Black Star"],"picked":"Pandora\u0027s Box"},{"not_picked":["Astrolabe","Velvet Choker"],"picked":"SacredBark"}],"items_purged_floors":[],"is_endless":false,"potions_floor_spawned":[1,3,16,18,19,20,23,25,27,29,30,31,33,35,37,38,40,42,44,48],"ascension_level":8}}