{"host":"x3xr1fzypq6qqz5s","time":1612017181,"event":{"mods":["BaseMod","Better Vampires","Colored Powertips","DeckTracker","Highlight Path","Minty Spire (QoL Compilation)","Quick Restart","Rare Cards Sparkle","Relic Stats"],"gold_per_floor":[111,126,145,155,330,330,330,351,351,426,426,456,138,159,159,279,279,293,316,334,18,117,117,161,161,161,161,161],"floor_reached":27,"language":"ZHS","playtime":950,"items_purged":["Doubt","Strike_B"],"score":223,"play_id":"03cd1dfa-4cea-4ae0-9e6a-00b3baa974ed","local_time":"20210130223301","is_ascension_mode":false,"campfire_choices":[{"floor":11.0,"key":"REST"},{"data":"Reprogram","floor":15,"key":"SMITH"},{"data":"Sadistic Nature","floor":23,"key":"SMITH"},{"floor":25,"key":"REST"}],"circlet_count":0,"master_deck":["Strike_B","Strike_B","Strike_B","Defend_B","Defend_B","Defend_B","Defend_B","Reprogram+1","Double Energy","Beam Cell","Skim","BootSequence","All For One","Leap","Turbo","Go for the Eyes","Sadistic Nature+1","Streamline+1"],"relics":["Cracked Core","NeowsBlessing","Golden Idol","HandDrill","Empty Cage","Akabeko","Mummified Hand"],"acts_visited":["Exordium","TheCity"],"potions_floor_usage":[14,27],"damage_taken":[{"damage":0.0,"enemies":"2 Louse","floor":1.0,"turns":1.0},{"damage":0.0,"enemies":"Small Slimes","floor":2.0,"turns":1.0},{"damage":0.0,"enemies":"Jaw Worm","floor":3.0,"turns":1.0},{"damage":23.0,"enemies":"Exordium Thugs","floor":4.0,"turns":7.0},{"damage":14.0,"enemies":"Large Slime","floor":8.0,"turns":10.0},{"damage":17,"enemies":"3 Louse","floor":14,"turns":5},{"damage":16,"enemies":"The Guardian","floor":16,"turns":13},{"damage":15,"enemies":"Spheric Guardian","floor":18,"turns":5},{"damage":6,"enemies":"Shell Parasite","floor":19,"turns":6},{"damage":19,"enemies":"Centurion and Healer","floor":20,"turns":11},{"damage":14,"enemies":"Book of Stabbing","floor":24,"turns":8},{"damage":60,"enemies":"Slavers","floor":27,"turns":3}],"seed_played":"186692310139057283","potions_obtained":[{"floor":2.0,"key":"LiquidBronze"},{"floor":3.0,"key":"DistilledChaos"},{"floor":8.0,"key":"Fruit Juice"},{"floor":18,"key":"Strength Potion"},{"floor":20,"key":"SteroidPotion"}],"is_trial":false,"path_per_floor":["M","M","M","M","?","?","?","M","T","?","R","?","$","M","R","B",null,"M","M","M","$","?","R","E","R","T","E"],"character_chosen":"DEFECT","items_purchased":["HandDrill","Beam Cell","Skim","Go for the Eyes","Sadistic Nature"],"campfire_rested":2,"item_purchase_floors":[13,13,13,21,21],"current_hp_per_floor":[75,75,75,52,52,75,57,43,43,32,54,54,54,42,42,26,80,65,59,40,40,40,40,26,50,50,0,0],"gold":161,"neow_bonus":"THREE_ENEMY_KILL","is_daily":false,"chose_seed":false,"campfire_upgraded":2,"win_rate":0.0,"timestamp":1612017181,"path_taken":["M","M","M","M","?","?","?","M","T","?","R","?","$","M","R","BOSS","M","M","M","$","?","R","E","R","T","E"],"items_purchased_type":["Relic","Card","Card","Card","Card"],"build_version":"2020-12-22","purchased_purges":2,"victory":false,"max_hp_per_floor":[75,75,75,75,75,75,75,75,75,75,75,75,75,80,80,80,80,80,80,80,80,80,80,80,80,80,80,80],"relic_stats":{"counters":[12,71],"Golden Idol":53,"Mummified Hand":[2],"HandDrill":[22],"obtain_stats":[{"NeowsBlessing":0,"Golden Idol":7,"Mummified Hand":26,"HandDrill":13,"Cracked Core":0,"Empty Cage":17,"Akabeko":24},{"NeowsBlessing":0,"Golden Idol":4,"Mummified Hand":11,"HandDrill":5,"Cracked Core":0,"Empty Cage":7,"Akabeko":11},{"NeowsBlessing":0,"Golden Idol":10,"Mummified Hand":68,"HandDrill":20,"Cracked Core":0,"Empty Cage":38,"Akabeko":68}]},"card_choices":[{"not_picked":["Go for the Eyes","Gash"],"picked":"Reprogram","floor":1.0},{"not_picked":["Cold Snap","Doom and Gloom","Leap"],"picked":"SKIP","floor":2.0},{"not_picked":["Static Discharge","Leap"],"picked":"Double Energy","floor":3.0},{"not_picked":["Blizzard","Doom and Gloom","Steam"],"picked":"SKIP","floor":4.0},{"not_picked":["Recycle","Double Energy","Electrodynamics"],"picked":"SKIP","floor":8.0},{"not_picked":["Beam Cell","Leap"],"picked":"BootSequence","floor":14},{"not_picked":["Core Surge","Biased Cognition"],"picked":"All For One","floor":16},{"not_picked":["Static Discharge+1","Skim"],"picked":"Leap","floor":18},{"not_picked":["Stack","Heatsinks","Beam Cell"],"picked":"SKIP","floor":19},{"not_picked":["Undo","Beam Cell"],"picked":"Turbo","floor":20},{"not_picked":["Melter+1","Beam Cell"],"picked":"Streamline+1","floor":24}],"player_experience":660770,"relics_obtained":[{"floor":24,"key":"Akabeko"},{"floor":26,"key":"Mummified Hand"}],"event_choices":[{"damage_healed":0.0,"max_hp_gain":0.0,"max_hp_loss":0.0,"gold_gain":175.0,"event_name":"Liars Game","player_choice":"AGREE","floor":5.0,"gold_loss":0.0,"damage_taken":0.0,"cards_obtained":["Doubt"]},{"damage_healed":25.0,"max_hp_gain":0.0,"max_hp_loss":0.0,"gold_gain":0.0,"event_name":"Big Fish","player_choice":"Banana","floor":6.0,"gold_loss":0.0,"damage_taken":0.0},{"damage_healed":0.0,"max_hp_gain":0.0,"max_hp_loss":0.0,"gold_gain":0.0,"event_name":"Golden Idol","player_choice":"Take Damage","floor":7.0,"gold_loss":0.0,"damage_taken":18.0,"relics_obtained":["Golden Idol"]},{"damage_healed":0.0,"max_hp_gain":0.0,"max_hp_loss":0.0,"gold_gain":75.0,"event_name":"World of Goop","player_choice":"Gather Gold","floor":10.0,"gold_loss":0.0,"damage_taken":11.0},{"damage_healed":0.0,"max_hp_gain":0.0,"max_hp_loss":0.0,"gold_gain":30.0,"event_name":"Dead Adventurer","player_choice":"Searched \u00272\u0027 times","floor":12.0,"gold_loss":0.0,"damage_taken":0.0},{"damage_healed":0,"gold_gain":99,"player_choice":"Stole From Cult","damage_taken":0,"max_hp_gain":0,"max_hp_loss":0,"event_name":"Nest","floor":22,"gold_loss":0}],"is_beta":false,"boss_relics":[{"not_picked":["Snecko Eye","Busted Crown"],"picked":"Empty Cage"}],"items_purged_floors":[13,21],"is_endless":false,"potions_floor_spawned":[2,3,8,18,20],"killed_by":"Slavers","ascension_level":0}}