{"host":"c3lc60y5x60jlt1y","time":1612010391,"event":{"mods":["AchievementEnabler","BaseMod","Bestiary","Colored Map","Minty Spire (QoL Compilation)","Quick Restart","StSLib","ojb\u0027s Info Mod"],"gold_per_floor":[116,128,53,53,72,105,105,121,121,121,121,95,95,106,106,211,211,229,129,147,147,165,165,184,201,201,214,232,232,232,251,251,355,355,375,47,57,57,67,67,67,67,67,67,67,67,117,137,137,137,137],"floor_reached":50,"language":"ENG","playtime":9087,"items_purged":["Defend_P","Strike_P","Strike_P"],"score":444,"play_id":"5458b6e7-2cda-4981-8853-3f2d9f12e461","local_time":"20210130143951","is_ascension_mode":false,"campfire_choices":[{"data":"Eruption","floor":11.0,"key":"SMITH"},{"data":"Prostrate","floor":13.0,"key":"SMITH"},{"data":"Worship","floor":15.0,"key":"SMITH"},{"floor":23.0,"key":"REST"},{"floor":29.0,"key":"REST"},{"floor":32.0,"key":"REST"},{"floor":40.0,"key":"REST"},{"floor":42.0,"key":"REST"},{"data":"Ragnarok","floor":45.0,"key":"SMITH"},{"floor":49.0,"key":"REST"}],"circlet_count":0,"master_deck":["Defend_P","Eruption+1","Vigilance+1","WheelKick+1","Prostrate+1","CutThroughFate+1","BattleHymn+1","Prostrate+1","Perseverance+1","PathToVictory+1","Worship+1","LessonLearned+1","PathToVictory+1","CutThroughFate+1","DeceiveReality+1","Wireheading+1","Ragnarok+1","Trip+1","Madness","Madness+1","Parasite"],"relics":["Empty Cage"],"acts_visited":["Exordium","TheCity","TheBeyond"],"potions_floor_usage":[50],"damage_taken":[{"damage":1.0,"enemies":"Cultist","floor":1.0,"turns":4.0},{"damage":0.0,"enemies":"Jaw Worm","floor":2.0,"turns":3.0},{"damage":2.0,"enemies":"2 Louse","floor":5.0,"turns":2.0},{"damage":22.0,"enemies":"Lagavulin","floor":6.0,"turns":7.0},{"damage":3.0,"enemies":"Blue Slaver","floor":8.0,"turns":6.0},{"damage":0.0,"enemies":"2 Fungi Beasts","floor":14.0,"turns":2.0},{"damage":9.0,"enemies":"The Guardian","floor":16.0,"turns":8.0},{"damage":31.0,"enemies":"2 Thieves","floor":18.0,"turns":3.0},{"damage":10.0,"enemies":"Shell Parasite","floor":20.0,"turns":4.0},{"damage":10.0,"enemies":"Centurion and Healer","floor":22.0,"turns":3.0},{"damage":0.0,"enemies":"Snake Plant","floor":24.0,"turns":2.0},{"damage":0.0,"enemies":"3 Cultists","floor":25.0,"turns":3.0},{"damage":10.0,"enemies":"Sentry and Sphere","floor":27.0,"turns":6.0},{"damage":5.0,"enemies":"Centurion and Healer","floor":28.0,"turns":7.0},{"damage":1.0,"enemies":"Snecko","floor":31.0,"turns":5.0},{"damage":24.0,"enemies":"Automaton","floor":33.0,"turns":10.0},{"damage":20.0,"enemies":"3 Darklings","floor":35.0,"turns":3.0},{"damage":9.0,"enemies":"3 Shapes","floor":37.0,"turns":8.0},{"damage":20.0,"enemies":"3 Darklings","floor":39.0,"turns":6.0},{"damage":26.0,"enemies":"Mind Bloom Boss Battle","floor":47.0,"turns":7.0},{"damage":26.0,"enemies":"Writhing Mass","floor":48.0,"turns":8.0},{"damage":63,"enemies":"Awakened One","floor":50,"turns":4}],"seed_played":"-2095693731630892681","potions_obtained":[{"floor":1.0,"key":"Explosive Potion"},{"floor":2.0,"key":"AttackPotion"},{"floor":6.0,"key":"Weak Potion"},{"floor":8.0,"key":"ColorlessPotion"},{"floor":18.0,"key":"Fruit Juice"},{"floor":24.0,"key":"LiquidMemories"},{"floor":27.0,"key":"EssenceOfSteel"},{"floor":28.0,"key":"AttackPotion"},{"floor":33.0,"key":"LiquidMemories"},{"floor":37.0,"key":"DistilledChaos"},{"floor":48.0,"key":"PowerPotion"}],"is_trial":false,"path_per_floor":["M","M","$","?","M","E","?","M","T","?","R","$","R","M","R","B",null,"M","$","M","?","M","R","M","M","T","M","M","R","?","M","R","B",null,"M","$","M","?","M","R","?","R","T","?","R","T","?","M","R","B"],"character_chosen":"WATCHER","items_purchased":["PathToVictory","LiquidMemories","AttackPotion","Trip"],"campfire_rested":6,"item_purchase_floors":[12,36,36,36],"current_hp_per_floor":[71,71,71,71,69,47,40,37,37,37,37,37,37,37,37,28,72,41,41,31,31,21,42,47,47,47,37,32,55,41,40,64,40,82,62,62,53,53,33,57,47,71,71,71,71,71,45,19,43,0,0],"gold":137,"neow_bonus":"BOSS_RELIC","is_daily":false,"chose_seed":false,"campfire_upgraded":4,"win_rate":0.0,"timestamp":1612010391,"path_taken":["M","M","$","?","M","E","?","M","T","?","R","?","R","M","R","BOSS","M","$","M","?","M","R","M","M","T","M","M","R","?","M","R","BOSS","M","$","M","?","M","R","?","R","T","?","R","?","?","M","R","BOSS"],"items_purchased_type":["Card","Potion","Potion","Card"],"build_version":"2020-12-22","purchased_purges":3,"victory":false,"max_hp_per_floor":[72,72,72,72,72,72,72,72,72,72,72,72,72,72,72,72,72,72,72,72,72,72,72,77,77,77,77,77,77,82,82,82,82,82,82,82,82,82,82,82,82,82,82,82,82,82,82,82,82,82,82],"card_choices":[{"not_picked":["Collect","Halt"],"picked":"WheelKick","floor":1.0},{"not_picked":["Sanctity","BowlingBash"],"picked":"Prostrate","floor":2.0},{"not_picked":["WreathOfFlame","ClearTheMind"],"picked":"CutThroughFate","floor":5.0},{"not_picked":["Evaluate","EmptyFist"],"picked":"BattleHymn","floor":6.0},{"not_picked":["FlyingSleeves","ThirdEye"],"picked":"Prostrate","floor":8.0},{"not_picked":["ForeignInfluence","WaveOfTheHand"],"picked":"Worship","floor":14.0},{"not_picked":["Alpha","Establishment"],"picked":"LessonLearned","floor":16.0},{"not_picked":["SashWhip+1","EmptyFist+1"],"picked":"PathToVictory","floor":18.0},{"not_picked":["Study","SandsOfTime"],"picked":"CutThroughFate","floor":20.0},{"not_picked":["Halt+1","WreathOfFlame","Collect"],"picked":"SKIP","floor":22.0},{"not_picked":["FollowUp","WindmillStrike"],"picked":"DeceiveReality+1","floor":24.0},{"not_picked":["BattleHymn+1","EmptyBody","BowlingBash"],"picked":"SKIP","floor":25.0},{"not_picked":["Consecrate","JustLucky","Crescendo"],"picked":"SKIP","floor":27.0},{"not_picked":["CrushJoints","Establishment"],"picked":"Wireheading+1","floor":28.0},{"not_picked":["Protect","Adaptation","JustLucky"],"picked":"SKIP","floor":31.0},{"not_picked":["Wish","ConjureBlade"],"picked":"Ragnarok","floor":33.0},{"not_picked":["CarveReality","EmptyFist","ClearTheMind+1"],"picked":"SKIP","floor":35.0},{"not_picked":["FollowUp","ThirdEye+1"],"picked":"Nirvana+1","floor":37.0},{"not_picked":["Halt","Crescendo","BowlingBash"],"picked":"SKIP","floor":39.0},{"not_picked":["PathToVictory","EmptyBody+1","Halt+1"],"picked":"SKIP","floor":48.0}],"player_experience":8775707,"relics_obtained":[],"event_choices":[{"damage_healed":0.0,"max_hp_gain":0.0,"max_hp_loss":0.0,"gold_gain":0.0,"event_name":"Scrap Ooze","player_choice":"Fled","floor":4.0,"gold_loss":0.0,"damage_taken":0.0},{"cards_removed":["Strike_P"],"damage_healed":0.0,"max_hp_gain":0.0,"max_hp_loss":0.0,"gold_gain":0.0,"event_name":"Golden Wing","player_choice":"Card Removal","floor":7.0,"gold_loss":0.0,"damage_taken":7.0},{"damage_healed":0.0,"max_hp_gain":0.0,"max_hp_loss":0.0,"gold_gain":0.0,"cards_transformed":["Defend_P"],"event_name":"Living Wall","player_choice":"Change","floor":10.0,"gold_loss":0.0,"damage_taken":0.0,"cards_obtained":["Perseverance"]},{"damage_healed":0.0,"max_hp_gain":0.0,"max_hp_loss":0.0,"gold_gain":0.0,"event_name":"The Mausoleum","player_choice":"Ignored","floor":21.0,"gold_loss":0.0,"damage_taken":0.0},{"damage_healed":0.0,"max_hp_gain":5.0,"max_hp_loss":0.0,"gold_gain":0.0,"event_name":"Forgotten Altar","player_choice":"Shed Blood","floor":30.0,"gold_loss":0.0,"damage_taken":19.0},{"damage_healed":0.0,"max_hp_gain":0.0,"max_hp_loss":0.0,"gold_gain":0.0,"event_name":"Mysterious Sphere","player_choice":"Ignored","floor":38.0,"gold_loss":0.0,"damage_taken":0.0},{"damage_healed":0.0,"max_hp_gain":0.0,"max_hp_loss":0.0,"gold_gain":0.0,"event_name":"Winding Halls","player_choice":"Embrace Madness","floor":41.0,"gold_loss":0.0,"damage_taken":10.0,"cards_obtained":["Madness","Madness"]},{"cards_removed":["Nirvana"],"damage_healed":0.0,"max_hp_gain":0.0,"max_hp_loss":0.0,"gold_gain":0.0,"event_name":"Falling","player_choice":"Removed Power","floor":44.0,"gold_loss":0.0,"damage_taken":0.0},{"damage_healed":0.0,"max_hp_gain":0.0,"max_hp_loss":0.0,"gold_gain":0.0,"event_name":"MindBloom","player_choice":"Fight","floor":47.0,"gold_loss":0.0,"damage_taken":0.0}],"is_beta":false,"boss_relics":[{"not_picked":["SlaversCollar","Empty Cage","Busted Crown"]},{"not_picked":["SlaversCollar","Empty Cage","Busted Crown"]}],"items_purged_floors":[3,19,36],"is_endless":false,"potions_floor_spawned":[1,2,6,8,18,24,27,28,31,33,37,48],"killed_by":"Awakened One","ascension_level":0}}