{"host":"ysj15tgd1sneq0s0","time":1612010113,"event":{"mods":["AchievementEnabler","BaseMod","DeckTracker","Highlight Path","Minty Spire (QoL Compilation)","Permanent Neow","Quick Restart","StSLib","SuperFastMode","everything is the same but u backflip on backflip"],"gold_per_floor":[116,116,116,116,141,181,181,217,240,264,34,47,61,85,85,216,216,234,257,357,7,25,25,39,80,128,128,128,143,143,156,156,156,156],"floor_reached":33,"language":"KOR","playtime":1754,"items_purged":["Strike_G","Strike_G"],"score":362,"play_id":"67034299-de55-4cb1-8df0-94dceecb71e5","local_time":"20210130213513","is_ascension_mode":true,"campfire_choices":[{"floor":7,"key":"REST"},{"data":"Heel Hook","floor":15,"key":"SMITH"},{"data":"Neutralize","floor":23,"key":"SMITH"},{"floor":28,"key":"REST"},{"data":"Tools of the Trade","floor":30,"key":"SMITH"},{"data":"After Image","floor":32,"key":"SMITH"}],"circlet_count":0,"master_deck":["Strike_G","Strike_G","Strike_G","Defend_G","Defend_G+1","Defend_G","Defend_G","Defend_G","Survivor","Neutralize+1","Blade Dance+1","Dagger Spray","After Image+1","Footwork","Dagger Throw","Endless Agony","Heel Hook+1","Tools of the Trade+1","Dagger Spray+1","Cloak And Dagger","Deflect","Cloak And Dagger","Blade Dance+1","Necronomicurse","Blade Dance","Deflect+1"],"relics":["Ring of the Snake","Golden Idol","Happy Flower","Orichalcum","Lantern","Toy Ornithopter","Philosopher\u0027s Stone","Vajra","Membership Card","Bottled Tornado","Tiny Chest","Necronomicon"],"acts_visited":["Exordium","TheCity"],"potions_floor_usage":[1,8,8,14,16,18,24,25,33,33],"damage_taken":[{"damage":0,"enemies":"2 Louse","floor":1,"turns":1},{"damage":0,"enemies":"Jaw Worm","floor":5,"turns":4},{"damage":38,"enemies":"Lagavulin","floor":6,"turns":7},{"damage":0,"enemies":"Gremlin Nob","floor":8,"turns":3},{"damage":0,"enemies":"Small Slimes","floor":10,"turns":3},{"damage":1,"enemies":"Blue Slaver","floor":12,"turns":4},{"damage":4,"enemies":"3 Louse","floor":13,"turns":3},{"damage":5,"enemies":"Exordium Thugs","floor":14,"turns":5},{"damage":35,"enemies":"Hexaghost","floor":16,"turns":13},{"damage":0,"enemies":"Chosen","floor":18,"turns":4},{"damage":20,"enemies":"Spheric Guardian","floor":19,"turns":4},{"damage":1,"enemies":"3 Cultists","floor":22,"turns":4},{"damage":18,"enemies":"Snecko","floor":24,"turns":4},{"damage":0,"enemies":"Gremlin Leader","floor":25,"turns":6},{"damage":20,"enemies":"Snake Plant","floor":29,"turns":6},{"damage":3,"enemies":"Centurion and Healer","floor":31,"turns":4},{"damage":71,"enemies":"Champ","floor":33,"turns":13}],"seed_played":"739483690481423584","potions_obtained":[{"floor":0,"key":"SneckoOil"},{"floor":0,"key":"Weak Potion"},{"floor":0,"key":"SneckoOil"},{"floor":5,"key":"Swift Potion"},{"floor":10,"key":"Strength Potion"},{"floor":12,"key":"AttackPotion"},{"floor":16,"key":"Explosive Potion"},{"floor":19,"key":"AttackPotion"},{"floor":22,"key":"Regen Potion"},{"floor":25,"key":"Swift Potion"}],"is_trial":false,"path_per_floor":["M","?","?","?","M","E","R","E","T","M","$","M","M","M","R","B",null,"M","M","?","$","M","R","M","E","T","?","R","M","R","M","R","B"],"character_chosen":"THE_SILENT","items_purchased":["Toy Ornithopter","Vajra","Membership Card"],"campfire_rested":2,"item_purchase_floors":[11,21,21],"current_hp_per_floor":[70,53,39,62,62,24,45,45,45,45,45,44,40,40,40,10,70,70,50,50,50,49,49,36,55,55,39,60,40,40,37,37,0,0],"gold":156,"neow_bonus":"THREE_SMALL_POTIONS","is_daily":false,"chose_seed":false,"campfire_upgraded":4,"win_rate":0.0,"timestamp":1612010113,"path_taken":["M","?","?","?","M","E","R","E","T","M","$","?","M","M","R","BOSS","M","M","?","$","?","R","?","E","T","?","R","M","R","M","R","BOSS"],"items_purchased_type":["Relic","Relic","Relic"],"build_version":"2020-12-22","purchased_purges":2,"victory":false,"max_hp_per_floor":[70,70,70,70,70,70,70,70,70,70,70,70,70,70,70,70,70,70,70,70,70,70,70,70,70,70,70,70,70,70,70,70,70,70],"card_choices":[{"not_picked":["Crippling Poison","Outmaneuver"],"picked":"Blade Dance","floor":1},{"not_picked":["Dash","Masterful Stab"],"picked":"Dagger Spray","floor":5},{"not_picked":["Acrobatics","Blade Dance"],"picked":"After Image","floor":6},{"not_picked":["Riddle With Holes","Caltrops"],"picked":"Footwork","floor":8},{"not_picked":["Bouncing Flask","Flechettes"],"picked":"Dagger Throw","floor":10},{"not_picked":["Well Laid Plans","Riddle With Holes","Backflip"],"picked":"SKIP","floor":12},{"not_picked":["Expertise","Bane"],"picked":"Endless Agony","floor":13},{"not_picked":["Poisoned Stab","Escape Plan"],"picked":"Heel Hook","floor":14},{"not_picked":["After Image","A Thousand Cuts"],"picked":"Tools of the Trade","floor":16},{"not_picked":["Deadly Poison+1","Dash"],"picked":"Dagger Spray+1","floor":18},{"not_picked":["Escape Plan","Dodge and Roll"],"picked":"Cloak And Dagger","floor":19},{"not_picked":["Acrobatics","Poisoned Stab"],"picked":"Deflect","floor":22},{"not_picked":["Malaise","Dagger Spray"],"picked":"Cloak And Dagger","floor":24},{"not_picked":["Deflect","Riddle With Holes"],"picked":"Blade Dance+1","floor":25},{"not_picked":["Backstab","Flying Knee"],"picked":"Blade Dance","floor":29},{"not_picked":["Masterful Stab","Backflip"],"picked":"Deflect+1","floor":31}],"player_experience":45796,"relics_obtained":[{"floor":6,"key":"Happy Flower"},{"floor":8,"key":"Orichalcum"},{"floor":9,"key":"Lantern"},{"floor":25,"key":"Bottled Tornado"},{"floor":26,"key":"Tiny Chest"},{"floor":27,"key":"Necronomicon"}],"event_choices":[{"damage_healed":0,"gold_gain":0,"player_choice":"Take Damage","damage_taken":17,"relics_obtained":["Golden Idol"],"max_hp_gain":0,"max_hp_loss":0,"event_name":"Golden Idol","floor":2,"gold_loss":0},{"damage_healed":0,"gold_gain":0,"player_choice":"Entered Light","damage_taken":14,"max_hp_gain":0,"max_hp_loss":0,"event_name":"Shining Light","floor":3,"gold_loss":0,"cards_upgraded":["Defend_G","Blade Dance"]},{"damage_healed":23,"gold_gain":0,"player_choice":"Banana","damage_taken":0,"max_hp_gain":0,"max_hp_loss":0,"event_name":"Big Fish","floor":4,"gold_loss":0},{"damage_healed":0,"gold_gain":100,"player_choice":"Pray","damage_taken":0,"max_hp_gain":0,"max_hp_loss":0,"event_name":"Golden Shrine","floor":20,"gold_loss":0},{"damage_healed":0,"gold_gain":0,"player_choice":"Obtained Book","damage_taken":16,"max_hp_gain":0,"max_hp_loss":0,"event_name":"Cursed Tome","floor":27,"gold_loss":0}],"is_beta":false,"boss_relics":[{"not_picked":["Snecko Eye","Runic Pyramid"],"picked":"Philosopher\u0027s Stone"}],"items_purged_floors":[11,21],"is_endless":false,"potions_floor_spawned":[5,10,12,16,19,22,25],"killed_by":"Champ","ascension_level":2}}