{"host":"lte3xujvwediduij","time":1612011443,"event":{"mods":["Aspiration","BaseMod","Better-Laid Plans","BetterRewards","Colored Map","Colored Powertips","Downfall","Energized Spire","GifTheSpireLib","Lobotomy","Minty Spire (QoL Compilation)","Permanent Neow","Replay The Spire","Robot Space Explorer","Spicy Shops","StSLib","The Gatherer","The Hayseed","The Runesmith","The Servant 0.9.4","Youmu£¨»êÆÇÑýÃÎ£©","¡¾ÒÅÎï¿¨ÅÆ¡¿REMEMod","óô»ðÖ¸ÄÏ"],"gold_per_floor":[114,114,43,91,41,75,75,101,101,119,119,155,174,199,199,327,327,345,270,370,384,384,39,79,79,79,29,80,93,137,157,157,157],"floor_reached":32,"language":"ZHS","playtime":2818,"items_purged":["Parasite","Parasite"],"score":313,"play_id":"1e905d2c-2c3f-4ad1-bc4a-52e07c8d93e7","local_time":"20210130205723","is_ascension_mode":false,"campfire_choices":[{"data":"Ricochet","floor":11,"key":"SMITH"},{"data":"Starlight","floor":15,"key":"SMITH"},{"floor":25,"key":"RECALL"},{"data":"Embodiment","floor":32,"key":"SMITH"}],"circlet_count":0,"master_deck":["Strike_S","Strike_S","Strike_S","Strike_S","Defend_S","Defend_S","Defend_S","KidneyShot","Exchange","BlackSwan","TimeWarp","WallGazer","Injury","OSAHOGD","Ricochet+1","BigBadWolf","KillingDoll","WhitesApple","Starlight+1","HeroicMonk","Embodiment+1","NakedNest","Scorched","ReturningBlade","SpiderBud","GearUp","QueenOfHatred","BottledTime","Parasite","QueenBee","Porccubus","Misdirection+1","MeatLantern","RealityMarble+1"],"relics":["Uniform","REME_ComplimentaryCards","CogitoBucket","Ring of Peace","Ring of Misfortune","Oddly Smooth Stone","ReplayTheSpireMod:Lightbulb","Matryoshka","Golden Idol","Replay:Mystery Machine","aspiration:TrustyKnives","Nunchaku","Meat on the Bone","ResearcherNote","Coffee Dripper","Membership Card","Sling","Simple Rune","Incense Burner","Anchor","TreeSap","Potion Belt"],"acts_visited":["Exordium","TheCity"],"potions_floor_usage":[6,6,16,28,28,29],"damage_taken":[{"damage":1,"enemies":"Jaw Worm","floor":1,"turns":6},{"damage":20,"enemies":"Gremlin Nob","floor":6,"turns":5},{"damage":0,"enemies":"Small Slimes","floor":10,"turns":5},{"damage":14,"enemies":"3 Sentries","floor":12,"turns":5},{"damage":0,"enemies":"2 Louse","floor":13,"turns":2},{"damage":35,"enemies":"Large Slime","floor":14,"turns":4},{"damage":10,"enemies":"Fading Forest","floor":16,"turns":11},{"damage":11,"enemies":"Spheric Guardian","floor":18,"turns":3},{"damage":7,"enemies":"3 Byrds","floor":21,"turns":3},{"damage":16,"enemies":"Slavers","floor":24,"turns":5},{"damage":10,"enemies":"Centurion and Healer","floor":28,"turns":6},{"damage":0,"enemies":"Chosen and Byrds","floor":29,"turns":3},{"damage":0,"enemies":"Gremlin Leader","floor":30,"turns":7},{"damage":4,"enemies":"Sentry and Sphere","floor":31,"turns":3}],"seed_played":"506321209439258846","potions_obtained":[{"floor":1,"key":"Cursed Concoction"},{"floor":4,"key":"Reflective Coating"},{"floor":14,"key":"FearPotion"},{"floor":16,"key":"Dexterity Potion"},{"floor":18,"key":"Block Potion"},{"floor":21,"key":"REME_GoldPotion"},{"floor":28,"key":"Fire Potion"},{"floor":30,"key":"SteroidPotion"}],"is_trial":false,"path_per_floor":["M","?","$","?","?","E","?","T","T","M","R","E","M","M","R","B",null,"M","?","?","M","?","$","E","R","T","$","M","M","E","M","R"],"character_chosen":"THE_SERVANT","items_purchased":["Oddly Smooth Stone","Membership Card","Sling","Simple Rune"],"campfire_rested":0,"item_purchase_floors":[3,23,23,23],"current_hp_per_floor":[64,64,64,64,64,44,44,44,44,44,44,30,42,19,19,31,65,54,54,54,47,54,54,38,38,38,38,40,46,52,48,48,48],"gold":157,"neow_bonus":"","is_daily":false,"chose_seed":false,"campfire_upgraded":3,"win_rate":0.0,"timestamp":1612011443,"path_taken":["M","?","$","?","?","E","?","?","T","M","R","E","?","M","R","BOSS","M","?","?","?","?","?","E","R","T","$","?","M","E","M","R"],"items_purchased_type":["Relic","Relic","Relic","Relic"],"build_version":"2020-12-22","purchased_purges":2,"victory":false,"max_hp_per_floor":[65,65,65,65,65,65,65,65,65,65,65,65,65,65,65,65,65,65,65,65,65,65,62,62,62,62,59,59,59,59,59,59,59],"card_choices":[{"not_picked":["Murderer","QueenBee"],"picked":"BlackSwan","floor":1},{"not_picked":["Hightail","Unruled"],"picked":"TimeWarp","floor":1},{"not_picked":["Reset","Defy"],"picked":"BestPractice","floor":4},{"not_picked":["Bloodbath","CherryBlossoms"],"picked":"WallGazer","floor":6},{"not_picked":["Rewind","FastForward","Moondial"],"picked":"SKIP","floor":6},{"not_picked":["PunishingBird","HappyTeddy"],"picked":"OSAHOGD","floor":10},{"not_picked":["Rearm","Alleviate"],"picked":"Ricochet","floor":10},{"not_picked":["BigBird","SingingMachine"],"picked":"BigBadWolf","floor":12},{"not_picked":["Rewind","Misdirection"],"picked":"KillingDoll","floor":12},{"not_picked":["LittleHelper","ShyLook"],"picked":"WhitesApple","floor":13},{"not_picked":["FastForward","DoubleEdge"],"picked":"Ricochet","floor":13},{"not_picked":["Freischutz","CherryBlossoms"],"picked":"RedShoes","floor":14},{"not_picked":["WasteNot","ShatteredReality"],"picked":"Starlight","floor":14},{"not_picked":["SilentOrchestra","OldLady"],"picked":"HeroicMonk","floor":16},{"not_picked":["Deny","PendulumOfEternity"],"picked":"Embodiment","floor":16},{"not_picked":["UniverseFragment","SnowQueen"],"picked":"NakedNest","floor":18},{"not_picked":["TimeWarp+1","BestPractice","Revamp+1"],"picked":"SKIP","floor":18},{"not_picked":["TimeWarp+1","BestPractice","Revamp+1"],"picked":"SKIP","floor":18},{"not_picked":["DespairKnight","MHz"],"picked":"Scorched","floor":21},{"not_picked":["Starlight","Spin"],"picked":"ReturningBlade","floor":21},{"not_picked":["CherryBlossoms","Wellcheers"],"picked":"SpiderBud","floor":24},{"not_picked":["Foresight","Unruled"],"picked":"GearUp","floor":24},{"not_picked":["CherryBlossoms","FieryBird"],"picked":"QueenOfHatred","floor":28},{"not_picked":["Defy","StarChef+1"],"picked":"BottledTime","floor":28},{"not_picked":["Yin","Scarecrow"],"picked":"QueenBee","floor":29},{"not_picked":["Revamp","Unruled+1","Replace+1"],"picked":"SKIP","floor":29},{"not_picked":["Revamp","Unruled+1","Replace+1"],"picked":"SKIP","floor":29},{"not_picked":["Scarecrow","Alriune"],"picked":"Porccubus","floor":30},{"not_picked":["Shuttle+1","KillingDoll"],"picked":"Misdirection+1","floor":30},{"not_picked":["DreamingCurrent","OldLady"],"picked":"MeatLantern","floor":31},{"not_picked":["DoubleEdge","Rewind"],"picked":"RealityMarble+1","floor":31}],"player_experience":148725,"relics_obtained":[{"floor":2,"key":"Ring of Peace"},{"floor":2,"key":"Ring of Misfortune"},{"floor":4,"key":"ReplayTheSpireMod:Lightbulb"},{"floor":6,"key":"Matryoshka"},{"floor":8,"key":"Replay:Mystery Machine"},{"floor":8,"key":"aspiration:TrustyKnives"},{"floor":9,"key":"Nunchaku"},{"floor":12,"key":"Meat on the Bone"},{"floor":24,"key":"Incense Burner"},{"floor":26,"key":"Anchor"},{"floor":30,"key":"Potion Belt"}],"event_choices":[{"cards_removed":["ReplayTheSpireMod:Splinters"],"damage_healed":0,"gold_gain":0,"player_choice":"Card Removal","damage_taken":0,"max_hp_gain":0,"max_hp_loss":0,"event_name":"The Cleric","floor":5,"gold_loss":50},{"damage_healed":0,"gold_gain":0,"player_choice":"Take Wound","damage_taken":0,"relics_obtained":["Golden Idol"],"max_hp_gain":0,"max_hp_loss":0,"event_name":"Golden Idol","floor":7,"gold_loss":0,"cards_obtained":["Injury"]},{"cards_removed":["RedShoes"],"damage_healed":0,"gold_gain":0,"player_choice":"Gave Gold","damage_taken":0,"max_hp_gain":0,"max_hp_loss":0,"event_name":"Beggar","floor":19,"gold_loss":75},{"damage_healed":0,"gold_gain":100,"player_choice":"Pray","damage_taken":0,"max_hp_gain":0,"max_hp_loss":0,"event_name":"Golden Shrine","floor":20,"gold_loss":0}],"is_beta":false,"boss_relics":[{"not_picked":["energizedSpire:StickyHand","Runic Pyramid"],"picked":"Coffee Dripper"}],"items_purged_floors":[23,27],"is_endless":false,"potions_floor_spawned":[1,14,16,18,21,28,30],"ascension_level":0}}