{"host":"udyc8f81k2jocuhg","time":1612018395,"event":{"mods":["2.2 Compatiblity","BaseMod","Better Third Choice","Colored Powertips","Conspire","Custom Start","GifTheSpireLib","Hermit","Minty Spire (QoL Compilation)","Permanent Neow","Quick Restart","Relic Filter","Relic Stats","Replay The Spire","Shop Mod","Spikes Relics","StSLib","Stuff the Spire"],"gold_per_floor":[111,20,36,48,65,65,95,95,167,167,201,216,230,258,258,258,258],"floor_reached":16,"language":"ENG","playtime":751,"items_purged":[],"score":244,"play_id":"b6e33d8d-4530-409b-bf5d-81a9563a2a02","local_time":"20210130155315","is_ascension_mode":true,"campfire_choices":[{"data":"Sunder","floor":6.0,"key":"SMITH"},{"data":"Zap","floor":8.0,"key":"SMITH"},{"data":"Conserve Battery","floor":15.0,"key":"SMITH"}],"circlet_count":0,"master_deck":["AscendersBane","Strike_B","Strike_B","Strike_B","Strike_B","Defend_B","Defend_B","Defend_B","Defend_B","Zap+1","Dualcast","Conserve Battery+1","Sunder+1","Cold Snap","FIFO Queue","Ball Lightning"],"relics":["Inserter","Akabeko","Singing Bowl","MealTicket","Iron Hammer"],"acts_visited":["Exordium"],"potions_floor_usage":[16],"damage_taken":[{"damage":21.0,"enemies":"Jaw Worm","floor":1.0,"turns":6.0},{"damage":2.0,"enemies":"Cultist","floor":3.0,"turns":4.0},{"damage":0.0,"enemies":"Small Slimes","floor":4.0,"turns":2.0},{"damage":0.0,"enemies":"2 Fungi Beasts","floor":5.0,"turns":3.0},{"damage":25.0,"enemies":"Lagavulin","floor":7.0,"turns":10.0},{"damage":32.0,"enemies":"Gremlin Nob","floor":11.0,"turns":4.0},{"damage":1.0,"enemies":"Blue Slaver","floor":12.0,"turns":3.0},{"damage":13.0,"enemies":"Exordium Thugs","floor":13.0,"turns":5.0},{"damage":14.0,"enemies":"3 Sentries","floor":14.0,"turns":9.0},{"damage":17,"enemies":"The Guardian","floor":16,"turns":8}],"seed_played":"6152447079727763212","potions_obtained":[{"floor":1.0,"key":"Block Potion"},{"floor":4.0,"key":"Toxic Potion"},{"floor":7.0,"key":"Adrenaline Potion"},{"floor":13.0,"key":"Fire Potion"}],"is_trial":false,"path_per_floor":["M","$","M","M","M","R","E","R","T","?","E","M","M","E","R","B"],"character_chosen":"DEFECT","items_purchased":["Conserve Battery","Sunder"],"campfire_rested":0,"item_purchase_floors":[2,2],"current_hp_per_floor":[43,43,41,41,41,41,16,16,16,71,41,40,29,15,15,0,0],"gold":258,"neow_bonus":"BOSS_RELIC","is_daily":false,"chose_seed":false,"campfire_upgraded":3,"win_rate":0.0,"timestamp":1612018395,"path_taken":["M","$","M","M","M","R","E","R","T","?","E","?","M","E","R","BOSS"],"items_purchased_type":["Card","Card"],"build_version":"2020-12-22","purchased_purges":0,"victory":false,"max_hp_per_floor":[71,71,71,71,71,71,71,71,71,71,73,73,75,75,75,75,75],"relic_stats":{"Inserter":[24],"Singing Bowl":4,"counters":[10,54],"MealTicket":0,"obtain_stats":[{"Inserter":0,"Singing Bowl":9,"MealTicket":11,"Iron Hammer":14,"Cracked Core":0,"Akabeko":7},{"Inserter":0,"Singing Bowl":5,"MealTicket":6,"Iron Hammer":9,"Cracked Core":0,"Akabeko":5},{"Inserter":0,"Singing Bowl":25,"MealTicket":29,"Iron Hammer":46,"Cracked Core":0,"Akabeko":25}]},"card_choices":[{"not_picked":["ReplaySort","ReplayTheSpireMod:Repulse","Panic Button"],"picked":"SKIP","floor":1.0},{"not_picked":["Gash","Panic Button","Hello World"],"picked":"SKIP","floor":3.0},{"not_picked":["Go for the Eyes","Fusion","StuffTheSpire:Plugnplay"],"picked":"SKIP","floor":4.0},{"not_picked":["Genetic Algorithm","ReplayTheSpireMod:Repulse","Redo"],"picked":"SKIP","floor":5.0},{"not_picked":["Steam Power","Gash"],"picked":"Cold Snap","floor":7.0},{"not_picked":["Sweeping Beam","Panic Button","All For One"],"picked":"Singing Bowl","floor":11.0},{"not_picked":["StuffTheSpire:LoadUp","Force Field"],"picked":"FIFO Queue","floor":12.0},{"not_picked":["Gash","StuffTheSpire:SnapShoot","Aggregate"],"picked":"Singing Bowl","floor":13.0},{"not_picked":["Scrape","Turbo"],"picked":"Ball Lightning","floor":14.0}],"player_experience":2026243,"relics_obtained":[{"floor":7.0,"key":"Akabeko"},{"floor":9.0,"key":"Singing Bowl"},{"floor":11.0,"key":"MealTicket"},{"floor":14.0,"key":"Iron Hammer"}],"event_choices":[{"damage_healed":55.0,"max_hp_gain":0.0,"max_hp_loss":0.0,"gold_gain":0.0,"event_name":"Wheel of Change","player_choice":"Full Heal","floor":10.0,"gold_loss":0.0,"damage_taken":0.0}],"is_beta":false,"boss_relics":[],"items_purged_floors":[],"is_endless":false,"potions_floor_spawned":[1,4,5,7,13],"killed_by":"The Guardian","ascension_level":20}}