{"host":"v0mw6c8s9jqyt2m0","time":1612015556,"event":{"mods":["Astrologer","BaseMod","Hermit","Marisa????????","Minty Spire (QoL Compilation)","StSLib","The Cursed","The Disciple","The Gatherer","The Hierophant","The Servant 0.9.4"],"gold_per_floor":[109,120,45,62,81,106,106,126,150,150,206,249,275,307,319,430,442,472,497,509,553,565,607,619,658,719,731,756,768,798,830,842,953,965,990,890,910,924,924,958,958,156,183,183,202,202,424,443,443,443],"floor_reached":51,"language":"ENG","playtime":7767,"items_purged":["Defend_MRS","Defend_MRS"],"score":779,"play_id":"78263b9a-1600-4df9-8288-9c5194e7b29a","local_time":"20210130150556","is_ascension_mode":false,"campfire_choices":[{"data":"OortCloud","floor":7.0,"key":"SMITH"},{"floor":15.0,"key":"REST"},{"data":"OrrerysSun","floor":24.0,"key":"SMITH"},{"data":"BlazeAway","floor":29.0,"key":"SMITH"},{"data":"CasketOfStar","floor":32,"key":"SMITH"},{"data":"MagicChant","floor":41,"key":"SMITH"},{"data":"FinalSpark","floor":49,"key":"SMITH"}],"circlet_count":0,"master_deck":["Strike_MRS","Strike_MRS","Strike_MRS","Strike_MRS","Defend_MRS","Defend_MRS","MasterSpark","UpSweep","Orbital","UnstableBomb","OortCloud+1","MysteriousBeam+1","BlazeAway+1","SprinkleStarSeal+1","MilkyWay","Parasite","Parasite","MagicChant+1","UltimateShortwave","RefractionSpark","CasketOfStar+1","OrrerysSun+1","AsteroidBelt","Acceleration+1","LuminesStrike+1","FinalSpark+1","PulseMagic+1","EnergyRecoil+1","MilkyWay+1","FinalSpark","Master of Strategy+1","EnergyFlow","Writhe","Parasite"],"relics":["BewitchedHakkero","Tiny Chest","Bag of Marbles","MawBank","ShroomBag","Sozu","Red Mask","AmplifyWand","Pantograph","Toxic Egg 2","InkBottle","Unceasing Top","DollysMirror","Strawberry","Meat on the Bone"],"acts_visited":["Exordium","TheCity","TheBeyond"],"potions_floor_usage":[33,50],"damage_taken":[{"damage":1.0,"enemies":"Cultist","floor":1.0,"turns":3.0},{"damage":1.0,"enemies":"Jaw Worm","floor":2.0,"turns":3.0},{"damage":3.0,"enemies":"2 Louse","floor":4.0,"turns":3.0},{"damage":5.0,"enemies":"2 Fungi Beasts","floor":5.0,"turns":3.0},{"damage":0.0,"enemies":"Gremlin Nob","floor":6.0,"turns":2.0},{"damage":12.0,"enemies":"Gremlin Gang","floor":8.0,"turns":3.0},{"damage":7.0,"enemies":"Gremlin Nob","floor":11.0,"turns":4.0},{"damage":4.0,"enemies":"3 Sentries","floor":12.0,"turns":6.0},{"damage":0.0,"enemies":"Exordium Wildlife","floor":13.0,"turns":2.0},{"damage":0.0,"enemies":"Lots of Slimes","floor":14.0,"turns":3.0},{"damage":11.0,"enemies":"The Guardian","floor":16.0,"turns":10.0},{"damage":5.0,"enemies":"3 Byrds","floor":18.0,"turns":5.0},{"damage":7.0,"enemies":"Shell Parasite","floor":19.0,"turns":2.0},{"damage":19.0,"enemies":"Masked Bandits","floor":21.0,"turns":5.0},{"damage":3.0,"enemies":"Book of Stabbing","floor":23.0,"turns":4.0},{"damage":11.0,"enemies":"Gremlin Leader","floor":25.0,"turns":7.0},{"damage":0.0,"enemies":"Centurion and Healer","floor":28.0,"turns":6.0},{"damage":0.0,"enemies":"Sentry and Sphere","floor":30.0,"turns":3.0},{"damage":2,"enemies":"Cultist and Chosen","floor":31,"turns":5},{"damage":25,"enemies":"Automaton","floor":33,"turns":9},{"damage":6,"enemies":"3 Shapes","floor":35,"turns":3},{"damage":7,"enemies":"3 Darklings","floor":37,"turns":3},{"damage":32,"enemies":"Sphere and 2 Shapes","floor":38,"turns":4},{"damage":0,"enemies":"Giant Head","floor":40,"turns":7},{"damage":0,"enemies":"Transient","floor":45,"turns":5},{"damage":6,"enemies":"Writhing Mass","floor":48,"turns":5},{"damage":26,"enemies":"Donu and Deca","floor":50,"turns":5}],"seed_played":"-3869140497719551801","potions_obtained":[{"floor":2.0,"key":"AttackPotion"},{"floor":5.0,"key":"EntropicBrew"},{"floor":6.0,"key":"GamblersBrew"},{"floor":11.0,"key":"ShroomBrew"},{"floor":13.0,"key":"Block Potion"},{"floor":16.0,"key":"EssenceOfSteel"}],"is_trial":false,"path_per_floor":["M","M","$","M","M","E","R","M","T","?","?","E","M","M","R","B",null,"M","M","$","?","T","E","R","E","T","?","M","R","M","M","R","B",null,"M","$","M","M","?","E","R","$","T","T","M","?","?","M","R","B",null],"character_chosen":"MARISA","items_purchased":["OortCloud","EnergyRecoil+1","Unceasing Top","DollysMirror","Master of Strategy+1","EnergyFlow"],"campfire_rested":1,"item_purchase_floors":[3,36,42,42,42,42],"current_hp_per_floor":[81,80,80,77,72,72,72,60,60,44,37,33,37,39,63,56,82,81,75,75,60,60,61,61,54,54,54,58,58,58,62,62,61,82,76,76,73,45,45,49,49,49,56,56,60,82,82,80,80,67],"gold":443,"neow_bonus":"TEN_PERCENT_HP_BONUS","is_daily":false,"chose_seed":false,"campfire_upgraded":6,"win_rate":0.0,"timestamp":1612015556,"path_taken":["M","M","$","M","?","E","R","M","T","?","?","E","M","M","R","BOSS","M","M","$","?","?","E","R","E","T","?","M","R","M","M","R","BOSS","M","$","M","?","?","E","R","$","T","?","?","?","?","M","R","BOSS"],"items_purchased_type":["Card","Card","Relic","Relic","Card","Card"],"build_version":"2020-12-22","purchased_purges":2,"victory":true,"max_hp_per_floor":[82,82,82,82,82,82,82,82,82,82,82,82,82,82,82,82,82,82,82,82,82,82,82,82,82,82,82,82,82,82,82,82,82,82,82,82,82,82,82,82,82,82,89,89,89,89,89,89,89,89],"card_choices":[{"not_picked":["LuminesStrike","GravityBeat"],"picked":"Orbital","floor":1.0},{"not_picked":["ShootingEcho","Orbital"],"picked":"UnstableBomb","floor":2.0},{"not_picked":["WitchLeyline","DC"],"picked":"MysteriousBeam","floor":4.0},{"not_picked":["MysteriousBeam","GrandCross"],"picked":"BlazeAway","floor":5.0},{"not_picked":["ManaConvection","AsteroidBelt"],"picked":"SprinkleStarSeal","floor":6.0},{"not_picked":["WitchLeyline","Orbital"],"picked":"OpenUniverse","floor":8.0},{"not_picked":["DoubleSpark","Acceleration"],"picked":"MilkyWay","floor":11.0},{"not_picked":["RefractionSpark","FairyDestructionRay"],"picked":"MagicChant","floor":12.0},{"not_picked":["WitchOfGreed","DC"],"picked":"UltimateShortwave","floor":13.0},{"not_picked":["MeteoricShower","DC"],"picked":"RefractionSpark","floor":14.0},{"not_picked":["MillisecondPulsars","CollectingQuirk"],"picked":"CasketOfStar","floor":16.0},{"not_picked":["LuminesStrike","ChargingUp"],"picked":"OrrerysSun","floor":18.0},{"not_picked":["DC","GalacticHalo","WitchOfGreed+1"],"picked":"SKIP","floor":19.0},{"not_picked":["FairyDestructionRay+1","PropBag"],"picked":"AsteroidBelt","floor":21.0},{"not_picked":["GravityBeat+1","NonDirectionalLaser","DC"],"picked":"SKIP","floor":23.0},{"not_picked":["NonDirectionalLaser","SatelliteIllusion","UnstableBomb"],"picked":"SKIP","floor":25.0},{"not_picked":["GalacticHalo+1","UnstableBomb","MysteriousBeam+1"],"picked":"SKIP","floor":28.0},{"not_picked":["DC","NonDirectionalLaser"],"picked":"Acceleration+1","floor":30},{"not_picked":["MilkyWay+1","SuperPerseids+1"],"picked":"LuminesStrike+1","floor":31},{"not_picked":["CasketOfStar","TreasureHunter"],"picked":"FinalSpark","floor":33},{"not_picked":["DoubleSpark+1","EarthLightRay+1"],"picked":"PulseMagic+1","floor":35},{"not_picked":["DC","GravityBeat+1","PropBag+1"],"picked":"SKIP","floor":37},{"not_picked":["SprinkleStarSeal+1","BlazeAway+1","WitchOfGreed"],"picked":"SKIP","floor":38},{"not_picked":["GalacticHalo+1","DC+1"],"picked":"MilkyWay+1","floor":40},{"not_picked":["UnstableBomb+1","MysteriousBeam+1","LuminesStrike+1"],"picked":"SKIP","floor":45},{"not_picked":["WitchLeyline","StarDustReverie+1","OpenUniverse+1"],"picked":"SKIP","floor":48}],"player_experience":118093,"relics_obtained":[{"floor":6.0,"key":"Tiny Chest"},{"floor":9.0,"key":"Bag of Marbles"},{"floor":11.0,"key":"MawBank"},{"floor":12.0,"key":"ShroomBag"},{"floor":21.0,"key":"Red Mask"},{"floor":22.0,"key":"AmplifyWand"},{"floor":23.0,"key":"Pantograph"},{"floor":25.0,"key":"Toxic Egg 2"},{"floor":40,"key":"InkBottle"},{"floor":43,"key":"Strawberry"},{"floor":44,"key":"Meat on the Bone"}],"event_choices":[{"damage_healed":0.0,"max_hp_gain":0.0,"max_hp_loss":0.0,"gold_gain":0.0,"event_name":"Shining Light","player_choice":"Entered Light","floor":10.0,"gold_loss":0.0,"damage_taken":16.0,"cards_upgraded":["SprinkleStarSeal","MysteriousBeam"]},{"damage_healed":0.0,"max_hp_gain":0.0,"max_hp_loss":0.0,"gold_gain":0.0,"event_name":"Dead Adventurer","player_choice":"Searched \u00272\u0027 times","floor":11.0,"gold_loss":0.0,"damage_taken":0.0},{"damage_healed":0.0,"max_hp_gain":0.0,"max_hp_loss":0.0,"gold_gain":0.0,"event_name":"Masked Bandits","player_choice":"Fought Bandits","floor":21.0,"gold_loss":0.0,"damage_taken":0.0},{"cards_removed":["OpenUniverse"],"damage_healed":0.0,"max_hp_gain":0.0,"max_hp_loss":0.0,"gold_gain":0.0,"event_name":"Purifier","player_choice":"Purged","floor":27.0,"gold_loss":0.0,"damage_taken":0.0},{"damage_healed":0,"gold_gain":0,"player_choice":"Memory 1","damage_taken":0,"max_hp_gain":0,"max_hp_loss":0,"event_name":"SensoryStone","floor":39,"gold_loss":0},{"damage_healed":22,"gold_gain":0,"player_choice":"Writhe","damage_taken":0,"max_hp_gain":0,"max_hp_loss":0,"event_name":"Winding Halls","floor":46,"gold_loss":0,"cards_obtained":["Writhe"]},{"damage_healed":0,"gold_gain":222,"player_choice":"Wore Mask","damage_taken":0,"max_hp_gain":0,"max_hp_loss":0,"event_name":"Tomb of Lord Red Mask","floor":47,"gold_loss":0}],"is_beta":false,"boss_relics":[{"not_picked":["Tiny House","Snecko Eye"],"picked":"Sozu"},{"not_picked":["Black Star","ExperimentalFamiliar"],"picked":"BewitchedHakkero"}],"items_purged_floors":[36,42],"is_endless":false,"potions_floor_spawned":[2,5,6,11,13,16,21,23,25,28,31,38,48],"ascension_level":0}}