{"host":"r6jigiblrojhp6xe","time":1612048249,"event":{"mods":["AchievementEnabler","BaseMod","DeckTracker","Hermit","Minty Spire (QoL Compilation)","Quick Restart","Rare Cards Sparkle","Relic Stats","StSLib","SuperFastMode","everything is the same but u backflip on backflip"],"gold_per_floor":[115,115,115,40,57,87,87,120,197,229,229,248,323,348,348,434,434,454,498,522,378,428,428,428,428,498,498,32,32,55,83,83,164,164,183,205,427,427,438,438,475,177,177,177,205,215,250,250,250,250,250,250,250,21,21,21],"floor_reached":55,"language":"KOR","playtime":1753,"items_purged":["Strike_B","Strike_B","Defend_B"],"score":1907,"play_id":"1d05b27e-cbcd-42bb-8625-422781411b02","local_time":"20210131081049","is_ascension_mode":true,"campfire_choices":[{"data":"Sunder","floor":7.0,"key":"SMITH"},{"data":"White Noise","floor":11.0,"key":"SMITH"},{"floor":15.0,"key":"REST"},{"data":"Coolheaded","floor":23.0,"key":"SMITH"},{"data":"Turbo","floor":25.0,"key":"SMITH"},{"data":"Zap","floor":27.0,"key":"SMITH"},{"data":"Coolheaded","floor":32.0,"key":"SMITH"},{"data":"Blizzard","floor":40,"key":"SMITH"},{"data":"Seek","floor":49,"key":"SMITH"},{"data":"Coolheaded","floor":53,"key":"SMITH"}],"circlet_count":0,"master_deck":["AscendersBane","Strike_B+1","Defend_B+1","Zap+1","Dualcast","Sunder+1","Ball Lightning","Turbo+1","White Noise+1","Ball Lightning","Echo Form+1","Glacier","Coolheaded+1","Compile Driver","Defragment+1","Defragment+1","Hologram+1","Coolheaded+1","Reboot","Coolheaded+1","Self Repair+1","Blizzard+1","Double Energy","Cold Snap","Seek+1","BootSequence","Cold Snap","Skim+1"],"relics":["FrozenCore","NeowsBlessing","Blood Vial","Orichalcum","Frozen Egg 2","CeramicFish","Coffee Dripper","Red Mask","Pantograph","Orrery","MealTicket","Runic Capacitor","Symbiotic Virus","Anchor"],"acts_visited":["Exordium","TheCity","TheBeyond","TheEnding"],"potions_floor_usage":[39,45,45,51],"damage_taken":[{"damage":0.0,"enemies":"2 Louse","floor":1.0,"turns":1.0},{"damage":0.0,"enemies":"Small Slimes","floor":5.0,"turns":1.0},{"damage":0.0,"enemies":"Lagavulin","floor":6.0,"turns":1.0},{"damage":8.0,"enemies":"Gremlin Nob","floor":8.0,"turns":3.0},{"damage":28.0,"enemies":"Lagavulin","floor":10.0,"turns":6.0},{"damage":6.0,"enemies":"Jaw Worm","floor":12.0,"turns":3.0},{"damage":0.0,"enemies":"Large Slime","floor":14.0,"turns":3.0},{"damage":12.0,"enemies":"Slime Boss","floor":16.0,"turns":7.0},{"damage":28.0,"enemies":"2 Thieves","floor":18.0,"turns":4.0},{"damage":27.0,"enemies":"Masked Bandits","floor":19.0,"turns":4.0},{"damage":17.0,"enemies":"Shell Parasite","floor":20.0,"turns":3.0},{"damage":6.0,"enemies":"Chosen and Byrds","floor":30.0,"turns":4.0},{"damage":0.0,"enemies":"Sentry and Sphere","floor":31.0,"turns":4.0},{"damage":5.0,"enemies":"Champ","floor":33.0,"turns":10.0},{"damage":8.0,"enemies":"Orb Walker","floor":35.0,"turns":3.0},{"damage":0.0,"enemies":"3 Darklings","floor":36.0,"turns":8.0},{"damage":9,"enemies":"Writhing Mass","floor":39,"turns":8},{"damage":3,"enemies":"Giant Head","floor":41,"turns":9},{"damage":0,"enemies":"Jaw Worm Horde","floor":45,"turns":2},{"damage":31,"enemies":"Sphere and 2 Shapes","floor":46,"turns":5},{"damage":19,"enemies":"Reptomancer","floor":47,"turns":7},{"damage":50,"enemies":"Awakened One","floor":50,"turns":13},{"damage":24,"enemies":"Time Eater","floor":51,"turns":15},{"damage":83,"enemies":"Shield and Spear","floor":55,"turns":5}],"seed_played":"-4267822282737819756","potions_obtained":[{"floor":5.0,"key":"DistilledChaos"},{"floor":6.0,"key":"BlessingOfTheForge"},{"floor":14.0,"key":"FairyPotion"},{"floor":35.0,"key":"Block Potion"},{"floor":39,"key":"EntropicBrew"},{"floor":47,"key":"PotionOfCapacity"}],"is_trial":false,"path_per_floor":["M","?","?","?","M","E","R","E","T","E","R","M","?","M","R","B",null,"M","?","M","$","?","R","?","R","T","R","$","?","M","M","R","B",null,"M","M","?","?","M","R","E","$","T","?","M","M","E","?","R","B","B",null,"R","$","E"],"character_chosen":"DEFECT","items_purchased":["Defragment+1","Defragment+1","Orrery","Blizzard","Fruit Juice","Runic Capacitor","Anchor","SkillPotion"],"campfire_rested":1,"item_purchase_floors":[21,28,28,28,28,42,54,54],"current_hp_per_floor":[64,43,48,48,48,48,48,42,42,16,16,12,1,3,25,15,61,35,10,22,22,22,22,22,22,22,22,22,22,28,30,30,62,73,76,76,76,76,81,81,78,81,81,77,77,56,49,49,49,26,39,68,68,77,0,0],"gold":21,"neow_bonus":"THREE_ENEMY_KILL","is_daily":false,"chose_seed":false,"campfire_upgraded":9,"win_rate":0.0,"timestamp":1612048249,"path_taken":["M","?","?","?","M","E","R","E","T","E","R","M","?","M","R","BOSS","M","?","M","$","?","R","?","R","T","R","$","?","M","M","R","BOSS","M","M","?","?","M","R","E","$","T","?","M","?","E","?","R","BOSS","BOSS","R","$","E"],"items_purchased_type":["Card","Card","Relic","Card","Potion","Relic","Relic","Potion"],"build_version":"2020-12-22","purchased_purges":3,"victory":false,"max_hp_per_floor":[71,71,76,76,76,76,76,76,76,76,76,76,76,76,76,76,76,76,76,76,76,76,76,76,76,76,76,76,76,76,76,76,76,76,76,76,76,76,81,81,81,81,81,77,77,77,77,77,77,77,77,77,77,77,77,77],"relic_stats":{"Blood Vial":30,"counters":[24,129],"CeramicFish":171,"Pantograph":75,"MealTicket":12,"Orichalcum":[222],"obtain_stats":[{"NeowsBlessing":0,"CeramicFish":10,"Runic Capacitor":42,"Orichalcum":8,"Frozen Egg 2":9,"FrozenCore":34,"Blood Vial":6,"Anchor":54,"Pantograph":26,"Orrery":28,"MealTicket":41,"Coffee Dripper":17,"Red Mask":19,"Cracked Core":0,"Symbiotic Virus":47},{"NeowsBlessing":0,"CeramicFish":5,"Runic Capacitor":18,"Orichalcum":4,"Frozen Egg 2":4,"FrozenCore":14,"Blood Vial":3,"Anchor":23,"Pantograph":11,"Orrery":11,"MealTicket":18,"Coffee Dripper":8,"Red Mask":10,"Cracked Core":0,"Symbiotic Virus":21},{"NeowsBlessing":0,"CeramicFish":12,"Runic Capacitor":82,"Orichalcum":6,"Frozen Egg 2":6,"FrozenCore":54,"Blood Vial":3,"Anchor":124,"Pantograph":36,"Orrery":36,"MealTicket":82,"Coffee Dripper":25,"Red Mask":33,"Cracked Core":0,"Symbiotic Virus":96}],"FrozenCore":[13]},"card_choices":[{"not_picked":["Gash","Steam"],"picked":"Sunder","floor":1.0},{"not_picked":["Leap","Go for the Eyes"],"picked":"Ball Lightning","floor":5.0},{"not_picked":["Streamline","Redo"],"picked":"Turbo","floor":6.0},{"not_picked":["Hologram","Lockon"],"picked":"White Noise","floor":8.0},{"not_picked":["Steam","Hyperbeam","Recycle"],"picked":"SKIP","floor":10.0},{"not_picked":["Redo","Aggregate","Turbo"],"picked":"SKIP","floor":12.0},{"not_picked":["Redo","Streamline"],"picked":"Ball Lightning","floor":14.0},{"not_picked":["Amplify","Multi-Cast"],"picked":"Echo Form+1","floor":16.0},{"not_picked":["Ball Lightning","Compile Driver"],"picked":"Glacier","floor":18.0},{"not_picked":["Go for the Eyes","All For One"],"picked":"Coolheaded","floor":19.0},{"not_picked":["Ball Lightning","Turbo"],"picked":"Compile Driver","floor":20.0},{"not_picked":["Force Field","Steam+1"],"picked":"Hologram+1","floor":28.0},{"not_picked":["Streamline","Redo"],"picked":"Coolheaded","floor":28.0},{"not_picked":["Compile Driver","Redo+1"],"picked":"Reboot","floor":28.0},{"not_picked":["Redo","Rebound"],"picked":"Coolheaded","floor":28.0},{"not_picked":["Streamline","Rainbow"],"picked":"Self Repair+1","floor":28.0},{"not_picked":["Barrage","Compile Driver"],"picked":"Double Energy","floor":30.0},{"not_picked":["Hello World+1","Turbo"],"picked":"Cold Snap","floor":31.0},{"not_picked":["Machine Learning+1","Multi-Cast"],"picked":"Seek","floor":33.0},{"not_picked":["Steam","Stack+1","Lockon"],"picked":"SKIP","floor":35.0},{"not_picked":["Conserve Battery+1","Lockon"],"picked":"BootSequence","floor":36.0},{"not_picked":["Redo+1","Tempest","FTL"],"picked":"SKIP","floor":39},{"not_picked":["Leap","Rip and Tear+1"],"picked":"Cold Snap","floor":41},{"not_picked":["Go for the Eyes","Leap"],"picked":"Skim+1","floor":45},{"not_picked":["Ball Lightning+1","Streamline","Scrape+1"],"picked":"SKIP","floor":46},{"not_picked":["Beam Cell","Scrape","Hello World+1"],"picked":"SKIP","floor":47}],"player_experience":601090,"relics_obtained":[{"floor":6.0,"key":"Blood Vial"},{"floor":8.0,"key":"Orichalcum"},{"floor":9.0,"key":"Frozen Egg 2"},{"floor":10.0,"key":"CeramicFish"},{"floor":19.0,"key":"Red Mask"},{"floor":26.0,"key":"Pantograph"},{"floor":41,"key":"MealTicket"},{"floor":47,"key":"Symbiotic Virus"}],"event_choices":[{"damage_healed":0.0,"max_hp_gain":0.0,"max_hp_loss":0.0,"gold_gain":0.0,"event_name":"Shining Light","player_choice":"Entered Light","floor":2.0,"gold_loss":0.0,"damage_taken":21.0,"cards_upgraded":["Strike_B","Defend_B"]},{"damage_healed":0.0,"max_hp_gain":5.0,"max_hp_loss":0.0,"gold_gain":0.0,"event_name":"Big Fish","player_choice":"Donut","floor":3.0,"gold_loss":0.0,"damage_taken":0.0},{"cards_removed":["Strike_B"],"damage_healed":0.0,"max_hp_gain":0.0,"max_hp_loss":0.0,"gold_gain":0.0,"event_name":"The Cleric","player_choice":"Card Removal","floor":4.0,"gold_loss":75.0,"damage_taken":0.0},{"damage_healed":0.0,"max_hp_gain":0.0,"max_hp_loss":0.0,"gold_gain":75.0,"event_name":"World of Goop","player_choice":"Gather Gold","floor":13.0,"gold_loss":0.0,"damage_taken":11.0},{"damage_healed":0.0,"max_hp_gain":0.0,"max_hp_loss":0.0,"gold_gain":0.0,"event_name":"Masked Bandits","player_choice":"Fought Bandits","floor":19.0,"gold_loss":0.0,"damage_taken":0.0},{"damage_healed":0.0,"max_hp_gain":0.0,"max_hp_loss":0.0,"gold_gain":50.0,"event_name":"Nest","player_choice":"Stole From Cult","floor":22.0,"gold_loss":0.0,"damage_taken":0.0},{"damage_healed":0.0,"max_hp_gain":0.0,"max_hp_loss":0.0,"gold_gain":0.0,"event_name":"Cursed Tome","player_choice":"Ignored","floor":24.0,"gold_loss":0.0,"damage_taken":0.0},{"cards_removed":["Defend_B"],"damage_healed":0.0,"max_hp_gain":0.0,"max_hp_loss":0.0,"gold_gain":0.0,"event_name":"Back to Basics","player_choice":"Elegance","floor":29.0,"gold_loss":0.0,"damage_taken":0.0},{"damage_healed":0.0,"max_hp_gain":0.0,"max_hp_loss":0.0,"gold_gain":222.0,"event_name":"Tomb of Lord Red Mask","player_choice":"Wore Mask","floor":37.0,"gold_loss":0.0,"damage_taken":0.0},{"cards_removed":["Defend_B"],"damage_healed":0.0,"max_hp_gain":0.0,"max_hp_loss":0.0,"gold_gain":0.0,"event_name":"Falling","player_choice":"Removed Skill","floor":38.0,"gold_loss":0.0,"damage_taken":0.0},{"damage_healed":0,"gold_gain":0,"player_choice":"Max HP","damage_taken":0,"max_hp_gain":0,"max_hp_loss":4,"event_name":"Winding Halls","floor":44,"gold_loss":0},{"damage_healed":0,"gold_gain":0,"player_choice":"Memory 1","damage_taken":0,"max_hp_gain":0,"max_hp_loss":0,"event_name":"SensoryStone","floor":48,"gold_loss":0}],"is_beta":false,"boss_relics":[{"not_picked":["Pandora\u0027s Box","Nuclear Battery"],"picked":"Coffee Dripper"},{"not_picked":["Velvet Choker","Tiny House"],"picked":"FrozenCore"}],"items_purged_floors":[21,28,42],"is_endless":false,"potions_floor_spawned":[5,6,14,16,18,19,30,33,35,39,41,47],"killed_by":"Shield and Spear","ascension_level":20}}