{"host":"tiwza2kisyyrpq7h","time":1612021330,"event":{"mods":["BaseMod","BetterRewards","Colored Powertips","Minty Spire (QoL Compilation)","Quick Restart","Rare Cards Sparkle","StSLib","SuperFastMode","The Servant 0.9.4","óô»ðÖ¸ÄÏ"],"gold_per_floor":[114,64,84,84,99,99,114,146,173,189,364,393,409,24,24,108,108,86,110,129,129,14,14,14,14],"floor_reached":24,"language":"ZHS","playtime":729,"items_purged":["Strike_B","Defend_B"],"score":354,"play_id":"b5580bde-37e7-46cf-8b41-791dbef3df2d","local_time":"20210130234210","is_ascension_mode":true,"campfire_choices":[{"data":"Sunder","floor":6.0,"key":"SMITH"},{"data":"Capacitor","floor":15.0,"key":"SMITH"},{"data":"Rainbow","floor":23,"key":"SMITH"}],"circlet_count":0,"master_deck":["AscendersBane","Strike_B+1","Defend_B","Defend_B","Defend_B","Zap","Dualcast","Sunder+1","Conserve Battery","Fusion","Leap","Capacitor","Undo","Thunder Strike+1","Hello World","Coolheaded","Capacitor+1","Rainbow+1","White Noise","Hello World","Auto Shields","Ball Lightning"],"relics":["Cracked Core","Toy Ornithopter","Omamori","Whetstone","ClockworkSouvenir","CeramicFish","Black Star"],"acts_visited":["TheCity"],"potions_floor_usage":[20,20],"damage_taken":[{"damage":12.0,"enemies":"Jaw Worm","floor":1.0,"turns":2.0},{"damage":0.0,"enemies":"Small Slimes","floor":3.0,"turns":3.0},{"damage":1.0,"enemies":"2 Louse","floor":5.0,"turns":3.0},{"damage":24.0,"enemies":"Gremlin Gang","floor":7.0,"turns":5.0},{"damage":6.0,"enemies":"Lagavulin","floor":8.0,"turns":7.0},{"damage":1.0,"enemies":"2 Fungi Beasts","floor":10.0,"turns":3.0},{"damage":18.0,"enemies":"Gremlin Nob","floor":12.0,"turns":5.0},{"damage":0.0,"enemies":"Red Slaver","floor":13.0,"turns":3.0},{"damage":10.0,"enemies":"The Guardian","floor":16.0,"turns":13.0},{"damage":35.0,"enemies":"2 Thieves","floor":18.0,"turns":5.0},{"damage":11.0,"enemies":"3 Byrds","floor":19.0,"turns":2.0},{"damage":14,"enemies":"Snecko","floor":20,"turns":5},{"damage":0,"enemies":"Book of Stabbing","floor":24,"turns":2}],"seed_played":"48094500329187335","potions_obtained":[{"floor":1.0,"key":"Dexterity Potion"},{"floor":3.0,"key":"LiquidBronze"},{"floor":10.0,"key":"PowerPotion"},{"floor":12.0,"key":"Ancient Potion"},{"floor":18.0,"key":"AttackPotion"}],"is_trial":false,"path_per_floor":["M","?","M","?","M","R","M","E","T","M","?","E","M","$","R","B",null,"M","M","M","?","$","R","E"],"character_chosen":"DEFECT","items_purchased":["Sunder","ClockworkSouvenir","Fruit Juice","CeramicFish","Ball Lightning"],"campfire_rested":0,"item_purchase_floors":[0,14,14,14,22],"current_hp_per_floor":[52,52,52,52,51,51,27,21,21,20,20,12,12,22,22,12,60,25,14,10,10,10,10,10,10],"gold":14,"neow_bonus":"","is_daily":false,"chose_seed":false,"campfire_upgraded":3,"win_rate":0.0,"timestamp":1612021330,"path_taken":["M","?","M","?","?","R","M","E","T","M","?","E","M","$","R","BOSS","M","M","M","?","$","R","E"],"items_purchased_type":["Card","Relic","Potion","Relic","Card"],"build_version":"2020-12-22","purchased_purges":2,"victory":false,"max_hp_per_floor":[71,71,71,71,71,71,71,71,71,71,71,71,71,76,76,76,76,76,76,76,76,76,76,76,76],"card_choices":[{"not_picked":["Blizzard","BootSequence"],"picked":"Conserve Battery","floor":1.0},{"not_picked":["Rebound","Gash"],"picked":"Fusion","floor":3.0},{"not_picked":["Leap","Static Discharge"],"picked":"Capacitor","floor":5.0},{"not_picked":["Compile Driver","Beam Cell"],"picked":"Undo","floor":7.0},{"not_picked":["Steam Power","Force Field"],"picked":"Thunder Strike","floor":8.0},{"not_picked":["Gash","Leap"],"picked":"Hello World","floor":10.0},{"not_picked":["Conserve Battery","Redo"],"picked":"Coolheaded","floor":12.0},{"not_picked":["Ball Lightning","Hello World"],"picked":"Capacitor","floor":13.0},{"not_picked":["Buffer","Multi-Cast"],"picked":"Rainbow","floor":16.0},{"not_picked":["Streamline","Sunder"],"picked":"White Noise","floor":18.0},{"not_picked":["Rebound","Consume"],"picked":"Hello World","floor":19.0},{"not_picked":["Steam","Undo"],"picked":"Auto Shields","floor":20}],"player_experience":964148,"relics_obtained":[{"floor":8.0,"key":"Toy Ornithopter"},{"floor":9.0,"key":"Omamori"},{"floor":12.0,"key":"Whetstone"}],"event_choices":[{"cards_removed":["Strike_B"],"damage_healed":0.0,"max_hp_gain":0.0,"max_hp_loss":0.0,"gold_gain":0.0,"event_name":"The Cleric","player_choice":"Card Removal","floor":2.0,"gold_loss":50.0,"damage_taken":0.0},{"damage_healed":0.0,"max_hp_gain":0.0,"max_hp_loss":0.0,"gold_gain":0.0,"cards_transformed":["Strike_B"],"event_name":"Living Wall","player_choice":"Change","floor":4.0,"gold_loss":0.0,"damage_taken":0.0,"cards_obtained":["Leap"]},{"damage_healed":0.0,"max_hp_gain":0.0,"max_hp_loss":0.0,"gold_gain":175.0,"event_name":"Liars Game","player_choice":"AGREE","floor":11.0,"gold_loss":0.0,"damage_taken":0.0,"cards_obtained":["Doubt"]},{"damage_healed":0,"gold_gain":0,"player_choice":"0 cards matched","damage_taken":0,"max_hp_gain":0,"max_hp_loss":0,"event_name":"Match and Keep!","floor":21,"gold_loss":0,"cards_obtained":[]}],"is_beta":false,"boss_relics":[{"not_picked":["Cursed Key","Runic Pyramid"],"picked":"Black Star"}],"items_purged_floors":[0,22],"is_endless":false,"potions_floor_spawned":[1,3,10,12,18],"killed_by":"Book of Stabbing","ascension_level":14}}