{"host":"f0gpob8hq9vgebej","time":1612009139,"event":{"mods":["AchievementEnabler","BaseMod","Minty Spire (QoL Compilation)","Quick Restart","SuperFastMode"],"gold_per_floor":[183,114,125,137,148,164,197,197,222,222,222,222,222,45,59,59,161,161,178,191,211,227,238,238,273,273,273,106,106,134,144,5,5,100,100,119,119,134,149,149,149,199,219,246,264,264,264,264],"floor_reached":46,"language":"KOR","playtime":1357,"items_purged":["Strike_B"],"score":719,"play_id":"822d84a3-34f8-4755-baba-4d202865dd0b","local_time":"20210130211859","is_ascension_mode":true,"campfire_choices":[{"data":"Zap","floor":7.0,"key":"SMITH"},{"floor":10.0,"key":"REST"},{"data":"Ball Lightning","floor":12.0,"key":"SMITH"},{"data":"Apotheosis","floor":15.0,"key":"SMITH"},{"floor":23.0,"key":"REST"},{"floor":28.0,"key":"REST"},{"floor":32.0,"key":"REST"},{"floor":40,"key":"REST"}],"circlet_count":0,"master_deck":["AscendersBane","Strike_B","Strike_B","Strike_B","Defend_B","Defend_B","Defend_B","Defend_B","Zap+1","Dualcast","Barrage","Ball Lightning+1","Coolheaded","Seek","Lockon","Sweeping Beam","Chill","Apotheosis+1","Streamline","Amplify","CurseOfTheBell","Conserve Battery+1","Auto Shields","Capacitor","Cold Snap","Storm","Ball Lightning","Storm","Thunder Strike","Echo Form","Chill","Steam Power"],"relics":["Cracked Core","Dream Catcher","Regal Pillow","Shuriken","Ginger","Calling Bell","PreservedInsect","HornCleat","FossilizedHelix","Pen Nib","Lizard Tail","Eternal Feather","Juzu Bracelet","Nuclear Battery","Unceasing Top","MealTicket"],"acts_visited":["Exordium","TheCity","TheBeyond"],"potions_floor_usage":[38,41,42,46],"damage_taken":[{"damage":1.0,"enemies":"Cultist","floor":1.0,"turns":4.0},{"damage":2.0,"enemies":"Jaw Worm","floor":2.0,"turns":3.0},{"damage":0.0,"enemies":"Small Slimes","floor":3.0,"turns":2.0},{"damage":25.0,"enemies":"Gremlin Gang","floor":4.0,"turns":4.0},{"damage":3.0,"enemies":"Blue Slaver","floor":5.0,"turns":3.0},{"damage":20.0,"enemies":"Gremlin Nob","floor":6.0,"turns":3.0},{"damage":4.0,"enemies":"Looter","floor":14.0,"turns":2.0},{"damage":12.0,"enemies":"Hexaghost","floor":16.0,"turns":8.0},{"damage":29.0,"enemies":"Shell Parasite","floor":18.0,"turns":6.0},{"damage":15.0,"enemies":"2 Thieves","floor":19.0,"turns":4.0},{"damage":7.0,"enemies":"Centurion and Healer","floor":20.0,"turns":7.0},{"damage":8.0,"enemies":"Snake Plant","floor":21.0,"turns":4.0},{"damage":10.0,"enemies":"Sentry and Sphere","floor":22.0,"turns":7.0},{"damage":14.0,"enemies":"Slavers","floor":24.0,"turns":5.0},{"damage":25.0,"enemies":"Book of Stabbing","floor":29.0,"turns":5.0},{"damage":13.0,"enemies":"Chosen and Byrds","floor":30.0,"turns":7.0},{"damage":56.0,"enemies":"Collector","floor":33.0,"turns":10.0},{"damage":37,"enemies":"3 Darklings","floor":35,"turns":6},{"damage":0,"enemies":"Orb Walker","floor":37,"turns":5},{"damage":8,"enemies":"Maw","floor":38,"turns":7},{"damage":0,"enemies":"Mind Bloom Boss Battle","floor":41,"turns":7},{"damage":47,"enemies":"4 Shapes","floor":42,"turns":5},{"damage":93,"enemies":"Transient","floor":44,"turns":5},{"damage":11,"enemies":"Jaw Worm Horde","floor":46,"turns":2}],"seed_played":"-5031381285845554396","potions_obtained":[{"floor":3.0,"key":"DistilledChaos"},{"floor":4.0,"key":"GamblersBrew"},{"floor":19.0,"key":"CultistPotion"},{"floor":21.0,"key":"Block Potion"},{"floor":22.0,"key":"PowerPotion"},{"floor":24.0,"key":"SteroidPotion"},{"floor":29.0,"key":"Strength Potion"},{"floor":37,"key":"DistilledChaos"},{"floor":42,"key":"Fruit Juice"},{"floor":44,"key":"Fire Potion"}],"is_trial":false,"path_per_floor":["M","M","M","M","M","E","R","T","T","R","T","R","$","M","R","B",null,"M","M","M","M","M","R","E","T","T","$","R","E","M","$","R","B",null,"M","?","M","M","?","R","?","M","T","M","?","M"],"character_chosen":"DEFECT","items_purchased":["Apotheosis","Storm","Ball Lightning","Thunder Strike"],"campfire_rested":5,"item_purchase_floors":[13,27,27,31],"current_hp_per_floor":[13,74,72,72,47,44,24,24,24,24,63,63,63,63,59,59,47,73,44,29,22,14,4,43,29,29,29,29,82,57,44,44,82,26,68,31,31,31,23,23,80,80,38,38,7,7,0,0],"gold":264,"neow_bonus":"TEN_PERCENT_HP_BONUS","is_daily":false,"chose_seed":false,"campfire_upgraded":3,"win_rate":0.0,"timestamp":1612009139,"path_taken":["M","M","M","M","M","E","R","?","T","R","?","R","$","M","R","BOSS","M","M","M","M","M","R","E","?","T","?","R","E","M","$","R","BOSS","M","?","M","M","?","R","?","M","T","M","?","M"],"items_purchased_type":["Card","Card","Card","Card"],"build_version":"2020-12-22","purchased_purges":1,"victory":false,"max_hp_per_floor":[75,82,82,82,82,82,82,82,82,82,82,82,82,82,82,82,82,82,82,82,82,82,82,82,82,82,82,82,82,82,82,82,82,82,82,82,82,82,82,82,82,82,87,87,87,87,87,87],"card_choices":[{"not_picked":["Sunder","Steam"],"picked":"Barrage","floor":1.0},{"not_picked":["Barrage","Sunder"],"picked":"Ball Lightning","floor":2.0},{"not_picked":["Darkness","Stack"],"picked":"Coolheaded","floor":3.0},{"not_picked":["Heatsinks","Redo"],"picked":"Seek","floor":4.0},{"not_picked":["Gash","Compile Driver"],"picked":"Lockon","floor":5.0},{"not_picked":["Go for the Eyes","Compile Driver"],"picked":"Sweeping Beam","floor":6.0},{"not_picked":["Tempest","Stack"],"picked":"Chill","floor":10.0},{"not_picked":["Compile Driver","Genetic Algorithm"],"picked":"Streamline","floor":14.0},{"not_picked":["Meteor Strike","Multi-Cast"],"picked":"Amplify","floor":16.0},{"not_picked":["Aggregate","Streamline","Barrage"],"picked":"SKIP","floor":18.0},{"not_picked":["Stack","Redo","Darkness"],"picked":"SKIP","floor":19.0},{"not_picked":["Stack","Redo","Darkness"],"picked":"SKIP","floor":19.0},{"not_picked":["Steam","Static Discharge"],"picked":"Conserve Battery+1","floor":20.0},{"not_picked":["Hologram","Gash"],"picked":"Auto Shields","floor":21.0},{"not_picked":["Gash","Rip and Tear"],"picked":"Capacitor","floor":22.0},{"not_picked":["Rebound","Compile Driver"],"picked":"Cold Snap","floor":23.0},{"not_picked":["Compile Driver+1","Go for the Eyes+1","Hologram"],"picked":"SKIP","floor":24.0},{"not_picked":["Go for the Eyes","Gash","Compile Driver"],"picked":"SKIP","floor":29.0},{"not_picked":["Steam","Leap"],"picked":"Storm","floor":30.0},{"not_picked":["Seek","Biased Cognition"],"picked":"Echo Form","floor":33.0},{"not_picked":["Hologram+1","Leap","Streamline+1"],"picked":"SKIP","floor":35},{"not_picked":["Leap+1","Rebound+1"],"picked":"Steam Power","floor":37},{"not_picked":["Undo+1","Ball Lightning+1","Scrape+1"],"picked":"SKIP","floor":38},{"not_picked":["Coolheaded","Go for the Eyes","Gash"],"picked":"SKIP","floor":42},{"not_picked":["Leap","Coolheaded","Stack"],"picked":"SKIP","floor":44}],"player_experience":291098,"relics_obtained":[{"floor":6.0,"key":"Dream Catcher"},{"floor":8.0,"key":"Regal Pillow"},{"floor":9.0,"key":"Shuriken"},{"floor":11.0,"key":"Ginger"},{"floor":17.0,"key":"PreservedInsect"},{"floor":17.0,"key":"HornCleat"},{"floor":17.0,"key":"FossilizedHelix"},{"floor":24.0,"key":"Pen Nib"},{"floor":25.0,"key":"Lizard Tail"},{"floor":26.0,"key":"Eternal Feather"},{"floor":29.0,"key":"Juzu Bracelet"},{"floor":41,"key":"Unceasing Top"},{"floor":43,"key":"MealTicket"}],"event_choices":[{"damage_healed":0,"gold_gain":0,"player_choice":"Copied","damage_taken":0,"max_hp_gain":0,"max_hp_loss":0,"event_name":"Duplicator","floor":36,"gold_loss":0,"cards_obtained":["Chill"]},{"damage_healed":0,"gold_gain":0,"player_choice":"Ignored","damage_taken":0,"max_hp_gain":0,"max_hp_loss":0,"event_name":"The Moai Head","floor":39,"gold_loss":0},{"damage_healed":0,"gold_gain":0,"player_choice":"Fight","damage_taken":0,"max_hp_gain":0,"max_hp_loss":0,"event_name":"MindBloom","floor":41,"gold_loss":0},{"damage_healed":0,"gold_gain":0,"player_choice":"Ignored","damage_taken":0,"max_hp_gain":0,"max_hp_loss":0,"event_name":"Tomb of Lord Red Mask","floor":45,"gold_loss":0}],"is_beta":false,"boss_relics":[{"not_picked":["Black Star","Coffee Dripper"],"picked":"Calling Bell"},{"not_picked":["Velvet Choker","SacredBark"],"picked":"Nuclear Battery"}],"items_purged_floors":[27],"is_endless":false,"potions_floor_spawned":[3,4,19,21,22,24,29,37,42,44],"killed_by":"Jaw Worm Horde","ascension_level":11}}