{"host":"vrsxkkch9ccrec7k","time":1612028634,"event":{"mods":["Act Like it!","BaseMod","Bestiary","Better Altar","Better Match","Better Note","Better Sensory Stone","Better Skull","Better Third Choice","Better Vampires","Downfall","Minty Spire (QoL Compilation)","Permanent Neow","Relic Stats","Spicy Shops","StSLib"],"gold_per_floor":[99,117,131,131,131,149,149,163,163,2,2,22,22,51,69,69,69,69],"floor_reached":16,"language":"ENG","playtime":1073,"items_purged":[],"score":153,"play_id":"6bec0e54-23dd-4be3-8d9f-09614c72e108","local_time":"20210130124354","is_ascension_mode":true,"campfire_choices":[{"data":"bronze:Replicate","floor":1,"key":"SMITH"},{"data":"bronze:Goto","floor":9,"key":"SMITH"},{"data":"bronze:BronzeArmor","floor":11,"key":"SMITH"},{"floor":13,"key":"REST"}],"circlet_count":0,"master_deck":["AscendersBane","bronze:Strike","bronze:Strike","bronze:Strike","bronze:Strike","bronze:Defend","bronze:Defend","bronze:Defend","bronze:Defend","bronze:Replicate+1","bronze:Goto+1","bronze:AlphaBuild","bronze:WhirlingStrike","bronze:DelayedSlice","bronze:FineTuning","bronze:Frontload","bronze:BronzeArmor+1","bronze:FindAndReplace","bronze:CloningBeam"],"relics":["bronze:BronzeCore","downfall:ShatteredFragment","NlothsMask","ClockworkSouvenir","Anchor"],"acts_visited":["Exordium"],"potions_floor_usage":[12,14,16],"damage_taken":[{"damage":7,"enemies":"2 Louse","floor":2,"turns":3},{"damage":0,"enemies":"Cultist","floor":3,"turns":2},{"damage":2,"enemies":"Jaw Worm","floor":6,"turns":2},{"damage":9,"enemies":"Exordium Thugs","floor":8,"turns":3},{"damage":2,"enemies":"downfall:FleeingMerchant","floor":10,"turns":4},{"damage":0,"enemies":"2 Fungi Beasts","floor":12,"turns":1},{"damage":25,"enemies":"Lagavulin","floor":14,"turns":7},{"damage":0,"enemies":"Large Slime","floor":15,"turns":3},{"damage":31,"enemies":"WA_ARCHETYPE_RETAIN","floor":16,"turns":13}],"seed_played":"1410812338193954434","potions_obtained":[{"floor":3,"key":"Guardian:BlockOnCardUsePotion"},{"floor":8,"key":"PowerPotion"},{"floor":12,"key":"ColorlessPotion"},{"floor":14,"key":"Ancient Potion"}],"is_trial":false,"path_per_floor":["R","M","M","?","?","M","T","M","R","$","R","M","R","E","M","B"],"character_chosen":"THE_AUTOMATON","items_purchased":["ClockworkSouvenir"],"campfire_rested":1,"item_purchase_floors":[10],"current_hp_per_floor":[63,56,56,35,35,33,33,24,24,22,22,22,40,15,15,0,0,0],"gold":69,"neow_bonus":"THREE_RARE_CARDS","is_daily":false,"chose_seed":false,"campfire_upgraded":3,"win_rate":0.0,"timestamp":1612028634,"path_taken":["R","M","M","?","?","?","T","?","R","?","R","M","R","E","M","BOSS"],"items_purchased_type":["Relic"],"build_version":"2020-12-22","purchased_purges":0,"victory":false,"max_hp_per_floor":[63,63,63,63,63,63,63,63,63,63,63,63,63,63,63,63,63,63],"relic_stats":{"counters":[9,38],"obtain_stats":[{"Anchor":14,"bronze:BronzeCore":0,"downfall:ShatteredFragment":4,"NlothsMask":5,"ClockworkSouvenir":10},{"Anchor":7,"bronze:BronzeCore":0,"downfall:ShatteredFragment":2,"NlothsMask":2,"ClockworkSouvenir":5},{"Anchor":22,"bronze:BronzeCore":0,"downfall:ShatteredFragment":5,"NlothsMask":5,"ClockworkSouvenir":14}]},"card_choices":[{"not_picked":["bronze:RecursiveStrike","bronze:Assembly"],"picked":"bronze:AlphaBuild","floor":0},{"not_picked":["bronze:Deprecate","bronze:WildBeam"],"picked":"bronze:WhirlingStrike","floor":2},{"not_picked":["bronze:InfiniteBeams","bronze:OilSpill"],"picked":"bronze:DelayedSlice","floor":3},{"not_picked":["bronze:BuggyMess","bronze:Constructor"],"picked":"bronze:FineTuning","floor":6},{"not_picked":["bronze:Constructor","bronze:ChildClass"],"picked":"bronze:Frontload","floor":8},{"not_picked":["bronze:Repulsor","bronze:FineTuning"],"picked":"bronze:BronzeArmor","floor":10},{"not_picked":["bronze:OilSpill","bronze:GetLatest","bronze:Separator"],"picked":"SKIP","floor":12},{"not_picked":["bronze:Invalidate","bronze:Shell"],"picked":"bronze:FindAndReplace","floor":14},{"not_picked":["bronze:Turbo","bronze:Invalidate"],"picked":"bronze:CloningBeam","floor":15}],"player_experience":1833474,"relics_obtained":[{"floor":14,"key":"Anchor"}],"event_choices":[{"damage_healed":0,"gold_gain":0,"player_choice":"Trade","damage_taken":0,"relics_obtained":["NlothsMask"],"max_hp_gain":0,"max_hp_loss":0,"event_name":"FaceTrader","floor":5,"gold_loss":0}],"is_beta":false,"boss_relics":[],"items_purged_floors":[],"is_endless":false,"potions_floor_spawned":[3,8,12,14],"killed_by":"WA_ARCHETYPE_RETAIN","ascension_level":10}}