{"host":"ev1lr8i7g3zmocd6","time":1612027763,"event":{"mods":["AchievementEnabler","BaseMod","Better Note","BetterRewards","Minty Spire (QoL Compilation)","Permanent Neow","Quick Restart","Relic Stats","StSLib","SuperFastMode"],"gold_per_floor":[133,133,164,339,350,350,381,381,381,413,113,113,151,151,151],"floor_reached":14,"language":"KOR","playtime":355,"items_purged":["Strike_R"],"score":103,"play_id":"11152eef-ad9a-4e3e-9caf-463622e13b8b","local_time":"20210131022923","is_ascension_mode":true,"campfire_choices":[{"data":"HandOfGreed","floor":6,"key":"SMITH"},{"floor":8,"key":"REST"}],"circlet_count":0,"master_deck":["Strike_R","Strike_R","Strike_R","Strike_R","Defend_R","Defend_R","Defend_R","Defend_R","Bash","HandOfGreed+1","Rampage","Body Slam","Sentinel","Doubt","Wild Strike","Seeing Red","Body Slam","Dark Embrace+1","Parasite","Power Through"],"relics":["Burning Blood","MealTicket","Frozen Egg 2","OrangePellets","Prayer Wheel","Eternal Feather","Blood Vial","Lantern"],"acts_visited":["Exordium"],"potions_floor_usage":[10],"damage_taken":[{"damage":5,"enemies":"Jaw Worm","floor":1,"turns":4},{"damage":1,"enemies":"Cultist","floor":3,"turns":4},{"damage":8,"enemies":"Small Slimes","floor":5,"turns":4},{"damage":36,"enemies":"Lagavulin","floor":7,"turns":5},{"damage":40,"enemies":"3 Sentries","floor":10,"turns":9},{"damage":4,"enemies":"3 Louse","floor":13,"turns":3},{"damage":13,"enemies":"Lagavulin","floor":14,"turns":3}],"seed_played":"-575336763709509424","potions_obtained":[{"floor":3,"key":"Strength Potion"},{"floor":7,"key":"Weak Potion"},{"floor":10,"key":"SkillPotion"},{"floor":13,"key":"EssenceOfSteel"}],"is_trial":false,"path_per_floor":["M","?","M","?","M","R","E","R","T","E","$","?","M","E"],"character_chosen":"IRONCLAD","items_purchased":["MealTicket","Frozen Egg 2","HandOfGreed","OrangePellets","Lantern","Dark Embrace+1"],"campfire_rested":1,"item_purchase_floors":[0,0,0,0,11,11],"current_hp_per_floor":[45,45,50,50,48,48,18,42,42,8,23,43,47,36,36],"gold":151,"neow_bonus":"","is_daily":false,"chose_seed":false,"campfire_upgraded":1,"win_rate":0.0,"timestamp":1612027763,"path_taken":["M","?","?","?","M","R","E","R","T","E","$","?","M","E"],"items_purchased_type":["Relic","Relic","Card","Relic","Relic","Card"],"build_version":"2020-12-22","purchased_purges":1,"victory":false,"max_hp_per_floor":[80,80,80,80,80,80,80,80,80,80,80,80,80,80,80],"relic_stats":{"Blood Vial":4,"OrangePellets":[0],"counters":[7,32],"MealTicket":15,"Prayer Wheel":1,"Eternal Feather":0,"obtain_stats":[{"Blood Vial":10,"OrangePellets":0,"Lantern":11,"MealTicket":0,"Prayer Wheel":7,"Eternal Feather":9,"Frozen Egg 2":0,"Cursed Key":0,"Burning Blood":0},{"Blood Vial":5,"OrangePellets":0,"Lantern":5,"MealTicket":0,"Prayer Wheel":4,"Eternal Feather":4,"Frozen Egg 2":0,"Cursed Key":0,"Burning Blood":0},{"Blood Vial":26,"OrangePellets":0,"Lantern":26,"MealTicket":0,"Prayer Wheel":17,"Eternal Feather":17,"Frozen Egg 2":0,"Cursed Key":0,"Burning Blood":0}],"Burning Blood":36},"card_choices":[{"not_picked":["Perfected Strike","Warcry"],"picked":"Rampage","floor":1},{"not_picked":["Twin Strike","Heavy Blade"],"picked":"Sentinel","floor":3},{"not_picked":["Disarm","Combust+1"],"picked":"Wild Strike","floor":5},{"not_picked":["Warcry","Thunderclap"],"picked":"Seeing Red","floor":7},{"not_picked":["Pommel Strike","Immolate"],"picked":"Body Slam","floor":10},{"not_picked":["Headbutt","Hemokinesis"],"picked":"Power Through","floor":13},{"not_picked":["Flex","Dark Embrace+1","Warcry"],"picked":"SKIP","floor":13}],"player_experience":140246,"relics_obtained":[{"floor":7,"key":"Prayer Wheel"},{"floor":9,"key":"Eternal Feather"},{"floor":10,"key":"Blood Vial"}],"event_choices":[{"damage_healed":0,"gold_gain":0,"player_choice":"1 cards matched","damage_taken":0,"max_hp_gain":0,"max_hp_loss":0,"event_name":"Match and Keep!","floor":2,"gold_loss":0,"cards_obtained":["Body Slam"]},{"damage_healed":0,"gold_gain":175,"player_choice":"AGREE","damage_taken":0,"max_hp_gain":0,"max_hp_loss":0,"event_name":"Liars Game","floor":4,"gold_loss":0,"cards_obtained":["Doubt"]},{"damage_healed":20,"gold_gain":0,"player_choice":"Healed and dodged fight","damage_taken":0,"max_hp_gain":0,"max_hp_loss":0,"event_name":"Mushrooms","floor":12,"gold_loss":0,"cards_obtained":["Parasite"]}],"is_beta":false,"boss_relics":[],"items_purged_floors":[11],"is_endless":false,"potions_floor_spawned":[3,7,10,13],"killed_by":"Lagavulin","ascension_level":1}}