{"host":"xm0tf1maiknh0fp9","time":1612030644,"event":{"mods":["BaseMod","Colored Map","Colored Powertips","Googly Eyes","Minty Spire (QoL Compilation)","Replay The Spire","StSLib"],"gold_per_floor":[362,362,287,301,301,333,333,367,367,379,379,411,425,168,168,263,263,274,274,199,50,77,77,108,108,108,139,83,93,93,106,106,211,211,222,85,85,104,63,63,153,153,153,178,178,400,418,428,428,428],"floor_reached":51,"language":"ENG","playtime":3002,"items_purged":["Vigilance","Strike_P","Survivor"],"score":1030,"play_id":"1568960d-b75a-48a3-84c1-c395b16524cb","local_time":"20210130131724","is_ascension_mode":true,"campfire_choices":[{"floor":7.0,"key":"REST"},{"data":"JustLucky","floor":11.0,"key":"SMITH"},{"floor":15.0,"key":"REST"},{"floor":23.0,"key":"REST"},{"data":"Replay:Hum","floor":25.0,"key":"SMITH"},{"data":"Adaptation","floor":32.0,"key":"SMITH"},{"data":"Vault","floor":40.0,"key":"SMITH"},{"floor":42.0,"key":"REST"},{"floor":45.0,"key":"REST"},{"floor":49.0,"key":"REST"}],"circlet_count":0,"master_deck":["Defend_P+1","Eruption+1","Vigilance+1","LikeWater+1","JustLucky+1","FlurryOfBlows+1","Vault+1","InnerPeace+1","DeceiveReality+1","FearNoEvil+1","Replay:Hum+1","Adaptation+1","MentalFortress","Vault+1","Replay:ManipulateFuture","Adaptation+1","FlurryOfBlows","JustLucky+1","EmptyFist+1"],"relics":["HolyWater","ReplayTheSpireMod:Shallot","ReplayTheSpireMod:Ninjato","Toy Ornithopter","Dream Catcher","HandDrill","Astrolabe","Gremlin Food","Red Mask","The Courier","Pantograph","CaptainsWheel","Akabeko","Shovel","Nunchaku"],"acts_visited":["Exordium","TheCity","TheBeyond"],"potions_floor_usage":[50],"damage_taken":[{"damage":3.0,"enemies":"Jaw Worm","floor":1.0,"turns":5.0},{"damage":0.0,"enemies":"Small Slimes","floor":4.0,"turns":2.0},{"damage":32.0,"enemies":"Lagavulin","floor":6.0,"turns":3.0},{"damage":13.0,"enemies":"3 Sentries","floor":8.0,"turns":18.0},{"damage":0.0,"enemies":"2 Louse","floor":10.0,"turns":2.0},{"damage":23.0,"enemies":"Gremlin Nob","floor":12.0,"turns":3.0},{"damage":0.0,"enemies":"Looter","floor":13.0,"turns":3.0},{"damage":0.0,"enemies":"Hexaghost","floor":16.0,"turns":8.0},{"damage":0.0,"enemies":"3 Byrds","floor":18.0,"turns":3.0},{"damage":2.0,"enemies":"Masked Bandits","floor":22.0,"turns":5.0},{"damage":0.0,"enemies":"Gremlin Leader","floor":24.0,"turns":5.0},{"damage":0.0,"enemies":"Book of Stabbing","floor":27.0,"turns":3.0},{"damage":0.0,"enemies":"Shell Parasite","floor":29.0,"turns":4.0},{"damage":0.0,"enemies":"Snake Plant","floor":31.0,"turns":4.0},{"damage":12.0,"enemies":"Collector","floor":33.0,"turns":9.0},{"damage":0.0,"enemies":"Orb Walker","floor":35.0,"turns":3.0},{"damage":1.0,"enemies":"3 Shapes","floor":38.0,"turns":6.0},{"damage":30.0,"enemies":"Nemesis","floor":44.0,"turns":5.0},{"damage":0.0,"enemies":"Maw","floor":47.0,"turns":4.0},{"damage":9.0,"enemies":"3 Darklings","floor":48.0,"turns":4.0},{"damage":0,"enemies":"Awakened One","floor":50,"turns":3}],"seed_played":"5593281735656993563","potions_obtained":[{"floor":4.0,"key":"FearPotion"},{"floor":8.0,"key":"CultistPotion"},{"floor":10.0,"key":"Fruit Juice"},{"floor":16.0,"key":"Milkshake"},{"floor":22.0,"key":"SpeedPotion"},{"floor":29.0,"key":"Adrenaline Potion"},{"floor":38.0,"key":"BottledMiracle"}],"is_trial":false,"path_per_floor":["M","?","$","M","?","E","R","E","T","M","R","E","M","$","R","B",null,"M","?","?","$","?","R","E","R","T","E","$","M","?","M","R","B",null,"M","$","?","M","$","R","?","R","T","E","R","?","M","M","R","B",null],"character_chosen":"WATCHER","items_purchased":["HandDrill","Gremlin Food","Adaptation","Replay:ManipulateFuture","FlurryOfBlows"],"campfire_rested":6,"item_purchase_floors":[14,21,28,36,39],"current_hp_per_floor":[69,69,69,69,55,23,44,31,31,41,41,18,18,18,41,46,77,77,63,63,63,61,82,82,82,82,82,82,82,82,82,82,70,82,82,82,82,81,81,81,49,73,73,43,67,67,67,58,82,82],"gold":428,"neow_bonus":"TWO_FIFTY_GOLD","is_daily":false,"chose_seed":false,"campfire_upgraded":4,"win_rate":0.0,"timestamp":1612030644,"path_taken":["M","?","$","M","?","E","R","E","T","?","R","E","M","$","R","BOSS","M","?","?","$","?","R","E","R","T","E","?","?","?","M","R","BOSS","M","$","?","?","$","R","?","R","T","E","R","?","M","M","R","BOSS"],"items_purchased_type":["Relic","Relic","Card","Card","Card"],"build_version":"2020-12-22","purchased_purges":3,"victory":true,"max_hp_per_floor":[72,72,72,72,72,72,72,72,72,77,77,77,77,77,77,77,77,77,82,82,82,82,82,82,82,82,82,82,82,82,82,82,82,82,82,82,82,82,82,82,82,82,82,82,82,82,82,82,82,82],"card_choices":[{"not_picked":["SashWhip","Collect","MentalFortress"],"picked":"SKIP","floor":1.0},{"not_picked":["Consecrate","Tantrum","Crescendo"],"picked":"SKIP","floor":4.0},{"not_picked":["Adaptation","FlurryOfBlows","Perseverance"],"picked":"SKIP","floor":6.0},{"not_picked":["ClearTheMind","WheelKick"],"picked":"JustLucky","floor":8.0},{"not_picked":["Replay:Vibes","Replay:Anticipation"],"picked":"FlurryOfBlows","floor":10.0},{"not_picked":["Crescendo","Protect","FlyingSleeves"],"picked":"SKIP","floor":12.0},{"not_picked":["EmptyBody","Replay:Battleflow","Study"],"picked":"SKIP","floor":13.0},{"not_picked":["Wish","Replay:AllIn"],"picked":"Vault","floor":16.0},{"not_picked":["MentalFortress","EmptyBody"],"picked":"Replay:Hum","floor":18.0},{"not_picked":["BowlingBash","EmptyBody","Swivel"],"picked":"SKIP","floor":24.0},{"not_picked":["BowlingBash+1","Crescendo","InnerPeace"],"picked":"SKIP","floor":27.0},{"not_picked":["JustLucky+1","EmptyBody"],"picked":"MentalFortress","floor":29.0},{"not_picked":["CutThroughFate","SashWhip+1","ThirdEye"],"picked":"SKIP","floor":31.0},{"not_picked":["Wish","Scrawl"],"picked":"Vault","floor":33.0},{"not_picked":["Replay:AtTheReady","ThirdEye","FollowUp"],"picked":"SKIP","floor":35.0},{"not_picked":["EmptyBody","FearNoEvil","Consecrate"],"picked":"SKIP","floor":38.0},{"not_picked":["Replay:Hum+1","CrushJoints"],"picked":"JustLucky+1","floor":41.0},{"not_picked":["FearNoEvil","BowlingBash+1","Wireheading"],"picked":"SKIP","floor":44.0},{"not_picked":["Replay:ManipulateFuture","FlurryOfBlows"],"picked":"EmptyFist","floor":45.0},{"not_picked":["Replay:ManipulateFuture","InnerPeace+1","Crescendo+1"],"picked":"SKIP","floor":47.0},{"not_picked":["Conclude","JustLucky","Study"],"picked":"SKIP","floor":48.0}],"player_experience":158902,"relics_obtained":[{"floor":6.0,"key":"ReplayTheSpireMod:Shallot"},{"floor":8.0,"key":"ReplayTheSpireMod:Ninjato"},{"floor":9.0,"key":"Toy Ornithopter"},{"floor":12.0,"key":"Dream Catcher"},{"floor":22.0,"key":"Red Mask"},{"floor":24.0,"key":"The Courier"},{"floor":26.0,"key":"Pantograph"},{"floor":27.0,"key":"CaptainsWheel"},{"floor":41.0,"key":"Akabeko"},{"floor":43.0,"key":"Shovel"},{"floor":44.0,"key":"Nunchaku"}],"event_choices":[{"damage_healed":0.0,"max_hp_gain":0.0,"max_hp_loss":0.0,"gold_gain":0.0,"event_name":"Shining Light","player_choice":"Entered Light","floor":5.0,"gold_loss":0.0,"damage_taken":14.0,"cards_upgraded":["Eruption","Defend_P"]},{"damage_healed":0.0,"max_hp_gain":5.0,"max_hp_loss":0.0,"gold_gain":0.0,"event_name":"Forgotten Altar","player_choice":"Shed Blood","floor":19.0,"gold_loss":0.0,"damage_taken":19.0},{"cards_removed":["Defend_P"],"damage_healed":0.0,"max_hp_gain":0.0,"max_hp_loss":0.0,"gold_gain":0.0,"event_name":"Beggar","player_choice":"Gave Gold","floor":20.0,"gold_loss":75.0,"damage_taken":0.0},{"damage_healed":0.0,"max_hp_gain":0.0,"max_hp_loss":0.0,"gold_gain":0.0,"event_name":"Masked Bandits","player_choice":"Fought Bandits","floor":22.0,"gold_loss":0.0,"damage_taken":0.0},{"cards_removed":["Defend_P"],"damage_healed":0.0,"max_hp_gain":0.0,"max_hp_loss":0.0,"gold_gain":0.0,"event_name":"Back to Basics","player_choice":"Elegance","floor":30.0,"gold_loss":0.0,"damage_taken":0.0},{"damage_healed":0.0,"max_hp_gain":0.0,"max_hp_loss":0.0,"gold_gain":0.0,"event_name":"Duplicator","player_choice":"Copied","floor":37.0,"gold_loss":0.0,"damage_taken":0.0,"cards_obtained":["Adaptation"]},{"damage_healed":0.0,"max_hp_gain":0.0,"max_hp_loss":0.0,"gold_gain":222.0,"event_name":"Tomb of Lord Red Mask","player_choice":"Wore Mask","floor":46.0,"gold_loss":0.0,"damage_taken":0.0}],"is_beta":false,"boss_relics":[{"not_picked":["Calling Bell","ChewingGum"],"picked":"Astrolabe"},{"not_picked":["Runic Dome","Black Star"],"picked":"HolyWater"}],"items_purged_floors":[3,14,36],"is_endless":false,"potions_floor_spawned":[4,8,10,16,22,29,38,44],"ascension_level":3}}