{"host":"j3zzt5y7g79qwjgw","time":1612017891,"event":{"mods":["BaseMod","Downfall","Minty Spire (QoL Compilation)","StSLib"],"gold_per_floor":[0,62,62,237,237,137,162,162,187,213,242,286,286,328,353,465,465,465,488,505,514,153,196,249,294,335,357,157,157,157,183,206,206,206,206],"floor_reached":33,"language":"ENG","playtime":1833,"items_purged":["Doubt"],"score":343,"play_id":"0f68ee02-98c9-489a-bb6d-aadec85113a4","local_time":"20210130201451","is_ascension_mode":false,"campfire_choices":[{"floor":1,"key":"RECALL"},{"data":"bronze:Goto","floor":6,"key":"SMITH"},{"data":"bronze:Philosophize","floor":8,"key":"SMITH"},{"data":"bronze:FineTuning","floor":13,"key":"SMITH"},{"data":"bronze:Assembly","floor":18,"key":"SMITH"},{"data":"bronze:Mutator","floor":28,"key":"SMITH"},{"data":"bronze:BugBarrage","floor":30,"key":"SMITH"}],"circlet_count":0,"master_deck":["bronze:Defend","bronze:Defend","bronze:Defend","bronze:Defend","bronze:Goto+1","bronze:AlphaBuild","bronze:BitShift","bronze:Philosophize+1","bronze:FineTuning+1","bronze:Iterate","bronze:DelayedGuard","bronze:OilSpill","bronze:BronzeArmor","bronze:BurnOut","bronze:Assembly+1","bronze:Flail","Slimebound:CheckThePlaybook","bronze:DelayedSlice+1","bronze:BugBarrage+1","bronze:Mutator+1","Bite","Bite","Bite","Bite","Bite","bronze:Repair","bronze:BuggyMess","bronze:DelayedSlice+1","bronze:BugBarrage"],"relics":["bronze:BronzeCore","CaptainsWheel","Bottled Flame","bronze:SilverBullet","downfall:HeartBlessingRed","CeramicFish","Bag of Preparation","Dream Catcher","Philosopher\u0027s Stone","Boot","Happy Flower","Toy Ornithopter","downfall:HeartBlessingGreen","downfall:HeartBlessingBlue"],"acts_visited":["Exordium","TheCity"],"potions_floor_usage":[12,16,22,27,33],"damage_taken":[{"damage":26,"enemies":"3 Sentries","floor":2,"turns":11},{"damage":1,"enemies":"Jaw Worm","floor":9,"turns":3},{"damage":0,"enemies":"2 Louse","floor":10,"turns":1},{"damage":0,"enemies":"Small Slimes","floor":11,"turns":1},{"damage":9,"enemies":"Lagavulin","floor":12,"turns":4},{"damage":0,"enemies":"Gremlin Nob","floor":14,"turns":3},{"damage":0,"enemies":"Exordium Thugs","floor":15,"turns":3},{"damage":25,"enemies":"IC_STATUS_ARCHETYPE","floor":16,"turns":7},{"damage":7,"enemies":"Shell Parasite","floor":19,"turns":4},{"damage":0,"enemies":"Spheric Guardian","floor":20,"turns":2},{"damage":16,"enemies":"downfall:FleeingMerchant","floor":22,"turns":4},{"damage":65,"enemies":"Gremlin Leader","floor":23,"turns":5},{"damage":3,"enemies":"Slavers","floor":26,"turns":4},{"damage":7,"enemies":"Cultist and Chosen","floor":27,"turns":4},{"damage":18,"enemies":"Centurion and Healer","floor":31,"turns":2},{"damage":23,"enemies":"Snake Plant","floor":32,"turns":3},{"damage":46,"enemies":"WA_ARCHETYPE_CALM","floor":33,"turns":5}],"seed_played":"-815903566509769502","potions_obtained":[{"floor":10,"key":"FearPotion"},{"floor":11,"key":"Dexterity Potion"},{"floor":15,"key":"GamblersBrew"},{"floor":26,"key":"Fire Potion"},{"floor":27,"key":"champ:CounterPotion"},{"floor":32,"key":"GamblersBrew"}],"is_trial":false,"path_per_floor":["R","?","T","?","?","R","T","R","M","M","M","E","R","E","M","B",null,"R","M","M","?","$","E","T","?","E","M","R","?","R","M","M","B"],"character_chosen":"THE_AUTOMATON","items_purchased":["bronze:BugBarrage","FairyPotion","Boot"],"campfire_rested":0,"item_purchase_floors":[22,22,22],"current_hp_per_floor":[70,44,44,44,37,37,37,37,36,36,36,27,27,27,27,2,70,70,63,63,63,47,4,4,4,9,25,35,35,35,23,11,0,0,0],"gold":206,"neow_bonus":"TRANSFORM_TWO_CARDS","is_daily":false,"chose_seed":false,"campfire_upgraded":6,"win_rate":0.0,"timestamp":1612017891,"path_taken":["R","?","?","?","?","R","T","R","M","M","M","E","R","E","M","BOSS","R","M","M","?","$","E","T","?","E","M","R","?","R","M","M","BOSS"],"items_purchased_type":["Card","Potion","Relic"],"build_version":"2020-12-22","purchased_purges":1,"victory":false,"max_hp_per_floor":[70,70,70,70,70,70,70,70,70,70,70,70,70,70,70,70,70,70,70,70,63,63,63,63,44,44,44,54,54,54,54,54,54,54,54],"card_choices":[{"not_picked":["bronze:BitShift","bronze:DigitalCarnage"],"picked":"bronze:Philosophize","floor":2},{"not_picked":["bronze:WhirlingStrike","bronze:Flail"],"picked":"bronze:FineTuning","floor":9},{"not_picked":["bronze:Shield","bronze:BuggyMess"],"picked":"bronze:Iterate","floor":10},{"not_picked":["bronze:Branch","bronze:Frontload"],"picked":"bronze:DelayedGuard","floor":11},{"not_picked":["bronze:DelayedGuard","bronze:GetLatest"],"picked":"bronze:OilSpill","floor":12},{"not_picked":["bronze:Boost","bronze:Backtrace"],"picked":"bronze:BronzeArmor","floor":14},{"not_picked":["bronze:ClassDefault","bronze:DelayedGuard"],"picked":"bronze:BurnOut","floor":15},{"not_picked":["bronze:ShipIt","bronze:FindAndReplace"],"picked":"bronze:Assembly","floor":16},{"not_picked":["bronze:Optimize","bronze:BitShift"],"picked":"bronze:Flail","floor":19},{"not_picked":["bronze:WhirlingStrike","bronze:CloningBeam","bronze:Repulsor"],"picked":"SKIP","floor":20},{"not_picked":["bronze:GetLatest+1","bronze:Deprecate"],"picked":"bronze:DelayedSlice+1","floor":22},{"not_picked":["bronze:BugBarrage","bronze:ItsAFeature"],"picked":"bronze:Mutator","floor":23},{"not_picked":["bronze:Repulsor","bronze:Boost"],"picked":"bronze:Repair","floor":26},{"not_picked":["bronze:Flail","bronze:WildBeam"],"picked":"bronze:BuggyMess","floor":27},{"not_picked":["bronze:BitShift","bronze:Overload"],"picked":"bronze:DelayedSlice+1","floor":31},{"not_picked":["bronze:DelayedGuard","bronze:BitShift+1"],"picked":"bronze:BugBarrage","floor":32}],"player_experience":302371,"relics_obtained":[{"floor":2,"key":"CaptainsWheel"},{"floor":3,"key":"Bottled Flame"},{"floor":7,"key":"CeramicFish"},{"floor":12,"key":"Bag of Preparation"},{"floor":14,"key":"Dream Catcher"},{"floor":23,"key":"Happy Flower"},{"floor":26,"key":"Toy Ornithopter"}],"event_choices":[{"damage_healed":0,"gold_gain":0,"player_choice":"Success","damage_taken":7,"relics_obtained":["bronze:SilverBullet"],"max_hp_gain":0,"max_hp_loss":0,"event_name":"Scrap Ooze","floor":5,"gold_loss":0},{"damage_healed":0,"gold_gain":0,"player_choice":"Became a vampire","damage_taken":0,"max_hp_gain":0,"max_hp_loss":19,"event_name":"Vampires","floor":25,"gold_loss":0,"cards_obtained":["Bite","Bite","Bite","Bite","Bite"]}],"is_beta":false,"boss_relics":[{"not_picked":["bronze:PlatinumCore","Black Star"],"picked":"Philosopher\u0027s Stone"}],"items_purged_floors":[22],"is_endless":false,"potions_floor_spawned":[10,11,15,26,27,32],"killed_by":"WA_ARCHETYPE_CALM","ascension_level":0}}