{"host":"d52brwsy6af8zvaq","time":1612029214,"event":{"mods":["AchievementEnabler","BaseMod","Bestiary","Highlight Path","Minty Spire (QoL Compilation)","Quick Restart","Relic Stats","ojb\u0027s Better Paths Mod"],"gold_per_floor":[210,225,39,54,54,54,54],"floor_reached":6,"language":"ENG","playtime":335,"items_purged":["Strike_G"],"score":72,"play_id":"4be6a1f3-0357-4aec-9ecc-4c45786dea3b","local_time":"20210130105334","is_ascension_mode":true,"campfire_choices":[],"circlet_count":0,"master_deck":["AscendersBane","Strike_G","Strike_G","Strike_G","Strike_G","Defend_G","Defend_G","Defend_G","Defend_G","Defend_G","Survivor","Neutralize","Blade Dance","Underhanded Strike","Noxious Fumes","Bane"],"relics":["Ring of the Snake","Sundial"],"acts_visited":["Exordium"],"potions_floor_usage":[6],"damage_taken":[{"damage":0,"enemies":"2 Louse","floor":1,"turns":3},{"damage":1,"enemies":"Cultist","floor":2,"turns":4},{"damage":1,"enemies":"Small Slimes","floor":4,"turns":4},{"damage":50,"enemies":"Gremlin Nob","floor":6,"turns":4}],"seed_played":"-2467725881558127451","potions_obtained":[{"floor":2,"key":"LiquidMemories"}],"is_trial":false,"path_per_floor":["M","M","$","M","?","E"],"character_chosen":"THE_SILENT","items_purchased":["Noxious Fumes","Bane"],"campfire_rested":0,"item_purchase_floors":[3,3],"current_hp_per_floor":[59,58,58,57,39,0,0],"gold":54,"neow_bonus":"HUNDRED_GOLD","is_daily":false,"chose_seed":false,"campfire_upgraded":0,"win_rate":0.0,"timestamp":1612029214,"path_taken":["M","M","$","M","?","E"],"items_purchased_type":["Card","Card"],"build_version":"2020-12-22","purchased_purges":1,"victory":false,"max_hp_per_floor":[66,66,66,66,66,66,66],"relic_stats":{"counters":[4,15],"Sundial":[0],"obtain_stats":[{"Sundial":5,"Ring of the Snake":0},{"Sundial":3,"Ring of the Snake":0},{"Sundial":11,"Ring of the Snake":0}],"Ring of the Snake":[8]},"card_choices":[{"not_picked":["Deflect","Well Laid Plans"],"picked":"Blade Dance","floor":1},{"not_picked":["Caltrops","Slice"],"picked":"Underhanded Strike","floor":2},{"not_picked":["Slice","Bane","Quick Slash"],"picked":"SKIP","floor":4}],"player_experience":2074241,"relics_obtained":[],"event_choices":[{"damage_healed":0,"gold_gain":0,"player_choice":"Success","damage_taken":18,"relics_obtained":["Sundial"],"max_hp_gain":0,"max_hp_loss":0,"event_name":"Scrap Ooze","floor":5,"gold_loss":0}],"is_beta":false,"boss_relics":[],"items_purged_floors":[3],"is_endless":false,"potions_floor_spawned":[2],"killed_by":"Gremlin Nob","ascension_level":20}}