{"host":"ysj15tgd1sneq0s0","time":1612013710,"event":{"mods":["AchievementEnabler","BaseMod","DeckTracker","Highlight Path","Minty Spire (QoL Compilation)","Permanent Neow","Quick Restart","StSLib","SuperFastMode","everything is the same but u backflip on backflip"],"gold_per_floor":[109,109,109,128,93,93,109,153,153,177,192,162,187,32,32,153,153,176,189,288,288,288],"floor_reached":21,"language":"KOR","playtime":889,"items_purged":[],"score":199,"play_id":"6b83b87d-4e49-41da-bcbb-dc908597b1e2","local_time":"20210130223510","is_ascension_mode":true,"campfire_choices":[{"floor":6,"key":"REST"},{"floor":15,"key":"REST"}],"circlet_count":0,"master_deck":["Strike_G","Strike_G+1","Strike_G","Strike_G","Strike_G","Defend_G","Defend_G","Defend_G","Defend_G","Defend_G+1","Survivor","Neutralize","Catalyst","Crippling Poison","Tools of the Trade","Deflect","Accuracy","Die Die Die","Glass Knife","Slice","Footwork"],"relics":["Ring of the Snake","Golden Idol","HornCleat","Vajra","WristBlade"],"acts_visited":["Exordium","TheCity"],"potions_floor_usage":[8,11,16,16,19],"damage_taken":[{"damage":9,"enemies":"Small Slimes","floor":1,"turns":4},{"damage":7,"enemies":"2 Louse","floor":4,"turns":3},{"damage":1,"enemies":"Jaw Worm","floor":7,"turns":3},{"damage":21,"enemies":"Gremlin Nob","floor":8,"turns":6},{"damage":0,"enemies":"2 Fungi Beasts","floor":10,"turns":3},{"damage":13,"enemies":"Gremlin Gang","floor":11,"turns":3},{"damage":8,"enemies":"3 Louse","floor":13,"turns":2},{"damage":27,"enemies":"Hexaghost","floor":16,"turns":12},{"damage":21,"enemies":"Shell Parasite","floor":18,"turns":8},{"damage":16,"enemies":"3 Byrds","floor":19,"turns":5},{"damage":44,"enemies":"Sentry and Sphere","floor":21,"turns":7}],"seed_played":"9005905703219022637","potions_obtained":[{"floor":4,"key":"GhostInAJar"},{"floor":8,"key":"CunningPotion"},{"floor":11,"key":"Strength Potion"},{"floor":12,"key":"SmokeBomb"},{"floor":12,"key":"LiquidBronze"},{"floor":13,"key":"Fire Potion"},{"floor":18,"key":"ColorlessPotion"}],"is_trial":false,"path_per_floor":["M","?","?","M","?","R","M","E","T","M","M","?","M","$","R","B",null,"M","M","?","M"],"character_chosen":"THE_SILENT","items_purchased":["Die Die Die"],"campfire_rested":2,"item_purchase_floors":[14],"current_hp_per_floor":[68,53,34,27,46,69,68,47,47,47,34,34,26,26,49,22,77,56,40,40,0,0],"gold":288,"neow_bonus":"TEN_PERCENT_HP_BONUS","is_daily":false,"chose_seed":false,"campfire_upgraded":0,"win_rate":0.0,"timestamp":1612013710,"path_taken":["M","?","?","M","?","R","?","E","T","M","M","?","?","$","R","BOSS","M","M","?","M"],"items_purchased_type":["Card"],"build_version":"2020-12-22","purchased_purges":0,"victory":false,"max_hp_per_floor":[77,77,77,77,77,77,77,77,77,77,77,77,77,77,77,77,77,77,77,77,77,77],"card_choices":[{"not_picked":["Backflip","Dagger Throw"],"picked":"Catalyst","floor":1},{"not_picked":["Cloak And Dagger","Quick Slash"],"picked":"Crippling Poison","floor":4},{"not_picked":["Distraction","All Out Attack","Acrobatics"],"picked":"SKIP","floor":7},{"not_picked":["Masterful Stab","Eviscerate","Backflip"],"picked":"SKIP","floor":8},{"not_picked":["Dagger Spray","Masterful Stab"],"picked":"Tools of the Trade","floor":10},{"not_picked":["Underhanded Strike","PiercingWail"],"picked":"Deflect","floor":11},{"not_picked":["Sucker Punch","Dagger Throw"],"picked":"Accuracy","floor":13},{"not_picked":["Bullet Time","Malaise"],"picked":"Glass Knife","floor":16},{"not_picked":["Acrobatics","Backflip"],"picked":"Slice","floor":18},{"not_picked":["Sucker Punch","Dash"],"picked":"Footwork","floor":19}],"player_experience":50686,"relics_obtained":[{"floor":8,"key":"HornCleat"},{"floor":9,"key":"Vajra"}],"event_choices":[{"damage_healed":0,"gold_gain":0,"player_choice":"Entered Light","damage_taken":15,"max_hp_gain":0,"max_hp_loss":0,"event_name":"Shining Light","floor":2,"gold_loss":0,"cards_upgraded":["Defend_G","Strike_G"]},{"damage_healed":0,"gold_gain":0,"player_choice":"Take Damage","damage_taken":19,"relics_obtained":["Golden Idol"],"max_hp_gain":0,"max_hp_loss":0,"event_name":"Golden Idol","floor":3,"gold_loss":0},{"damage_healed":19,"gold_gain":0,"player_choice":"Healed","damage_taken":0,"max_hp_gain":0,"max_hp_loss":0,"event_name":"The Cleric","floor":5,"gold_loss":35},{"damage_healed":0,"gold_gain":0,"player_choice":"Bought 2 Potions","damage_taken":0,"max_hp_gain":0,"max_hp_loss":0,"event_name":"The Woman in Blue","floor":12,"gold_loss":0},{"damage_healed":0,"gold_gain":99,"player_choice":"Stole From Cult","damage_taken":0,"max_hp_gain":0,"max_hp_loss":0,"event_name":"Nest","floor":20,"gold_loss":0}],"is_beta":false,"boss_relics":[{"not_picked":["Tiny House","Runic Pyramid"],"picked":"WristBlade"}],"items_purged_floors":[],"is_endless":false,"potions_floor_spawned":[4,8,11,13,18],"killed_by":"Sentry and Sphere","ascension_level":2}}