{"host":"6gnv7me3tk2udb7q","time":1612051100,"event":{"mods":["BaseMod","Bestiary","Colored Map","Minty Spire (QoL Compilation)"],"gold_per_floor":[419,121,121,132,132,132,152,181,208,56,56,56,56,72,72,72,72],"floor_reached":16,"language":"ENG","playtime":1030,"items_purged":["Defend_P"],"score":172,"play_id":"dbc693a6-78f0-49e2-89e5-9c9a668c27e9","local_time":"20210130185820","is_ascension_mode":true,"campfire_choices":[{"data":"Eruption","floor":6,"key":"SMITH"},{"floor":12,"key":"REST"},{"data":"Vigilance","floor":15,"key":"SMITH"}],"circlet_count":0,"master_deck":["AscendersBane","Strike_P","Strike_P","Strike_P","Strike_P+1","Defend_P","Defend_P","Defend_P","Eruption+1","Vigilance+1","Sanctity","Wallop","Wallop","ThirdEye","JustLucky","SpiritShield","SashWhip+1","Swivel","DevaForm"],"relics":["PureWater","Old Coin","PreservedInsect","Orrery","MealTicket"],"acts_visited":["Exordium"],"potions_floor_usage":[8],"damage_taken":[{"damage":3,"enemies":"2 Louse","floor":1,"turns":3},{"damage":0,"enemies":"Small Slimes","floor":4,"turns":5},{"damage":0,"enemies":"Jaw Worm","floor":7,"turns":2},{"damage":19,"enemies":"3 Sentries","floor":8,"turns":5},{"damage":6,"enemies":"Blue Slaver","floor":14,"turns":4},{"damage":64,"enemies":"The Guardian","floor":16,"turns":12}],"seed_played":"-5588017468750401084","potions_obtained":[{"floor":1,"key":"Dexterity Potion"},{"floor":7,"key":"ColorlessPotion"}],"is_trial":false,"path_per_floor":["M","$","?","M","?","R","M","E","T","$","?","R","$","M","R","B"],"character_chosen":"WATCHER","items_purchased":["PreservedInsect","Orrery","DevaForm"],"campfire_rested":1,"item_purchase_floors":[2,2,10],"current_hp_per_floor":[58,58,58,58,51,51,51,32,32,47,27,47,62,56,56,0,0],"gold":72,"neow_bonus":"ONE_RARE_RELIC","is_daily":false,"chose_seed":false,"campfire_upgraded":2,"win_rate":0.0,"timestamp":1612051100,"path_taken":["M","$","?","M","?","R","M","E","T","$","?","R","?","?","R","BOSS"],"items_purchased_type":["Relic","Relic","Card"],"build_version":"2020-12-22","purchased_purges":1,"victory":false,"max_hp_per_floor":[68,68,68,68,68,68,68,68,68,68,68,68,68,68,68,68,68],"card_choices":[{"not_picked":["Worship","ForeignInfluence"],"picked":"Sanctity","floor":1},{"not_picked":["Meditate","ReachHeaven"],"picked":"Wallop","floor":2},{"not_picked":["FlurryOfBlows","ClearTheMind"],"picked":"Wallop","floor":2},{"not_picked":["EmptyMind","InnerPeace"],"picked":"ThirdEye","floor":2},{"not_picked":["FlurryOfBlows","Protect"],"picked":"JustLucky","floor":2},{"not_picked":["PathToVictory","BowlingBash"],"picked":"SpiritShield","floor":2},{"not_picked":["Evaluate","Protect"],"picked":"SashWhip","floor":4},{"not_picked":["Halt","Protect"],"picked":"Swivel","floor":7},{"not_picked":["JustLucky","Evaluate","Pray"],"picked":"SKIP","floor":8},{"not_picked":["Prostrate","JustLucky","Establishment"],"picked":"SKIP","floor":14}],"player_experience":693858,"relics_obtained":[{"floor":8,"key":"MealTicket"}],"event_choices":[{"damage_healed":0,"gold_gain":0,"player_choice":"Ignored","damage_taken":0,"max_hp_gain":0,"max_hp_loss":0,"event_name":"Liars Game","floor":3,"gold_loss":0},{"cards_removed":["Writhe"],"damage_healed":0,"gold_gain":0,"player_choice":"Card Removal","damage_taken":7,"max_hp_gain":0,"max_hp_loss":0,"event_name":"Golden Wing","floor":5,"gold_loss":0},{"damage_healed":0,"gold_gain":0,"player_choice":"Entered Light","damage_taken":20,"max_hp_gain":0,"max_hp_loss":0,"event_name":"Shining Light","floor":11,"gold_loss":0,"cards_upgraded":["Strike_P","SashWhip"]}],"is_beta":false,"boss_relics":[],"items_purged_floors":[10],"is_endless":false,"potions_floor_spawned":[1,7],"killed_by":"The Guardian","ascension_level":15}}