{"host":"6xsbn6ynqlzwllfm","time":1612049128,"event":{"mods":["2.2 Compatiblity","BaseMod","Bestiary","Colored Map","Colored Powertips","Curses Come First","Highlight Path","Keyboard Shortcuts","Minty Spire (QoL Compilation)","Relic Stats","Slay the Relics Exporter","StSLib","SuperFastMode"],"gold_per_floor":[113,129,129,145,44,44,77,87,87,120,139,139,139],"floor_reached":12,"language":"ENG","playtime":375,"items_purged":["Strike_P"],"score":180,"play_id":"ad9cc923-4a44-4e19-86e1-6fcabfd6b7f3","local_time":"20210130182528","is_ascension_mode":true,"campfire_choices":[{"data":"Prostrate","floor":6.0,"key":"SMITH"}],"circlet_count":0,"master_deck":["AscendersBane","Strike_P","Strike_P","Strike_P","Defend_P+1","Defend_P+1","Defend_P","Defend_P","Eruption","Vigilance","WaveOfTheHand","Prostrate+1","EmptyFist","Wallop","Perseverance","Prostrate"],"relics":["Runic Pyramid","War Paint","Pantograph","Letter Opener"],"acts_visited":["Exordium"],"potions_floor_usage":[],"damage_taken":[{"damage":0.0,"enemies":"Jaw Worm","floor":1.0,"turns":3.0},{"damage":0.0,"enemies":"Cultist","floor":2.0,"turns":3.0},{"damage":0.0,"enemies":"Small Slimes","floor":4.0,"turns":2.0},{"damage":30.0,"enemies":"3 Sentries","floor":7.0,"turns":14.0},{"damage":0.0,"enemies":"Looter","floor":8.0,"turns":3.0},{"damage":28.0,"enemies":"Gremlin Nob","floor":10.0,"turns":4.0},{"damage":1,"enemies":"Exordium Wildlife","floor":11,"turns":3},{"damage":2,"enemies":"3 Sentries","floor":12,"turns":1}],"seed_played":"-2651562831168756420","potions_obtained":[{"floor":2.0,"key":"Explosive Potion"},{"floor":3.0,"key":"Regen Potion"},{"floor":3.0,"key":"DistilledChaos"},{"floor":7.0,"key":"SteroidPotion"}],"is_trial":false,"path_per_floor":["M","M","?","M","$","R","E","M","T","E","M","E"],"character_chosen":"WATCHER","items_purchased":["EmptyFist"],"campfire_rested":0,"item_purchase_floors":[5],"current_hp_per_floor":[61,61,61,61,61,61,31,31,31,3,2,0,0],"gold":139,"neow_bonus":"BOSS_RELIC","is_daily":false,"chose_seed":false,"campfire_upgraded":1,"win_rate":0.0,"timestamp":1612049128,"path_taken":["M","M","?","?","$","R","E","M","T","E","M","E"],"items_purchased_type":["Card"],"build_version":"2020-12-22","purchased_purges":1,"victory":false,"max_hp_per_floor":[68,68,68,68,68,68,68,68,68,68,68,68,68],"relic_stats":{"counters":[8,33],"Pantograph":0,"Letter Opener":[0],"War Paint":["Defend_P","Defend_P"],"obtain_stats":[{"Pantograph":9,"Letter Opener":10,"PureWater":0,"War Paint":7,"Runic Pyramid":0},{"Pantograph":5,"Letter Opener":6,"PureWater":0,"War Paint":4,"Runic Pyramid":0},{"Pantograph":25,"Letter Opener":29,"PureWater":0,"War Paint":22,"Runic Pyramid":0}]},"card_choices":[{"not_picked":["Protect","WindmillStrike"],"picked":"WaveOfTheHand","floor":1.0},{"not_picked":["PathToVictory","FlurryOfBlows"],"picked":"Prostrate","floor":4.0},{"not_picked":["Meditate","Protect"],"picked":"Wallop","floor":7.0},{"not_picked":["ThirdEye","Evaluate","Halt"],"picked":"SKIP","floor":8.0},{"not_picked":["ForeignInfluence","DevaForm"],"picked":"Perseverance","floor":10.0},{"not_picked":["WreathOfFlame","EmptyFist"],"picked":"Prostrate","floor":11}],"player_experience":1307981,"relics_obtained":[{"floor":7.0,"key":"War Paint"},{"floor":9.0,"key":"Pantograph"},{"floor":10.0,"key":"Letter Opener"}],"event_choices":[{"damage_healed":0.0,"max_hp_gain":0.0,"max_hp_loss":0.0,"gold_gain":0.0,"event_name":"Lab","player_choice":"Got Potions","floor":3.0,"gold_loss":0.0,"damage_taken":0.0}],"is_beta":false,"boss_relics":[],"items_purged_floors":[5],"is_endless":false,"potions_floor_spawned":[2,7],"killed_by":"3 Sentries","ascension_level":20}}