{"host":"yecadp3kwkksam5a","time":1612008130,"event":{"mods":["BaseMod","Minty Spire (QoL Compilation)","StSLib","SuperFastMode","The Cursed"],"gold_per_floor":[112,125,225,237,255,255,285,285,366,394,469,503,503,453,453,556,556,573,488,60,60,60],"floor_reached":21,"language":"KOR","playtime":785,"items_purged":[],"score":318,"play_id":"36e0949c-899b-4375-8473-6e95eafc5548","local_time":"20210130210210","is_ascension_mode":true,"campfire_choices":[{"data":"Eruption","floor":6,"key":"SMITH"},{"floor":8,"key":"DIG"},{"floor":15,"key":"DIG"}],"circlet_count":0,"master_deck":["AscendersBane","Strike_P","Strike_P","Strike_P","Defend_P","Defend_P","Defend_P","Defend_P","Eruption+1","Vigilance","Mayhem+1","Mayhem+1","Mayhem+1","Mayhem+1","Mayhem+1","Wallop","Vengeance","Wireheading","EmptyFist","Evaluate","Nirvana","ConjureBlade","Evaluate","MentalFortress","ThirdEye"],"relics":["PureWater","Bird Faced Urn","Shovel","Lantern","Happy Flower","Yang","Centennial Puzzle","Sozu","Bag of Preparation","TheAbacus","Damaru"],"acts_visited":["Exordium","TheCity"],"potions_floor_usage":[],"damage_taken":[{"damage":12.0,"enemies":"Small Slimes","floor":1.0,"turns":5.0},{"damage":0.0,"enemies":"Cultist","floor":2.0,"turns":4.0},{"damage":11.0,"enemies":"2 Louse","floor":4.0,"turns":3.0},{"damage":3.0,"enemies":"Exordium Wildlife","floor":5.0,"turns":4.0},{"damage":26,"enemies":"3 Sentries","floor":7,"turns":5},{"damage":22,"enemies":"Gremlin Nob","floor":10,"turns":4},{"damage":1,"enemies":"Lagavulin","floor":12,"turns":5},{"damage":30,"enemies":"The Guardian","floor":16,"turns":8},{"damage":6,"enemies":"Spheric Guardian","floor":18,"turns":3},{"damage":0,"enemies":"2 Thieves","floor":21,"turns":1}],"seed_played":"-6047496572613544126","potions_obtained":[{"floor":2.0,"key":"Energy Potion"},{"floor":5.0,"key":"Block Potion"},{"floor":10,"key":"BottledMiracle"}],"is_trial":false,"path_per_floor":["M","M","?","M","M","R","E","R","T","E","?","E","?","?","R","B",null,"M","?","$","M"],"character_chosen":"WATCHER","items_purchased":["MentalFortress","ThirdEye","TheAbacus","Damaru"],"campfire_rested":0,"item_purchase_floors":[20,20,20,20],"current_hp_per_floor":[68,78,78,72,79,79,56,56,56,42,31,44,49,49,49,33,71,75,75,75,75,75],"gold":60,"neow_bonus":"TEN_PERCENT_HP_BONUS","is_daily":false,"chose_seed":false,"campfire_upgraded":1,"win_rate":0.0,"timestamp":1612008130,"path_taken":["M","M","?","?","M","R","E","R","T","E","?","E","?","?","R","BOSS","M","?","$","M"],"items_purchased_type":["Card","Card","Relic","Relic"],"build_version":"2020-12-22","purchased_purges":0,"victory":false,"max_hp_per_floor":[79,79,79,79,79,79,79,79,79,79,79,79,84,84,84,84,84,84,84,84,84,84],"card_choices":[{"not_picked":["SashWhip","Swivel"],"picked":"Wallop","floor":1.0},{"not_picked":["FlyingSleeves","LikeWater"],"picked":"Vengeance","floor":2.0},{"not_picked":["FlyingSleeves","Consecrate"],"picked":"Wireheading","floor":4.0},{"not_picked":["Meditate","Crescendo"],"picked":"EmptyFist","floor":5.0},{"not_picked":["Blasphemy","Wallop"],"picked":"Evaluate","floor":7},{"not_picked":["Halt","Indignation"],"picked":"Nirvana","floor":10},{"not_picked":["CrushJoints","SashWhip","Perseverance"],"picked":"SKIP","floor":12},{"not_picked":["CrushJoints","SashWhip","Perseverance"],"picked":"SKIP","floor":12},{"not_picked":["Establishment","Omniscience"],"picked":"ConjureBlade","floor":16},{"not_picked":["CrushJoints","Vengeance"],"picked":"Evaluate","floor":18}],"player_experience":538123,"relics_obtained":[{"floor":7,"key":"Shovel"},{"floor":8,"key":"Lantern"},{"floor":10,"key":"Happy Flower"},{"floor":12,"key":"Yang"},{"floor":15,"key":"Centennial Puzzle"}],"event_choices":[{"damage_healed":0.0,"max_hp_gain":0.0,"max_hp_loss":0.0,"gold_gain":100.0,"event_name":"Golden Shrine","player_choice":"Pray","floor":3.0,"gold_loss":0.0,"damage_taken":0.0},{"damage_healed":0,"gold_gain":75,"player_choice":"Gather Gold","damage_taken":11,"max_hp_gain":0,"max_hp_loss":0,"event_name":"World of Goop","floor":11,"gold_loss":0},{"damage_healed":0,"gold_gain":0,"player_choice":"Donut","damage_taken":0,"max_hp_gain":5,"max_hp_loss":0,"event_name":"Big Fish","floor":13,"gold_loss":0},{"cards_removed":["Strike_P"],"damage_healed":0,"gold_gain":0,"player_choice":"Card Removal","damage_taken":0,"max_hp_gain":0,"max_hp_loss":0,"event_name":"The Cleric","floor":14,"gold_loss":50},{"damage_healed":0,"gold_gain":0,"player_choice":"Obtained Relic","damage_taken":0,"relics_obtained":["Bag of Preparation"],"max_hp_gain":0,"max_hp_loss":0,"event_name":"Addict","floor":19,"gold_loss":85}],"is_beta":false,"boss_relics":[{"not_picked":["Empty Cage","SacredBark"],"picked":"Sozu"}],"items_purged_floors":[],"is_endless":false,"potions_floor_spawned":[2,5,10,12],"killed_by":"2 Thieves","ascension_level":10}}