{"host":"75zx7uhsgygk98v8","time":1612015342,"event":{"mods":["BaseMod","Colored Map","Colored Powertips","Downfall","Googly Eyes","Highlight Path","Minty Spire (QoL Compilation)","StSLib"],"gold_per_floor":[99,114,129,21,21,33,33,59,73,88,98,35,35,135,152,152,152,152],"floor_reached":16,"language":"ENG","playtime":2096,"items_purged":[],"score":104,"play_id":"c3be7cd6-d867-47a7-82b9-1313d5d59ef0","local_time":"20210130080222","is_ascension_mode":false,"campfire_choices":[{"floor":1,"key":"RECALL"},{"data":"champ:GladiatorStyle","floor":13,"key":"SMITH"}],"circlet_count":0,"master_deck":["champ:Strike","champ:Strike","champ:Strike","champ:Strike","champ:Defend","champ:Defend","champ:Defend","champ:Defend","champ:Execute","champ:Taunt","champ:FanOfKnives","champ:ArenaPreparation","champ:ShieldWall","expansioncontent:AwakenDeath","champ:PreciseThrust","champ:DancingMaster","champ:GladiatorStyle+1","champ:FancyFootwork","champ:FancyFootwork","champ:PreciseThrust","champ:Backstep","champ:FalseCounter"],"relics":["champ:ChampionCrown","downfall:ShatteredFragment","Blood Vial","WristBlade"],"acts_visited":["Exordium"],"potions_floor_usage":[14,16],"damage_taken":[{"damage":11,"enemies":"Cultist","floor":2,"turns":4},{"damage":10,"enemies":"Small Slimes","floor":3,"turns":3},{"damage":40,"enemies":"downfall:FleeingMerchant","floor":4,"turns":4},{"damage":8,"enemies":"Jaw Worm","floor":6,"turns":3},{"damage":42,"enemies":"Gremlin Nob","floor":8,"turns":4},{"damage":1,"enemies":"3 Louse","floor":9,"turns":2},{"damage":6,"enemies":"Red Slaver","floor":10,"turns":4},{"damage":17,"enemies":"2 Fungi Beasts","floor":11,"turns":3},{"damage":35,"enemies":"downfall:FleeingMerchant","floor":12,"turns":4},{"damage":40,"enemies":"downfall:FleeingMerchant","floor":14,"turns":6},{"damage":23,"enemies":"3 Louse","floor":15,"turns":3},{"damage":58,"enemies":"WA_ARCHETYPE_RETAIN","floor":16,"turns":7}],"seed_played":"-5315398609782232902","potions_obtained":[{"floor":6,"key":"champ:TechniquePotion"},{"floor":10,"key":"Dexterity Potion"},{"floor":11,"key":"Fire Potion"},{"floor":14,"key":"BlessingOfTheForge"},{"floor":15,"key":"champ:OpenerPotion"}],"is_trial":false,"path_per_floor":["R","M","M","$","?","M","T","E","M","M","M","$","R","?","M","B"],"character_chosen":"THE_CHAMP","items_purchased":["expansioncontent:AwakenDeath","champ:PreciseThrust"],"campfire_rested":0,"item_purchase_floors":[4,12],"current_hp_per_floor":[99,98,98,98,71,68,68,46,47,48,43,35,35,31,25,0,0,0],"gold":152,"neow_bonus":"TEN_PERCENT_HP_BONUS","is_daily":false,"chose_seed":false,"campfire_upgraded":1,"win_rate":0.0,"timestamp":1612015342,"path_taken":["R","M","?","$","?","M","T","E","M","M","M","$","R","?","M","BOSS"],"items_purchased_type":["Card","Card"],"build_version":"2020-12-22","purchased_purges":0,"victory":false,"max_hp_per_floor":[99,99,99,99,99,99,99,99,99,99,99,99,99,99,99,99,99,99],"card_choices":[{"not_picked":["champ:Circumvent","champ:DefensiveShout"],"picked":"champ:FanOfKnives","floor":2},{"not_picked":["champ:Endure","champ:GutPunch"],"picked":"champ:ArenaPreparation","floor":3},{"not_picked":["champ:Encircle","champ:BladeFlurry"],"picked":"champ:ShieldWall","floor":4},{"not_picked":["champ:RecklessLeap","champ:TornadoPunch"],"picked":"champ:PreciseThrust","floor":6},{"not_picked":["champ:BladeFlurry","champ:Backstep"],"picked":"champ:DancingMaster","floor":8},{"not_picked":["champ:TornadoPunch","champ:DeathBlow"],"picked":"champ:GladiatorStyle","floor":9},{"not_picked":["champ:SetATrap","champ:CrownThrow"],"picked":"champ:FancyFootwork","floor":10},{"not_picked":["champ:PerfectedStrike","champ:PreciseThrust"],"picked":"champ:FancyFootwork","floor":11},{"not_picked":["champ:EnragedBash","champ:FanOfKnives","champ:TornadoPunch"],"picked":"SKIP","floor":12},{"not_picked":["champ:BladeFlurry","champ:DefensiveShout"],"picked":"champ:Backstep","floor":14},{"not_picked":["champ:PreemptiveStrike","champ:PerfectedStrike"],"picked":"champ:FalseCounter","floor":15}],"player_experience":1279835,"relics_obtained":[{"floor":8,"key":"Blood Vial"},{"floor":14,"key":"WristBlade"}],"event_choices":[],"is_beta":false,"boss_relics":[],"items_purged_floors":[],"is_endless":false,"potions_floor_spawned":[6,10,11,14,15],"killed_by":"WA_ARCHETYPE_RETAIN","ascension_level":0}}