{"host":"3fsg94jzvcky9b5u","time":1612017663,"event":{"mods":["2.2 Compatiblity","AchievementEnabler","BaseMod","Better Third Choice","Colored Powertips","Downfall","Hermit","MarisaÅiñ∂âJÅ@ñÇóùçπÅj","Minty Spire (QoL Compilation)","Rare Cards Sparkle","Shop Mod","StSLib","The Cursed","The Disciple","The Hierophant","The Servant 0.9.4"],"gold_per_floor":[99,11200,9840,9851,8760,8778,8778,8791,8802,8802,8602,8631,8631,8657,8669,8768,8768,8768,8786,8800,7828,7838,7838,7838,7866,7300,7326,7226,7226,7226,7076,7096,7192,7192,7192,7206,7223,6287,5954,5954,5954,5984,6000,6054,5012,4862,4887,4899,4915,4915,4915,4942,4178,4178,4178,4178],"floor_reached":57,"language":"ENG","playtime":5043,"items_purged":["bronze:Defend","bronze:Strike","bronze:Strike","bronze:Defend","bronze:Strike","downfall:Bewildered"],"score":1467,"play_id":"ae5c21ae-5c5f-4b13-9a6a-3d684ffbed09","local_time":"20210130224103","is_ascension_mode":false,"campfire_choices":[{"floor":1,"key":"RECALL"},{"data":"bronze:Turbo","floor":11,"key":"SMITH"},{"data":"bronze:FindAndReplace","floor":18,"key":"SMITH"},{"floor":28,"key":"REST"},{"data":"bronze:Strike","floor":30,"key":"PURGE"},{"data":"bronze:SpaghettiCode","floor":35,"key":"SMITH"},{"data":"bronze:Defend","floor":40,"key":"PURGE"},{"floor":54,"key":"REST"}],"circlet_count":0,"master_deck":["bronze:Replicate","bronze:Goto","bronze:RecursiveStrike","bronze:Turbo+1","bronze:CutThrough","bronze:Turbo","The Bomb","bronze:Branch","bronze:ItsAFeature","bronze:FineTuning","Secret Technique","bronze:DelayedSlice","bronze:FindAndReplace+1","bronze:GetLatest","bronze:DelayedSlice","bronze:ChildClass","bronze:DigitalCarnage","bronze:WildBeam","bronze:Shell","bronze:DelayedGuard","bronze:BurnOut","bronze:BitShift","bronze:Iterate","bronze:AlphaBuild","bronze:InfiniteLoop","bronze:Boost","Apotheosis","bronze:Repair","bronze:DelayedGuard","bronze:HyperBeam","bronze:BuggyMess","Ghostly","bronze:SpaghettiCode+1","bronze:BuggyMess","bronze:DelayedSlice+1","expansioncontent:StudyTheSpire","bronze:Turbo","bronze:ChosenStrike+1","bronze:GetLatest+1","bronze:Break","bronze:FindAndReplace+1","bronze:Backtrace+1","bronze:Turbo+1","bronze:AlphaBuild","Deep Breath","bronze:Repair"],"relics":["bronze:BronzeCore","Bird Faced Urn","Peace Pipe","OrangePellets","MerchantsRug","Meat on the Bone","Mercury Hourglass","HandDrill","downfall:HeartBlessingBlue","downfall:HeartBlessingRed","Gambling Chip","Thread and Needle","Black Star","MealTicket","Juzu Bracelet","TheAbacus","sneckomod:BabySnecko","Shuriken","CaptainsWheel","Lee\u0027s Waffle","Question Card","bronze:ProtectiveGoggles","downfall:HeartBlessingGreen","bronze:ElectromagneticCoil","StoneCalendar","Blood Vial","ClockworkSouvenir","Bottled Tornado","Ornamental Fan","Pen Nib","bronze:Mallet","FossilizedHelix","Kunai","DollysMirror","Toy Ornithopter","Mummified Hand","Oddly Smooth Stone","HornCleat","Incense Burner","Nunchaku","Strange Spoon"],"acts_visited":["Exordium","TheCity","TheBeyond","TheEnding"],"potions_floor_usage":[55],"damage_taken":[{"damage":1,"enemies":"Cultist","floor":2,"turns":3},{"damage":0,"enemies":"downfall:FleeingMerchant","floor":3,"turns":4},{"damage":0,"enemies":"Small Slimes","floor":4,"turns":2},{"damage":5,"enemies":"downfall:FleeingMerchant","floor":5,"turns":4},{"damage":6,"enemies":"Jaw Worm","floor":6,"turns":2},{"damage":7,"enemies":"Blue Slaver","floor":8,"turns":2},{"damage":14,"enemies":"3 Louse","floor":9,"turns":2},{"damage":0,"enemies":"3 Sentries","floor":12,"turns":2},{"damage":0,"enemies":"Lagavulin","floor":14,"turns":2},{"damage":0,"enemies":"2 Fungi Beasts","floor":15,"turns":1},{"damage":25,"enemies":"SI_SHIV_ARCHETYPE","floor":16,"turns":6},{"damage":8,"enemies":"3 Byrds","floor":19,"turns":3},{"damage":8,"enemies":"3 Cultists","floor":20,"turns":4},{"damage":0,"enemies":"downfall:FleeingMerchant","floor":21,"turns":4},{"damage":18,"enemies":"Snake Plant","floor":22,"turns":4},{"damage":0,"enemies":"Chosen and Byrds","floor":25,"turns":3},{"damage":3,"enemies":"downfall:FleeingMerchant","floor":26,"turns":3},{"damage":20,"enemies":"Book of Stabbing","floor":27,"turns":4},{"damage":0,"enemies":"3 Cultists","floor":32,"turns":3},{"damage":17,"enemies":"WA_ARCHETYPE_CALM","floor":33,"turns":7},{"damage":22,"enemies":"3 Shapes","floor":36,"turns":3},{"damage":2,"enemies":"3 Darklings","floor":37,"turns":2},{"damage":31,"enemies":"Reptomancer","floor":42,"turns":5},{"damage":13,"enemies":"Writhing Mass","floor":43,"turns":2},{"damage":8,"enemies":"2 Orb Walkers","floor":44,"turns":3},{"damage":0,"enemies":"Nemesis","floor":47,"turns":5},{"damage":0,"enemies":"Sphere and 2 Shapes","floor":48,"turns":2},{"damage":0,"enemies":"Maw","floor":49,"turns":3},{"damage":0,"enemies":"IC_BLOCK_ARCHETYPE","floor":50,"turns":5},{"damage":41,"enemies":"downfall:CharBossMerchant","floor":52,"turns":6},{"damage":42,"enemies":"downfall:NeowBoss","floor":55,"turns":10},{"damage":64,"enemies":"downfall:NeowBossFinal","floor":56,"turns":9}],"seed_played":"924941083573261342","potions_obtained":[{"floor":2,"key":"sneckomod:MuddlingPotion"},{"floor":6,"key":"champ:CounterPotion"},{"floor":8,"key":"BlessingOfTheForge"},{"floor":15,"key":"CultistPotion"}],"is_trial":false,"path_per_floor":["R","M","$","M","$","M","T","M","M","?","R","E","?","E","M","B",null,"R","M","M","$","M","?","T","M","$","E","R","?","R","?","M","B",null,"R","M","M","$","?","R","T","E","M","?","$","?","E","M","M","B",null,"E","$","R","B","B",null],"character_chosen":"THE_AUTOMATON","items_purchased":["Bird Faced Urn","Peace Pipe","OrangePellets","MerchantsRug","bronze:Turbo","The Bomb","bronze:Branch","bronze:ItsAFeature","Meat on the Bone","Mercury Hourglass","HandDrill","Secret Technique","bronze:DelayedSlice","bronze:FindAndReplace","bronze:InfiniteLoop","bronze:Boost","MealTicket","Juzu Bracelet","TheAbacus","Apotheosis","Shuriken","CaptainsWheel","Lee\u0027s Waffle","bronze:Repair","bronze:DelayedGuard","StoneCalendar","Blood Vial","ClockworkSouvenir","expansioncontent:StudyTheSpire","bronze:Break","FossilizedHelix","Kunai","DollysMirror","Incense Burner","Nunchaku","Strange Spoon","Deep Breath","bronze:Repair"],"campfire_rested":2,"item_purchase_floors":[3,3,3,3,3,3,3,3,5,5,5,5,5,5,21,21,21,21,21,21,26,26,26,26,26,38,38,38,38,45,45,45,45,53,53,53,53,53],"current_hp_per_floor":[70,69,69,69,66,62,62,55,41,41,51,53,53,53,55,44,80,80,72,66,66,50,50,50,50,87,67,87,87,87,87,87,72,87,87,77,75,87,98,98,98,67,58,52,67,108,108,108,108,108,108,67,82,108,71,43],"gold":4178,"neow_bonus":"ONE_RANDOM_RARE_CARD","is_daily":false,"chose_seed":false,"campfire_upgraded":3,"win_rate":0.0,"timestamp":1612017663,"path_taken":["R","M","$","M","$","M","T","M","M","?","R","E","?","E","M","BOSS","R","M","M","$","M","?","T","M","$","E","R","?","R","?","M","BOSS","R","M","M","$","?","R","T","E","M","?","$","?","E","M","M","BOSS","E","$","R","BOSS","BOSS"],"items_purchased_type":["Relic","Relic","Relic","Relic","Card","Card","Card","Card","Relic","Relic","Relic","Card","Card","Card","Card","Card","Relic","Relic","Relic","Card","Relic","Relic","Relic","Card","Card","Relic","Relic","Relic","Card","Card","Relic","Relic","Relic","Relic","Relic","Relic","Card","Card"],"build_version":"2020-12-22","purchased_purges":6,"victory":true,"max_hp_per_floor":[70,70,70,70,70,70,70,70,70,70,80,80,80,80,80,80,80,80,80,80,80,80,80,80,80,87,87,87,87,87,87,87,87,87,87,87,87,87,98,98,98,98,98,98,98,108,108,108,108,108,108,108,108,108,108,108],"card_choices":[{"not_picked":["bronze:Allocate","bronze:BitShift"],"picked":"bronze:Turbo","floor":2},{"not_picked":["bronze:BitShift","bronze:DelayedGuard"],"picked":"bronze:CutThrough","floor":3},{"not_picked":["bronze:Invalidate","bronze:Frontload","bronze:ForceShield"],"picked":"SKIP","floor":4},{"not_picked":["bronze:Repair","bronze:ItsAFeature"],"picked":"bronze:FineTuning","floor":5},{"not_picked":["bronze:Invalidate","bronze:NullPointer"],"picked":"bronze:GetLatest","floor":6},{"not_picked":["bronze:Separator","bronze:Allocate"],"picked":"bronze:DelayedSlice","floor":8},{"not_picked":["bronze:Philosophize","bronze:Branch"],"picked":"bronze:ChildClass","floor":9},{"not_picked":["bronze:Fortify","bronze:Backtrace"],"picked":"bronze:WildBeam","floor":12},{"not_picked":["bronze:Overload","bronze:Shield"],"picked":"bronze:Shell","floor":14},{"not_picked":["bronze:Separator","bronze:Branch"],"picked":"bronze:DelayedGuard","floor":15},{"not_picked":["bronze:HardenedForm","bronze:FindAndReplace"],"picked":"bronze:BurnOut","floor":16},{"not_picked":["bronze:FollowUp","bronze:Overheat"],"picked":"bronze:BitShift","floor":19},{"not_picked":["bronze:DelayedGuard","bronze:OilSpill"],"picked":"bronze:Iterate","floor":20},{"not_picked":["bronze:ForceShield","bronze:Philosophize"],"picked":"bronze:AlphaBuild","floor":21},{"not_picked":["bronze:OilSpill+1","bronze:DigitalCarnage","bronze:Shield"],"picked":"SKIP","floor":22},{"not_picked":["bronze:CutThrough","bronze:WildBeam","bronze:ClassDefault"],"picked":"SKIP","floor":25},{"not_picked":["bronze:Overheat+1","bronze:DarkDash","bronze:Separator"],"picked":"SKIP","floor":26},{"not_picked":["bronze:BitShift+1","bronze:Frontload+1"],"picked":"bronze:HyperBeam","floor":27},{"not_picked":["bronze:WhirlingStrike","bronze:DarkDash+1","bronze:CloningBeam","bronze:Fortify"],"picked":"SKIP","floor":32},{"not_picked":["bronze:BurnOut","bronze:AlphaBuild","bronze:ThunderWave"],"picked":"bronze:SpaghettiCode","floor":33},{"not_picked":["bronze:Branch+1","bronze:BugBarrage+1","bronze:WhirlingStrike"],"picked":"bronze:BuggyMess","floor":36},{"not_picked":["bronze:BugBarrage","bronze:Overheat","bronze:FollowUp+1"],"picked":"bronze:DelayedSlice+1","floor":37},{"not_picked":["bronze:FineTuning+1","bronze:Flail","bronze:Branch"],"picked":"bronze:Turbo","floor":42},{"not_picked":["bronze:Turbo+1","bronze:ChildClass","bronze:Invalidate+1"],"picked":"bronze:ChosenStrike+1","floor":43},{"not_picked":["bronze:ForceShield+1","bronze:Branch","bronze:Repulsor"],"picked":"bronze:GetLatest+1","floor":44},{"not_picked":["bronze:GetLatest","bronze:Terminator+1","bronze:WhirlingStrike"],"picked":"bronze:Backtrace+1","floor":47},{"not_picked":["bronze:CutThrough","bronze:InfiniteLoop","bronze:DelayedSlice"],"picked":"bronze:Turbo+1","floor":48},{"not_picked":["bronze:OilSpill","bronze:Shield","bronze:Deprecate","bronze:WhirlingStrike"],"picked":"SKIP","floor":49},{"not_picked":["bronze:BugBarrage+1","bronze:Invalidate+1","bronze:CloningBeam"],"picked":"bronze:AlphaBuild","floor":52}],"player_experience":112204,"relics_obtained":[{"floor":12,"key":"Gambling Chip"},{"floor":14,"key":"Thread and Needle"},{"floor":24,"key":"MawBank"},{"floor":27,"key":"Question Card"},{"floor":27,"key":"bronze:ProtectiveGoggles"},{"floor":41,"key":"Bottled Tornado"},{"floor":42,"key":"Ornamental Fan"},{"floor":42,"key":"Pen Nib"},{"floor":44,"key":"bronze:Mallet"},{"floor":47,"key":"Toy Ornithopter"},{"floor":47,"key":"Mummified Hand"},{"floor":52,"key":"Oddly Smooth Stone"},{"floor":52,"key":"HornCleat"}],"event_choices":[{"damage_healed":0,"gold_gain":0,"player_choice":"Read","damage_taken":0,"max_hp_gain":0,"max_hp_loss":0,"event_name":"The Library","floor":29,"gold_loss":0,"cards_obtained":["bronze:BuggyMess"]},{"damage_healed":0,"gold_gain":0,"player_choice":"Fight","damage_taken":0,"max_hp_gain":0,"max_hp_loss":0,"event_name":"Mysterious Sphere","floor":44,"gold_loss":0}],"is_beta":false,"boss_relics":[{"not_picked":["Busted Crown","Calling Bell"],"picked":"Black Star"},{"not_picked":["bronze:MakeshiftBattery","Fusion Hammer"],"picked":"bronze:ElectromagneticCoil"}],"items_purged_floors":[3,5,21,26,38,45],"is_endless":false,"potions_floor_spawned":[2,6,8,14,15,16,22,25,27,36,37,49,52],"ascension_level":0}}