{"host":"jhy70w0yh8dayqay","time":1612008080,"event":{"mods":["AchievementEnabler","BaseMod","Colored Map","Colored Powertips","DeckTracker","Minty Spire (QoL Compilation)","Permanent Neow","SuperFastMode"],"gold_per_floor":[16,35,52,65,81,81,91,91,91,116,116,150,150,175,175,247,247,263,278,278,278,278],"floor_reached":21,"language":"KOR","playtime":689,"items_purged":[],"score":377,"play_id":"600e0823-2fea-4343-887f-8735bcd3b330","local_time":"20210130210120","is_ascension_mode":true,"campfire_choices":[{"data":"Infernal Blade","floor":6.0,"key":"SMITH"},{"data":"Feed","floor":8.0,"key":"SMITH"},{"data":"Inflame","floor":13.0,"key":"SMITH"},{"data":"Carnage","floor":15.0,"key":"SMITH"}],"circlet_count":0,"master_deck":["AscendersBane","Strike_R","Strike_R","Strike_R","Strike_R","Defend_R","Defend_R","Defend_R","Defend_R","Bash","Feed+1","Inflame+1","Whirlwind","Thunderclap","Flex","Infernal Blade+1","Power Through","Carnage+1","Wild Strike","Headbutt","Juggernaut","Dark Embrace","Body Slam","Feel No Pain","Power Through"],"relics":["Burning Blood","Darkstone Periapt","Sundial","Anchor","Prayer Wheel","Snecko Eye","Enchiridion"],"acts_visited":["Exordium","TheCity"],"potions_floor_usage":[18],"damage_taken":[{"damage":8.0,"enemies":"Small Slimes","floor":1.0,"turns":3.0},{"damage":16.0,"enemies":"Jaw Worm","floor":2.0,"turns":4.0},{"damage":1.0,"enemies":"Cultist","floor":3.0,"turns":3.0},{"damage":5.0,"enemies":"Gremlin Gang","floor":4.0,"turns":3.0},{"damage":17.0,"enemies":"Looter","floor":5.0,"turns":3.0},{"damage":8.0,"enemies":"3 Louse","floor":7.0,"turns":3.0},{"damage":20.0,"enemies":"3 Sentries","floor":10.0,"turns":7.0},{"damage":16.0,"enemies":"Gremlin Nob","floor":12.0,"turns":3.0},{"damage":10.0,"enemies":"3 Sentries","floor":14.0,"turns":5.0},{"damage":39,"enemies":"Hexaghost","floor":16,"turns":9},{"damage":0,"enemies":"Spheric Guardian","floor":18,"turns":2},{"damage":19,"enemies":"Shell Parasite","floor":19,"turns":7},{"damage":17,"enemies":"Snecko","floor":21,"turns":5}],"seed_played":"6958147991904750884","potions_obtained":[{"floor":1.0,"key":"BlessingOfTheForge"},{"floor":2.0,"key":"Energy Potion"},{"floor":4.0,"key":"SpeedPotion"},{"floor":16,"key":"Fire Potion"}],"is_trial":false,"path_per_floor":["M","M","M","M","M","R","M","R","T","E","?","E","R","E","R","B",null,"M","M","?","M"],"character_chosen":"IRONCLAD","items_purchased":[],"campfire_rested":0,"item_purchase_floors":[],"current_hp_per_floor":[69,62,67,71,60,60,61,61,61,51,51,41,41,41,41,8,73,83,74,53,36,36],"gold":278,"neow_bonus":"THREE_RARE_CARDS","is_daily":false,"chose_seed":false,"campfire_upgraded":4,"win_rate":0.0,"timestamp":1612008080,"path_taken":["M","M","M","M","M","R","M","R","T","E","?","E","R","E","R","BOSS","M","M","?","M"],"items_purchased_type":[],"build_version":"2020-12-22","purchased_purges":0,"victory":false,"max_hp_per_floor":[78,81,81,84,84,84,87,87,87,91,91,91,91,95,95,95,95,99,103,103,103,103],"card_choices":[{"not_picked":["Offering","Berserk"],"picked":"Feed","floor":0.0},{"not_picked":["Twin Strike","Second Wind"],"picked":"Inflame","floor":1.0},{"not_picked":["Havoc","Bloodletting"],"picked":"Whirlwind","floor":2.0},{"not_picked":["Reckless Charge","Searing Blow"],"picked":"Thunderclap","floor":3.0},{"not_picked":["Clothesline","Cleave"],"picked":"Flex","floor":4.0},{"not_picked":["Iron Wave","Wild Strike"],"picked":"Infernal Blade","floor":5.0},{"not_picked":["Ghostly Armor","Wild Strike"],"picked":"Power Through","floor":7.0},{"not_picked":["Exhume","Sentinel"],"picked":"Carnage","floor":10.0},{"not_picked":["Rage","Perfected Strike"],"picked":"Headbutt","floor":12.0},{"not_picked":["Corruption","Metallicize","Flex"],"picked":"SKIP","floor":14.0},{"not_picked":["Immolate","Feed"],"picked":"Juggernaut","floor":16},{"not_picked":["Whirlwind","Pommel Strike"],"picked":"Dark Embrace","floor":18},{"not_picked":["Havoc","Carnage"],"picked":"Body Slam","floor":18},{"not_picked":["Twin Strike","Armaments"],"picked":"Feel No Pain","floor":19},{"not_picked":["Headbutt","Cleave+1"],"picked":"Power Through","floor":19}],"player_experience":465883,"relics_obtained":[{"floor":9.0,"key":"Darkstone Periapt"},{"floor":10.0,"key":"Sundial"},{"floor":12.0,"key":"Anchor"},{"floor":14.0,"key":"Prayer Wheel"},{"floor":20,"key":"Enchiridion"}],"event_choices":[{"damage_healed":0.0,"max_hp_gain":0.0,"max_hp_loss":0.0,"gold_gain":0.0,"cards_transformed":["Strike_R"],"event_name":"Living Wall","player_choice":"Change","floor":11.0,"gold_loss":0.0,"damage_taken":0.0,"cards_obtained":["Wild Strike"]},{"damage_healed":0,"gold_gain":0,"player_choice":"Obtained Book","damage_taken":21,"max_hp_gain":0,"max_hp_loss":0,"event_name":"Cursed Tome","floor":20,"gold_loss":0}],"is_beta":false,"boss_relics":[{"not_picked":["Philosopher\u0027s Stone","Sozu"],"picked":"Snecko Eye"}],"items_purged_floors":[],"is_endless":false,"potions_floor_spawned":[1,2,4,7,16],"killed_by":"Snecko","ascension_level":15}}