{"host":"h1qktzcccqnez8tx","time":1612003290,"event":{"mods":["AchievementEnabler","BaseMod","Bestiary","Better Note","Block Reminder","Colored Map","Colored Powertips","Curses Come First","Downfall","Highlight Path","Infinite Spire","Minty Spire (QoL Compilation)","Permanent Neow","Quick Restart","Relic Stats","Replay The Spire","Say the Spire","StSLib","UnlockEverythingMod"],"gold_per_floor":[114,134,134,144,144,144,163,163,190,203,49,74,90,108,108,213,213,228,115,115,115,130,130,163,163,163,190,208,307,307,307,307],"floor_reached":30,"language":"ENG","playtime":1242,"items_purged":["Languid","Voices","Voices"],"score":309,"play_id":"558338d1-1c1e-4b7f-9bdb-a37edeb61b7c","local_time":"20210130114130","is_ascension_mode":true,"campfire_choices":[{"data":"hexamod:FlamesFromBeyond","floor":6,"key":"SMITH"},{"floor":8,"key":"REST"},{"data":"hexamod:FlamesFromBeyond","floor":15,"key":"SMITH"},{"floor":23,"key":"REST"},{"data":"hexamod:FlamesFromBeyond","floor":23,"key":"SMITH"},{"floor":25,"key":"REST"},{"data":"hexamod:FlamesFromBeyond","floor":25,"key":"SMITH"}],"circlet_count":0,"master_deck":["hexamod:Strike","hexamod:Strike","hexamod:Strike+1","hexamod:Strike+1","hexamod:Defend","hexamod:Defend","hexamod:Defend","hexamod:Defend","hexamod:Sear","hexamod:Float","hexamod:VolcanoVisage","hexamod:FlamesFromBeyond+1","hexamod:Firestarter","hexamod:Incineration","hexamod:Hexaguard","hexamod:NightmareGuise","hexamod:ThirdSeal","hexamod:FlamesFromBeyond+1","hexamod:DynamicBlow","hexamod:HeatMetal","hexamod:VolcanoVisage","hexamod:SearingWound","Decay","hexamod:SpectersWail","hexamod:FlamesFromBeyond+1","hexamod:FlamesFromBeyond+1","Pot Of Greed","Pot Of Greed","Pot Of Greed","hexamod:SoulSteal+1","hexamod:SpectersWail","hexamod:RadiantFlame+1","hexamod:RadiantFlame+1","hexamod:SpectralSpark+1"],"relics":["Guardian:ModeShifter","infinitespire:Cubic Diamond","Toy Ornithopter","Boot","Replay:Ancient Bell","Blue Doll","Eternal Feather","infinitespire:Magic Flask","Grinning Jar","Philosopher\u0027s Stone","infinitespire:Lychee Nut","Bag of Marbles","Replay:Bottled Flurry"],"acts_visited":["Exordium","TheCity"],"potions_floor_usage":[12,16,22,27,30],"damage_taken":[{"damage":0,"enemies":"Small Slimes","floor":1,"turns":4},{"damage":1,"enemies":"Jaw Worm","floor":2,"turns":3},{"damage":0,"enemies":"Cultist","floor":4,"turns":4},{"damage":28,"enemies":"3 Louse","floor":7,"turns":3},{"damage":0,"enemies":"Large Slime","floor":10,"turns":3},{"damage":14,"enemies":"Gremlin Nob","floor":12,"turns":3},{"damage":12,"enemies":"2 Fungi Beasts","floor":13,"turns":4},{"damage":12,"enemies":"Blue Slaver","floor":14,"turns":4},{"damage":32,"enemies":"Hexaghost","floor":16,"turns":10},{"damage":22,"enemies":"Spheric Guardian","floor":18,"turns":4},{"damage":27,"enemies":"2 Thieves","floor":22,"turns":3},{"damage":54,"enemies":"Gremlin Leader","floor":24,"turns":6},{"damage":28,"enemies":"Replay:Snechameleon","floor":27,"turns":3},{"damage":2,"enemies":"Sentry and Sphere","floor":28,"turns":3},{"damage":34,"enemies":"Shelled Parasite and Fungi","floor":30,"turns":2}],"seed_played":"7971162306718029935","potions_obtained":[{"floor":1,"key":"Regen Potion"},{"floor":2,"key":"hexamod:SoulburnPotion"},{"floor":14,"key":"LifebloodPotion"},{"floor":16,"key":"Elixir"},{"floor":22,"key":"SneckoOil"},{"floor":27,"key":"Doom Potion"}],"is_trial":false,"path_per_floor":["M","M","?","M","?","R","M","R","T","M","$","E","M","M","R_BF","B",null,"M","$","?","AVR","M","R","E","R","T","E","M","?","M"],"character_chosen":"THE_SPIRIT","items_purchased":["hexamod:ThirdSeal","hexamod:FlamesFromBeyond"],"campfire_rested":3,"item_purchase_floors":[11,19],"current_hp_per_floor":[70,69,55,55,55,55,27,48,48,48,48,39,27,15,15,3,70,48,48,41,41,19,58,4,37,37,20,24,24,0,0,0],"gold":307,"neow_bonus":"THREE_RARE_CARDS","is_daily":false,"chose_seed":false,"campfire_upgraded":4,"win_rate":0.0,"timestamp":1612003290,"path_taken":["M","M","?","M","?","R","M","R","T","M","$","E","M","M","R_BF","BOSS","M","$","?","AVR","M","R","E","R","T","E","?","?","M"],"items_purchased_type":["Card","Card"],"build_version":"2020-12-22","purchased_purges":3,"victory":false,"max_hp_per_floor":[70,70,70,70,70,70,70,70,70,70,70,70,70,70,70,70,70,70,70,70,70,70,70,52,52,52,52,52,52,52,52,52],"relic_stats":{"counters":[15,59],"Eternal Feather":36,"Boot":[29],"obtain_stats":[{"Guardian:ModeShifter":5,"Blue Doll":17,"Eternal Feather":17,"infinitespire:Cubic Diamond":5,"Replay:Ancient Bell":17,"infinitespire:Magic Flask":17,"Boot":12,"infinitespire:Lychee Nut":24,"Philosopher\u0027s Stone":21,"Bag of Marbles":26,"Replay:Bottled Flurry":27,"Grinning Jar":21,"hexamod:SpiritBrand":0,"Toy Ornithopter":9},{"Guardian:ModeShifter":3,"Blue Doll":9,"Eternal Feather":9,"infinitespire:Cubic Diamond":3,"Replay:Ancient Bell":9,"infinitespire:Magic Flask":9,"Boot":6,"infinitespire:Lychee Nut":12,"Philosopher\u0027s Stone":10,"Bag of Marbles":12,"Replay:Bottled Flurry":13,"Grinning Jar":10,"hexamod:SpiritBrand":0,"Toy Ornithopter":4},{"Guardian:ModeShifter":11,"Blue Doll":38,"Eternal Feather":38,"infinitespire:Cubic Diamond":11,"Replay:Ancient Bell":38,"infinitespire:Magic Flask":38,"Boot":20,"infinitespire:Lychee Nut":51,"Philosopher\u0027s Stone":42,"Bag of Marbles":51,"Replay:Bottled Flurry":54,"Grinning Jar":42,"hexamod:SpiritBrand":0,"Toy Ornithopter":14}],"Toy Ornithopter":25},"card_choices":[{"not_picked":["hexamod:ParanormalForm","hexamod:ApocalypticArmor"],"picked":"hexamod:VolcanoVisage","floor":0},{"not_picked":["hexamod:InspiringFlames","hexamod:EmpoweredFlame"],"picked":"hexamod:FlamesFromBeyond","floor":1},{"not_picked":["hexamod:FastForward","hexamod:GhostShield"],"picked":"hexamod:Firestarter","floor":2},{"not_picked":["hexamod:InspiringFlames","hexamod:NecessarySacrifice"],"picked":"hexamod:Incineration","floor":4},{"not_picked":["hexamod:ChargedBarrage","hexamod:ThermalTransfer"],"picked":"hexamod:Hexaguard","floor":7},{"not_picked":["hexamod:AdvancingGuard","hexamod:ApocalypseNow"],"picked":"hexamod:NightmareGuise","floor":10},{"not_picked":["hexamod:SkipABeat","hexamod:Rewind"],"picked":"hexamod:FlamesFromBeyond","floor":12},{"not_picked":["hexamod:HauntingEcho","hexamod:BacktrackSmack","hexamod:ThermalTransfer"],"picked":"SKIP","floor":13},{"not_picked":["hexamod:NightmareStrike","hexamod:ThermalTransfer"],"picked":"hexamod:DynamicBlow","floor":14},{"not_picked":["hexamod:BacktrackSmack","hexamod:UnlimitedPower"],"picked":"hexamod:HeatMetal","floor":14},{"not_picked":["hexamod:FifthSeal","hexamod:TimeWarp"],"picked":"hexamod:VolcanoVisage","floor":16},{"not_picked":["hexamod:ParanormalForm","hexamod:FifthSeal"],"picked":"hexamod:SearingWound","floor":16},{"not_picked":["ReplayTheSpireMod:IOU","Normality"],"picked":"Voices","floor":17},{"not_picked":["Languid","AbeCurse"],"picked":"Decay","floor":17},{"not_picked":["Overencumbered","infinitespire:Pacifist"],"picked":"Voices","floor":17},{"not_picked":["hexamod:InspiringFlames+1","hexamod:Firestarter"],"picked":"hexamod:SpectersWail","floor":18},{"not_picked":["hexamod:SkipABeat+1","hexamod:SwordOfDarkness"],"picked":"hexamod:FlamesFromBeyond","floor":18},{"not_picked":["hexamod:ThermalTransfer","hexamod:UnleashSpirits"],"picked":"hexamod:SoulSteal+1","floor":22},{"not_picked":["hexamod:HauntingEcho+1","hexamod:Haunt","hexamod:NecessarySacrifice+1"],"picked":"SKIP","floor":22},{"not_picked":["hexamod:PhantomCloak","hexamod:PhantomFireball"],"picked":"hexamod:SpectersWail","floor":24},{"not_picked":["hexamod:ThermalTransfer","hexamod:ShieldOfDarkness","hexamod:HeatMetal"],"picked":"SKIP","floor":24},{"not_picked":["hexamod:NecessarySacrifice+1","hexamod:GhostOfSpireFuture"],"picked":"hexamod:RadiantFlame+1","floor":27},{"not_picked":["hexamod:EtherealExpedition+1","hexamod:ChargedBarrage"],"picked":"hexamod:RadiantFlame+1","floor":28},{"not_picked":["hexamod:InspiringFlames","hexamod:FastForward"],"picked":"hexamod:SpectralSpark+1","floor":28}],"player_experience":268557,"relics_obtained":[{"floor":9,"key":"Toy Ornithopter"},{"floor":12,"key":"Boot"},{"floor":24,"key":"infinitespire:Lychee Nut"},{"floor":26,"key":"Bag of Marbles"},{"floor":27,"key":"Replay:Bottled Flurry"}],"event_choices":[{"damage_healed":0,"gold_gain":0,"player_choice":"Entered Light","damage_taken":14,"max_hp_gain":0,"max_hp_loss":0,"event_name":"Shining Light","floor":3,"gold_loss":0,"cards_upgraded":["hexamod:Strike","hexamod:Strike"]},{"damage_healed":0,"gold_gain":0,"player_choice":"Damaged","damage_taken":7,"max_hp_gain":0,"max_hp_loss":0,"event_name":"Wheel of Change","floor":20,"gold_loss":0},{"damage_healed":0,"gold_gain":99,"player_choice":"Stole From Cult","damage_taken":0,"max_hp_gain":0,"max_hp_loss":0,"event_name":"Nest","floor":29,"gold_loss":0}],"is_beta":false,"boss_relics":[{"not_picked":["SlaversCollar","ChewingGum"],"picked":"Replay:Ancient Bell"},{"not_picked":["Bronze Scales","Potion Belt"],"picked":"Blue Doll"},{"not_picked":["infinitespire:FocusingShard","Molten Egg 2"],"picked":"Eternal Feather"},{"not_picked":["Replay:PocketPolymizer","CaptainsWheel"],"picked":"infinitespire:Magic Flask"}],"items_purged_floors":[11,19,21],"is_endless":false,"potions_floor_spawned":[1,2,14,16,22,27],"killed_by":"Shelled Parasite and Fungi","ascension_level":1}}