{"host":"4k1o517shm2ba6vh","time":1612042101,"event":{"mods":["AchievementEnabler","BaseMod","Minty Spire (QoL Compilation)","StSLib","The Poker Player","everything is the same but u backflip on backflip"],"gold_per_floor":[111,128,141,141,157,192,212,225,225,225,225,225],"floor_reached":11,"language":"ENG","playtime":605,"items_purged":[],"score":119,"play_id":"7f35365c-d01e-42bf-ab74-0cffe84a39e7","local_time":"20210130152821","is_ascension_mode":true,"campfire_choices":[{"data":"Infinite Blades","floor":10,"key":"SMITH"}],"circlet_count":0,"master_deck":["AscendersBane","Strike_G","Strike_G","Strike_G","Strike_G","Defend_G","Defend_G","Defend_G","Defend_G","Defend_G","Survivor","Neutralize","Backflip","Backstab","Cloak And Dagger","Slice","Masterful Stab","Deflect","Infinite Blades+1"],"relics":["Ring of the Snake","Nunchaku","Letter Opener"],"acts_visited":["Exordium"],"potions_floor_usage":[5,6,6,6,7],"damage_taken":[{"damage":2,"enemies":"Small Slimes","floor":1,"turns":6},{"damage":3,"enemies":"2 Louse","floor":2,"turns":3},{"damage":0,"enemies":"Cultist","floor":3,"turns":4},{"damage":11,"enemies":"Exordium Thugs","floor":5,"turns":10},{"damage":7,"enemies":"3 Sentries","floor":6,"turns":7},{"damage":5,"enemies":"Large Slime","floor":7,"turns":8},{"damage":0,"enemies":"2 Fungi Beasts","floor":8,"turns":3},{"damage":35,"enemies":"Gremlin Nob","floor":11,"turns":4}],"seed_played":"-4285678663318777729","potions_obtained":[{"floor":2,"key":"Weak Potion"},{"floor":3,"key":"PowerPotion"},{"floor":5,"key":"EntropicBrew"},{"floor":7,"key":"LiquidBronze"}],"is_trial":false,"path_per_floor":["M","M","M","?","M","E","M","M","T","R","E"],"character_chosen":"THE_SILENT","items_purchased":[],"campfire_rested":0,"item_purchase_floors":[],"current_hp_per_floor":[68,65,65,58,47,40,35,35,35,35,0,0],"gold":225,"neow_bonus":"TEN_PERCENT_HP_BONUS","is_daily":false,"chose_seed":false,"campfire_upgraded":1,"win_rate":0.0,"timestamp":1612042101,"path_taken":["M","M","M","?","M","E","M","M","T","R","E"],"items_purchased_type":[],"build_version":"2020-12-22","purchased_purges":0,"victory":false,"max_hp_per_floor":[77,77,77,77,77,77,77,77,77,77,77,77],"card_choices":[{"not_picked":["Blade Dance","Slice"],"picked":"Backflip","floor":1},{"not_picked":["Sucker Punch","Accuracy"],"picked":"Backstab","floor":2},{"not_picked":["Slice","Poisoned Stab"],"picked":"Cloak And Dagger","floor":3},{"not_picked":["Outmaneuver","Tactician"],"picked":"Slice","floor":5},{"not_picked":["Expertise","Envenom"],"picked":"Masterful Stab","floor":6},{"not_picked":["Heel Hook","Prepared"],"picked":"Deflect","floor":7},{"not_picked":["Dagger Throw","Outmaneuver"],"picked":"Infinite Blades","floor":8}],"player_experience":436232,"relics_obtained":[{"floor":6,"key":"Nunchaku"},{"floor":9,"key":"Letter Opener"}],"event_choices":[{"cards_removed":["Strike_G"],"damage_healed":0,"gold_gain":0,"player_choice":"Card Removal","damage_taken":7,"max_hp_gain":0,"max_hp_loss":0,"event_name":"Golden Wing","floor":4,"gold_loss":0}],"is_beta":false,"boss_relics":[],"items_purged_floors":[],"is_endless":false,"potions_floor_spawned":[2,3,5,7],"killed_by":"Gremlin Nob","ascension_level":11}}