{"host":"jwbw4f4imxd0v0b0","time":1612030870,"event":{"mods":["BaseMod","Colored Map","Highlight Path","Minty Spire (QoL Compilation)","Relic Stats","StSLib"],"gold_per_floor":[117,129,140,140,140,140,173,187,187,187,187,215,215,215,215,312,312,331,30,41,60,60,60,85,85,85,99,99,113,19,30,30,130,130,144,144,157,34,34,61,85,85,85,85,99,127,127,139,139,139],"floor_reached":51,"language":"ENG","playtime":3540,"items_purged":["Pain","Strike_B+1"],"score":1223,"play_id":"130e1053-00c5-4d60-bf79-2d3aea74b4f4","local_time":"20210130122110","is_ascension_mode":true,"campfire_choices":[{"data":"Reprogram","floor":6.0,"key":"SMITH"},{"floor":10.0,"key":"REST"},{"floor":11.0,"key":"REST"},{"data":"Seek","floor":13.0,"key":"SMITH"},{"floor":15.0,"key":"REST"},{"floor":23.0,"key":"REST"},{"floor":32,"key":"REST"},{"floor":42,"key":"REST"},{"floor":44,"key":"DIG"},{"floor":49,"key":"DIG"}],"circlet_count":0,"master_deck":["AscendersBane","Strike_B+1","Defend_B+1","Defend_B+1","Defend_B+1","Defend_B+1","Zap","Dualcast","All For One","Hologram","Reprogram+1","Cold Snap","Seek+1","Barrage","Melter","Fission","FTL","Reprogram+1","BootSequence","Gash","Rip and Tear","FTL+1","Finesse","Fission","Reboot","CurseOfTheBell","Recycle+1","Finesse+1","Mayhem","Dark Shackles","Gash","Gash","Madness","Madness","Hologram+1","Seek+1"],"relics":["Cracked Core","WarpedTongs","Shovel","WingedGreaves","InkBottle","Bottled Lightning","Fusion Hammer","DollysMirror","Boot","Enchiridion","Kunai","Calling Bell","Tiny Chest","Mummified Hand","Thread and Needle","Bag of Marbles","Happy Flower","Gremlin Horn","Molten Egg 2","CaptainsWheel","War Paint"],"acts_visited":["Exordium","TheCity","TheBeyond"],"potions_floor_usage":[50],"damage_taken":[{"damage":1.0,"enemies":"Cultist","floor":1.0,"turns":4.0},{"damage":1.0,"enemies":"2 Louse","floor":2.0,"turns":3.0},{"damage":12.0,"enemies":"Jaw Worm","floor":3.0,"turns":3.0},{"damage":17.0,"enemies":"3 Sentries","floor":7.0,"turns":10.0},{"damage":29.0,"enemies":"Exordium Wildlife","floor":8.0,"turns":7.0},{"damage":29.0,"enemies":"Lagavulin","floor":12.0,"turns":9.0},{"damage":28.0,"enemies":"Hexaghost","floor":16.0,"turns":10.0},{"damage":4.0,"enemies":"Spheric Guardian","floor":18.0,"turns":3.0},{"damage":1.0,"enemies":"Chosen","floor":20.0,"turns":4.0},{"damage":6.0,"enemies":"Shelled Parasite and Fungi","floor":21.0,"turns":3.0},{"damage":0.0,"enemies":"Gremlin Leader","floor":24.0,"turns":5.0},{"damage":0.0,"enemies":"Sentry and Sphere","floor":27.0,"turns":2.0},{"damage":0.0,"enemies":"Cultist and Chosen","floor":29.0,"turns":3.0},{"damage":7,"enemies":"Snake Plant","floor":31,"turns":3},{"damage":51,"enemies":"Champ","floor":33,"turns":8},{"damage":0,"enemies":"Orb Walker","floor":35,"turns":2},{"damage":0,"enemies":"3 Darklings","floor":37,"turns":6},{"damage":0,"enemies":"Nemesis","floor":40,"turns":5},{"damage":0,"enemies":"Jaw Worm Horde","floor":45,"turns":3},{"damage":8,"enemies":"Reptomancer","floor":46,"turns":7},{"damage":0,"enemies":"Maw","floor":48,"turns":6},{"damage":56,"enemies":"Time Eater","floor":50,"turns":13}],"seed_played":"-7696823847444773744","potions_obtained":[{"floor":3.0,"key":"ColorlessPotion"},{"floor":12.0,"key":"Swift Potion"},{"floor":16.0,"key":"FocusPotion"},{"floor":20.0,"key":"Explosive Potion"},{"floor":27.0,"key":"EssenceOfSteel"},{"floor":35,"key":"SmokeBomb"}],"is_trial":false,"path_per_floor":["M","M","M","?","?","R","E","M","T","R","R","E","R","T","R","B",null,"M","$","M","M","?","R","E","?","T","M","?","M","$","M","R","B",null,"M","?","M","$","?","E","T","R","T","R","M","E","?","M","R","B",null],"character_chosen":"DEFECT","items_purchased":["DollysMirror","BootSequence","Finesse","Gash"],"campfire_rested":6,"item_purchase_floors":[19,19,30,38],"current_hp_per_floor":[67,66,54,47,47,47,30,1,1,23,45,16,16,16,38,10,59,55,55,54,48,34,58,58,42,42,42,42,42,42,35,59,8,62,62,52,52,52,42,42,42,66,66,66,66,58,58,58,58,2],"gold":139,"neow_bonus":"TRANSFORM_CARD","is_daily":false,"chose_seed":false,"campfire_upgraded":2,"win_rate":0.0,"timestamp":1612030870,"path_taken":["M","M","M","?","?","R","E","?","T","R","R","E","R","?","R","BOSS","M","$","M","M","?","R","E","?","T","M","?","M","?","M","R","BOSS","M","?","M","?","?","E","?","R","T","R","M","E","?","?","R","BOSS"],"items_purchased_type":["Relic","Card","Card","Card"],"build_version":"2020-12-22","purchased_purges":2,"victory":true,"max_hp_per_floor":[75,75,75,75,75,75,75,75,75,75,75,75,75,75,75,75,75,75,75,75,75,80,80,80,80,80,80,80,80,80,80,80,80,80,80,80,80,80,80,80,80,80,80,80,80,80,80,80,80,80],"relic_stats":{"Shovel":2,"Happy Flower":[9],"Gremlin Horn":[6,6],"counters":[22,119],"Mummified Hand":[11],"Tiny Chest":1,"Kunai":[40],"War Paint":["Hologram","Finesse"],"Boot":[44],"obtain_stats":[{"Happy Flower":41,"Gremlin Horn":43,"Enchiridion":25,"Thread and Needle":34,"War Paint":49,"Boot":24,"WarpedTongs":5,"Calling Bell":34,"CaptainsWheel":46,"Shovel":7,"DollysMirror":19,"Mummified Hand":34,"Tiny Chest":34,"Molten Egg 2":44,"WingedGreaves":9,"Fusion Hammer":17,"Bag of Marbles":40,"Bottled Lightning":14,"Kunai":26,"Cracked Core":0,"InkBottle":12},{"Happy Flower":18,"Gremlin Horn":18,"Enchiridion":11,"Thread and Needle":15,"War Paint":21,"Boot":11,"WarpedTongs":3,"Calling Bell":15,"CaptainsWheel":20,"Shovel":4,"DollysMirror":8,"Mummified Hand":15,"Tiny Chest":15,"Molten Egg 2":18,"WingedGreaves":5,"Fusion Hammer":7,"Bag of Marbles":18,"Bottled Lightning":6,"Kunai":11,"Cracked Core":0,"InkBottle":6},{"Happy Flower":90,"Gremlin Horn":90,"Enchiridion":61,"Thread and Needle":77,"War Paint":106,"Boot":61,"WarpedTongs":10,"Calling Bell":77,"CaptainsWheel":100,"Shovel":20,"DollysMirror":49,"Mummified Hand":77,"Tiny Chest":77,"Molten Egg 2":90,"WingedGreaves":27,"Fusion Hammer":46,"Bag of Marbles":90,"Bottled Lightning":36,"Kunai":61,"Cracked Core":0,"InkBottle":36}],"InkBottle":[48],"WarpedTongs":[96]},"card_choices":[{"not_picked":["Turbo","Consume"],"picked":"Hologram","floor":1.0},{"not_picked":["Redo","Leap"],"picked":"Reprogram","floor":2.0},{"not_picked":["Hologram","Defragment"],"picked":"Cold Snap","floor":3.0},{"not_picked":["Self Repair","Coolheaded"],"picked":"Seek","floor":7.0},{"not_picked":["Undo","Redo"],"picked":"Barrage","floor":8.0},{"not_picked":["Stack","Ball Lightning"],"picked":"Melter","floor":12.0},{"not_picked":["Buffer","Amplify"],"picked":"Fission","floor":16.0},{"not_picked":["Blizzard","Steam Power"],"picked":"FTL","floor":18.0},{"not_picked":["Beam Cell","Leap"],"picked":"Gash","floor":20.0},{"not_picked":["Redo","Hologram"],"picked":"Rip and Tear","floor":21.0},{"not_picked":["Rip and Tear","Rebound"],"picked":"FTL+1","floor":24.0},{"not_picked":["Melter","Compile Driver","Steam Power"],"picked":"SKIP","floor":27.0},{"not_picked":["Compile Driver","Leap","Streamline+1"],"picked":"SKIP","floor":29},{"not_picked":["Conserve Battery","Recycle"],"picked":"Fission","floor":31},{"not_picked":["Meteor Strike","Hyperbeam"],"picked":"Reboot","floor":33},{"not_picked":["Coolheaded","Tempest"],"picked":"Recycle+1","floor":35},{"not_picked":["Good Instincts","Mind Blast"],"picked":"Finesse","floor":36},{"not_picked":["Deep Breath","Madness"],"picked":"Mayhem","floor":36},{"not_picked":["Transmutation","Madness"],"picked":"Dark Shackles","floor":36},{"not_picked":["Go for the Eyes","Force Field+1"],"picked":"Gash","floor":37},{"not_picked":["Rebound","Tempest","Stack+1"],"picked":"SKIP","floor":40},{"not_picked":["Go for the Eyes+1","Auto Shields"],"picked":"Hologram","floor":45},{"not_picked":["Steam","Heatsinks","FTL+1"],"picked":"SKIP","floor":46},{"not_picked":["Go for the Eyes+1","Loop","Turbo"],"picked":"SKIP","floor":48}],"player_experience":1166310,"relics_obtained":[{"floor":7.0,"key":"Shovel"},{"floor":9.0,"key":"WingedGreaves"},{"floor":12.0,"key":"InkBottle"},{"floor":14.0,"key":"Bottled Lightning"},{"floor":24.0,"key":"Boot"},{"floor":25.0,"key":"Enchiridion"},{"floor":26.0,"key":"Kunai"},{"floor":34,"key":"Tiny Chest"},{"floor":34,"key":"Mummified Hand"},{"floor":34,"key":"Thread and Needle"},{"floor":40,"key":"Bag of Marbles"},{"floor":41,"key":"Happy Flower"},{"floor":43,"key":"Gremlin Horn"},{"floor":44,"key":"Molten Egg 2"},{"floor":46,"key":"CaptainsWheel"},{"floor":49,"key":"War Paint"}],"event_choices":[{"cards_removed":["Strike_B"],"damage_healed":0.0,"max_hp_gain":0.0,"max_hp_loss":0.0,"gold_gain":0.0,"event_name":"Golden Wing","player_choice":"Card Removal","floor":4.0,"gold_loss":0.0,"damage_taken":7.0},{"damage_healed":0.0,"max_hp_gain":0.0,"max_hp_loss":0.0,"gold_gain":0.0,"event_name":"Accursed Blacksmith","player_choice":"Rummage","floor":5.0,"gold_loss":0.0,"damage_taken":0.0,"relics_obtained":["WarpedTongs"],"cards_obtained":["Pain"]},{"damage_healed":0.0,"max_hp_gain":5.0,"max_hp_loss":0.0,"gold_gain":0.0,"event_name":"Forgotten Altar","player_choice":"Shed Blood","floor":22.0,"gold_loss":0.0,"damage_taken":19.0},{"damage_healed":0.0,"max_hp_gain":0.0,"max_hp_loss":0.0,"gold_gain":0.0,"event_name":"Cursed Tome","player_choice":"Obtained Book","floor":25.0,"gold_loss":0.0,"damage_taken":16.0},{"damage_healed":0.0,"max_hp_gain":0.0,"max_hp_loss":0.0,"gold_gain":0.0,"event_name":"Back to Basics","player_choice":"Simplicity","floor":28.0,"gold_loss":0.0,"damage_taken":0.0,"cards_upgraded":["Strike_B","Strike_B","Defend_B","Defend_B","Defend_B","Defend_B"]},{"damage_healed":0,"gold_gain":0,"player_choice":"Memory 3","damage_taken":10,"max_hp_gain":0,"max_hp_loss":0,"event_name":"SensoryStone","floor":36,"gold_loss":0},{"damage_healed":0,"gold_gain":0,"player_choice":"Embrace Madness","damage_taken":10,"max_hp_gain":0,"max_hp_loss":0,"event_name":"Winding Halls","floor":39,"gold_loss":0,"cards_obtained":["Madness","Madness"]},{"damage_healed":0,"gold_gain":0,"player_choice":"Copied","damage_taken":0,"max_hp_gain":0,"max_hp_loss":0,"event_name":"Duplicator","floor":47,"gold_loss":0,"cards_obtained":["Seek"]}],"is_beta":false,"boss_relics":[{"not_picked":["SacredBark","Astrolabe"],"picked":"Fusion Hammer"},{"not_picked":["Velvet Choker","Nuclear Battery"],"picked":"Calling Bell"}],"items_purged_floors":[19,38],"is_endless":false,"potions_floor_spawned":[3,12,16,20,27,33,35,37,40],"ascension_level":12}}