{"host":"yo9wwslrag05lh37","time":1612000656,"event":{"mods":["AchievementEnabler","BaseMod","Block Reminder","Colored Map","Colored Powertips","GifTheSpireLib","HexUI Lib","Highlight Path","Minty Spire (QoL Compilation)","Rare Cards Sparkle","Relic Stats","StSLib","everything is the same but u backflip on backflip"],"gold_per_floor":[219,219,235,27,38,55,86,46,72,72,72,72,86,100,100,173,173,188,204,229,229,245,245,274,9,9,9,9,38,54,54,54],"floor_reached":31,"language":"ENG","playtime":1607,"items_purged":["Decay","Strike_G"],"score":550,"play_id":"646ddcf4-6ac8-4007-a36b-ebda9565f648","local_time":"20210130105736","is_ascension_mode":true,"campfire_choices":[{"floor":10.0,"key":"REST"},{"data":"Infinite Blades","floor":12.0,"key":"SMITH"},{"data":"Cloak And Dagger","floor":15.0,"key":"SMITH"},{"floor":23.0,"key":"REST"},{"floor":27.0,"key":"REST"}],"circlet_count":0,"master_deck":["AscendersBane","Strike_G","Strike_G","Strike_G+1","Strike_G","Defend_G","Defend_G","Defend_G","Defend_G","Defend_G","Survivor","Neutralize","Quick Slash+1","Accuracy","Footwork","Crippling Poison+1","Infinite Blades+1","Deadly Poison","Cloak And Dagger+1","Adrenaline","Blade Dance","Footwork","Bullet Time","Adrenaline","Well Laid Plans+1"],"relics":["Ring of the Snake","Whetstone","Bag of Marbles","Cursed Key","Red Mask","MutagenicStrength","Anchor","DollysMirror","StrikeDummy"],"acts_visited":["Exordium","TheCity"],"potions_floor_usage":[],"damage_taken":[{"damage":0.0,"enemies":"2 Louse","floor":1.0,"turns":2.0},{"damage":11.0,"enemies":"Cultist","floor":3.0,"turns":4.0},{"damage":0.0,"enemies":"Small Slimes","floor":5.0,"turns":5.0},{"damage":5.0,"enemies":"3 Louse","floor":6.0,"turns":4.0},{"damage":36.0,"enemies":"Gremlin Nob","floor":7.0,"turns":5.0},{"damage":1.0,"enemies":"Looter","floor":8.0,"turns":4.0},{"damage":0.0,"enemies":"Exordium Wildlife","floor":13.0,"turns":2.0},{"damage":0.0,"enemies":"Blue Slaver","floor":14.0,"turns":4.0},{"damage":21.0,"enemies":"The Guardian","floor":16.0,"turns":9.0},{"damage":2.0,"enemies":"Chosen","floor":18.0,"turns":4.0},{"damage":26.0,"enemies":"Shell Parasite","floor":19.0,"turns":4.0},{"damage":20.0,"enemies":"Masked Bandits","floor":20.0,"turns":4.0},{"damage":1.0,"enemies":"Centurion and Healer","floor":22.0,"turns":6.0},{"damage":12.0,"enemies":"Gremlin Leader","floor":24.0,"turns":9.0},{"damage":25.0,"enemies":"Book of Stabbing","floor":29.0,"turns":5.0},{"damage":16.0,"enemies":"Chosen and Byrds","floor":30.0,"turns":4.0},{"damage":5,"enemies":"Snake Plant","floor":31,"turns":2}],"seed_played":"-1781797392154851814","potions_obtained":[{"floor":5.0,"key":"Explosive Potion"},{"floor":13.0,"key":"BlessingOfTheForge"},{"floor":16.0,"key":"EssenceOfSteel"},{"floor":19.0,"key":"Regen Potion"},{"floor":20.0,"key":"Ancient Potion"},{"floor":22.0,"key":"GamblersBrew"},{"floor":24.0,"key":"Strength Potion"}],"is_trial":false,"path_per_floor":["M","?","M","$","M","M","E","M","T","R","?","R","M","M","R","B",null,"M","M","?","?","M","R","E","$","T","R","?","E","M","M"],"character_chosen":"THE_SILENT","items_purchased":["Footwork","BlessingOfTheForge","DollysMirror"],"campfire_rested":3,"item_purchase_floors":[4,4,25],"current_hp_per_floor":[59,59,48,48,48,43,7,6,6,25,25,25,25,25,25,4,51,49,23,3,3,17,36,24,24,24,43,43,18,2,0,0],"gold":54,"neow_bonus":"HUNDRED_GOLD","is_daily":false,"chose_seed":false,"campfire_upgraded":2,"win_rate":0.0,"timestamp":1612000656,"path_taken":["M","?","M","$","?","?","E","M","T","R","?","R","M","?","R","BOSS","M","M","?","?","M","R","E","$","T","R","?","E","M","M"],"items_purchased_type":["Card","Potion","Relic"],"build_version":"2020-12-22","purchased_purges":2,"victory":false,"max_hp_per_floor":[66,66,66,66,66,66,66,66,66,66,66,66,66,66,66,66,66,66,66,66,66,66,66,66,66,66,66,66,66,66,66,66],"relic_stats":{"counters":[17,77],"Whetstone":["Quick Slash","Strike_G"],"Cursed Key":0,"obtain_stats":[{"Anchor":24,"DollysMirror":25,"MutagenicStrength":21,"Bag of Marbles":9,"Red Mask":20,"Whetstone":7,"Cursed Key":17,"StrikeDummy":29,"Ring of the Snake":0},{"Anchor":14,"DollysMirror":14,"MutagenicStrength":12,"Bag of Marbles":6,"Red Mask":12,"Whetstone":5,"Cursed Key":9,"StrikeDummy":15,"Ring of the Snake":0},{"Anchor":66,"DollysMirror":66,"MutagenicStrength":51,"Bag of Marbles":24,"Red Mask":51,"Whetstone":20,"Cursed Key":39,"StrikeDummy":71,"Ring of the Snake":0}],"Ring of the Snake":[34]},"card_choices":[{"not_picked":["Cloak And Dagger","Acrobatics"],"picked":"Quick Slash","floor":1.0},{"not_picked":["Outmaneuver","Dagger Spray"],"picked":"Accuracy","floor":3.0},{"not_picked":["Outmaneuver","Dodge and Roll"],"picked":"Crippling Poison","floor":5.0},{"not_picked":["Backflip","Noxious Fumes"],"picked":"Infinite Blades","floor":6.0},{"not_picked":["Endless Agony","Riddle With Holes","Acrobatics"],"picked":"SKIP","floor":7.0},{"not_picked":["Backflip","Dagger Spray"],"picked":"Deadly Poison","floor":8.0},{"not_picked":["Glass Knife","Quick Slash"],"picked":"Cloak And Dagger","floor":13.0},{"not_picked":["Outmaneuver","Underhanded Strike","Finisher"],"picked":"SKIP","floor":14.0},{"not_picked":["Envenom","Venomology"],"picked":"Adrenaline","floor":16.0},{"not_picked":["Deflect","Dash"],"picked":"Blade Dance","floor":18.0},{"not_picked":["Cloak And Dagger","Quick Slash","Endless Agony"],"picked":"SKIP","floor":19.0},{"not_picked":["Quick Slash","Backflip"],"picked":"Footwork","floor":20.0},{"not_picked":["Acrobatics+1","Blade Dance","Quick Slash"],"picked":"SKIP","floor":22.0},{"not_picked":["Slice","Finisher"],"picked":"Bullet Time","floor":24.0},{"not_picked":["Concentrate+1","Prepared"],"picked":"Well Laid Plans+1","floor":29.0},{"not_picked":["Poisoned Stab","Blade Dance","Deflect"],"picked":"SKIP","floor":30.0}],"player_experience":1535113,"relics_obtained":[{"floor":7.0,"key":"Whetstone"},{"floor":9.0,"key":"Bag of Marbles"},{"floor":20.0,"key":"Red Mask"},{"floor":24.0,"key":"Anchor"},{"floor":29.0,"key":"StrikeDummy"}],"event_choices":[{"damage_healed":0.0,"max_hp_gain":0.0,"max_hp_loss":0.0,"gold_gain":0.0,"event_name":"Wheel of Change","player_choice":"Cursed","floor":2.0,"gold_loss":0.0,"damage_taken":0.0,"cards_obtained":["Decay"]},{"damage_healed":0.0,"max_hp_gain":0.0,"max_hp_loss":0.0,"gold_gain":0.0,"event_name":"Accursed Blacksmith","player_choice":"Forge","floor":11.0,"gold_loss":0.0,"damage_taken":0.0,"cards_upgraded":["Crippling Poison"]},{"damage_healed":0.0,"max_hp_gain":0.0,"max_hp_loss":0.0,"gold_gain":0.0,"event_name":"Masked Bandits","player_choice":"Fought Bandits","floor":20.0,"gold_loss":0.0,"damage_taken":0.0},{"damage_healed":0.0,"max_hp_gain":0.0,"max_hp_loss":0.0,"gold_gain":0.0,"event_name":"Drug Dealer","player_choice":"Inject Mutagens","floor":21.0,"gold_loss":0.0,"damage_taken":0.0,"relics_obtained":["MutagenicStrength"]}],"is_beta":false,"boss_relics":[{"not_picked":["Ring of the Serpent","SacredBark"],"picked":"Cursed Key"}],"items_purged_floors":[4,25],"is_endless":false,"potions_floor_spawned":[5,6,13,16,19,20,22,24],"killed_by":"Snake Plant","ascension_level":20}}