{"host":"iph0xvuia0glosgr","time":1612019486,"event":{"mods":["AchievementEnabler","BaseMod","Minty Spire (QoL Compilation)"],"gold_per_floor":[112,130,146,3,19,45,45,76,76,91,107,11,11,186,186,289,289,306,326,276,290,306,306,306],"floor_reached":23,"language":"ENG","playtime":1575,"items_purged":[],"score":215,"play_id":"8bcb08f1-dff5-4b1b-89df-f28240d85568","local_time":"20210130151126","is_ascension_mode":true,"campfire_choices":[{"floor":7,"key":"REST"},{"floor":15,"key":"REST"}],"circlet_count":0,"master_deck":["Strike_G","Strike_G","Strike_G","Strike_G","Strike_G","Defend_G","Defend_G","Defend_G","Defend_G","Defend_G","Survivor","Neutralize","Grand Finale","Cloak And Dagger","Poisoned Stab","PiercingWail","Storm of Steel","Accuracy","Bouncing Flask","All Out Attack","Poisoned Stab","Blade Dance","Deflect","Slice","Doubt","Phantasmal Killer","Dash","Blade Dance+1","Poisoned Stab","PiercingWail+1"],"relics":["Ring of the Snake","Lantern","StrikeDummy","Bottled Tornado","Runic Pyramid"],"acts_visited":["Exordium","TheCity"],"potions_floor_usage":[5,16,23],"damage_taken":[{"damage":2,"enemies":"Cultist","floor":1,"turns":4},{"damage":1,"enemies":"Jaw Worm","floor":2,"turns":4},{"damage":2,"enemies":"Small Slimes","floor":3,"turns":4},{"damage":12,"enemies":"Gremlin Gang","floor":5,"turns":2},{"damage":38,"enemies":"Lagavulin","floor":6,"turns":9},{"damage":30,"enemies":"3 Sentries","floor":8,"turns":10},{"damage":2,"enemies":"Red Slaver","floor":10,"turns":3},{"damage":1,"enemies":"Lots of Slimes","floor":11,"turns":4},{"damage":7,"enemies":"Slime Boss","floor":16,"turns":7},{"damage":5,"enemies":"3 Byrds","floor":18,"turns":3},{"damage":4,"enemies":"2 Thieves","floor":19,"turns":5},{"damage":0,"enemies":"Snecko","floor":21,"turns":2},{"damage":21,"enemies":"Shelled Parasite and Fungi","floor":22,"turns":6},{"damage":40,"enemies":"Slavers","floor":23,"turns":3}],"seed_played":"-2241508780890371556","potions_obtained":[{"floor":1,"key":"Explosive Potion"},{"floor":2,"key":"SpeedPotion"},{"floor":8,"key":"GamblersBrew"},{"floor":10,"key":"Ancient Potion"},{"floor":21,"key":"SteroidPotion"}],"is_trial":false,"path_per_floor":["M","M","M","$","M","E","R","E","T","M","M","$","?","?","R","B",null,"M","M","?","M","M","E"],"character_chosen":"THE_SILENT","items_purchased":["Storm of Steel","Deflect","Slice"],"campfire_rested":2,"item_purchase_floors":[4,12,12],"current_hp_per_floor":[68,67,65,65,53,15,36,6,6,4,3,3,3,3,24,17,70,65,61,61,61,40,0,0],"gold":306,"neow_bonus":"ONE_RANDOM_RARE_CARD","is_daily":false,"chose_seed":false,"campfire_upgraded":0,"win_rate":0.0,"timestamp":1612019486,"path_taken":["M","M","M","$","M","E","R","E","T","M","?","?","?","?","R","BOSS","M","M","?","M","?","E"],"items_purchased_type":["Card","Card","Card"],"build_version":"2020-12-22","purchased_purges":0,"victory":false,"max_hp_per_floor":[70,70,70,70,70,70,70,70,70,70,70,70,70,70,70,70,70,70,70,70,70,70,70,70],"card_choices":[{"not_picked":["Distraction","Caltrops"],"picked":"Cloak And Dagger","floor":1},{"not_picked":["PiercingWail","Leg Sweep"],"picked":"Poisoned Stab","floor":2},{"not_picked":["Prepared","Deflect"],"picked":"PiercingWail","floor":3},{"not_picked":["Choke","Outmaneuver"],"picked":"Accuracy","floor":5},{"not_picked":["Leg Sweep","PiercingWail"],"picked":"Bouncing Flask","floor":6},{"not_picked":["Concentrate","Reflex"],"picked":"All Out Attack","floor":8},{"not_picked":["Riddle With Holes","Dagger Spray"],"picked":"Poisoned Stab","floor":10},{"not_picked":["Calculated Gamble","Deflect"],"picked":"Blade Dance","floor":11},{"not_picked":["Malaise","Grand Finale"],"picked":"Phantasmal Killer","floor":16},{"not_picked":["Terror+1","Dagger Throw"],"picked":"Dash","floor":18},{"not_picked":["Backflip","Slice"],"picked":"Blade Dance+1","floor":19},{"not_picked":["Distraction+1","Noxious Fumes"],"picked":"Poisoned Stab","floor":21},{"not_picked":["Riddle With Holes","Eviscerate+1"],"picked":"PiercingWail+1","floor":22}],"player_experience":305576,"relics_obtained":[{"floor":6,"key":"Lantern"},{"floor":8,"key":"StrikeDummy"},{"floor":9,"key":"Bottled Tornado"}],"event_choices":[{"damage_healed":0,"gold_gain":0,"player_choice":"Ignored","damage_taken":0,"max_hp_gain":0,"max_hp_loss":0,"event_name":"Shining Light","floor":13,"gold_loss":0},{"damage_healed":0,"gold_gain":175,"player_choice":"AGREE","damage_taken":0,"max_hp_gain":0,"max_hp_loss":0,"event_name":"Liars Game","floor":14,"gold_loss":0,"cards_obtained":["Doubt"]},{"damage_healed":0,"gold_gain":0,"player_choice":"Bet on Murderer","damage_taken":0,"max_hp_gain":0,"max_hp_loss":0,"event_name":"The Joust","floor":20,"gold_loss":50}],"is_beta":false,"boss_relics":[{"not_picked":["Astrolabe","Ring of the Serpent"],"picked":"Runic Pyramid"}],"items_purged_floors":[],"is_endless":false,"potions_floor_spawned":[1,2,8,10,21],"killed_by":"Slavers","ascension_level":1}}