{"host":"ocll6kdfqxraqtza","time":1612022233,"event":{"mods":["2.2 Compatiblity","Act Like it!","Aspiration","BaseMod","Better Third Choice","Gensokyo","Hallownest","Hermit","Hubris","Jorbs\u0027s Wanderer Trilogy","Luminous","Marisa（霧雨　魔理沙）","Minty Spire (QoL Compilation)","Reimu（博??梦）","Replay The Spire","Shade Mod","StSLib","The Alterego","The Bug Knight","The Cursed","The Hierophant","The Marked","The Runesmith","TheBandit","Wandering Minibosses"],"gold_per_floor":[216,232,232,117,117,147,72,72,72,72,79,99,99,129,129,227,227,245,245,112,112,123,150,150,177,203,203,217,246,262,262,262,354,354,369,88,88,96,101,101,0,16,67,67,67,67,67,67,67,42,42,42,42,71,66,66],"floor_reached":55,"language":"ENG","playtime":1817,"items_purged":["Defend_B","Strike_B","Strike_B"],"score":748,"play_id":"52606886-8079-4109-8a6e-f06c11839fc5","local_time":"20210130235713","is_ascension_mode":true,"campfire_choices":[{"data":"Zap","floor":8.0,"key":"SMITH"},{"data":"Dagger Spray","floor":10.0,"key":"SMITH"},{"data":"Beam Cell","floor":13.0,"key":"SMITH"},{"data":"FTL","floor":15.0,"key":"SMITH"},{"data":"Redo","floor":27.0,"key":"SMITH"},{"floor":32.0,"key":"DIG"},{"data":"hubris:DuctTapeCard","floor":40,"key":"SMITH"},{"floor":45,"key":"RECALL"},{"data":"Discovery","floor":47,"key":"SMITH"},{"data":"Panache","floor":49,"key":"SMITH"},{"data":"Crow Ritual","floor":52,"key":"SMITH"}],"circlet_count":0,"master_deck":["Defend_B","Dualcast","Go for the Eyes","Leap","Unload","Dagger Spray+1","Reflex","Beam Cell+1","Ball Lightning","FTL+1","All For One","Electrodynamics+1","BootSequence","Hologram+1","Melter+1","Crystallizer","Redo+1","Conserve Battery+1","Conserve Battery","Leap+1","hubris:DuctTapeCard+2","Decay","Panic Button+1","Cold Snap+1","Hologram+1","Melter+1","Hologram+1","Spreading Infection","Crow Ritual+1","Discovery+1","Panache+1","Streamline+1"],"relics":["Cracked Core","Odd Mushroom","hubris:Metronome","HollowMod:LifeEnderRelic","Centennial Puzzle","Sozu","aspiration:RitualStick","Bag of Preparation","ReplayTheSpireMod:Ninjato","Strawberry","Question Card","hubris:DuctTape","hubris:RunicObelisk","Vajra","Prayer Wheel","Red Mask","ReplayTheSpireMod:Ring of Exchange","Ring of Shattering","Blood Vial","Replay:Antivirus Software"],"acts_visited":["Hallownest:Greenpath","TheCity","TheBeyond","TheEnding"],"potions_floor_usage":[],"damage_taken":[{"damage":0.0,"enemies":"Hallownest:monsterHuskGuard","floor":1.0,"turns":3.0},{"damage":3.0,"enemies":"Hallownest:2_MossCreeps","floor":2.0,"turns":4.0},{"damage":10.0,"enemies":"Hallownest:2_Tiktiks_and_1_Crawlid","floor":3.0,"turns":6.0},{"damage":0.0,"enemies":"Hallownest:eliteMossKnight","floor":6.0,"turns":6.0},{"damage":9.0,"enemies":"Hallownest:MossCreep_and_Mosskin","floor":11.0,"turns":4.0},{"damage":0.0,"enemies":"Hallownest:monsterMossCharger","floor":12.0,"turns":2.0},{"damage":0.0,"enemies":"Hallownest:eliteCrystalGuardian","floor":14.0,"turns":1.0},{"damage":8.0,"enemies":"Hallownest:BossBrokenVessel","floor":16.0,"turns":3.0},{"damage":0.0,"enemies":"Spheric Guardian","floor":18.0,"turns":2.0},{"damage":7.0,"enemies":"2 Thieves","floor":22.0,"turns":2.0},{"damage":1.0,"enemies":"Book of Stabbing","floor":23.0,"turns":3.0},{"damage":15.0,"enemies":"Slavers","floor":25.0,"turns":3.0},{"damage":9.0,"enemies":"Snake Plant","floor":28.0,"turns":2.0},{"damage":13.0,"enemies":"HollowMod:Nosk","floor":29.0,"turns":3.0},{"damage":0.0,"enemies":"Cultist and Chosen","floor":30.0,"turns":2.0},{"damage":0.0,"enemies":"Automaton","floor":33.0,"turns":5.0},{"damage":0.0,"enemies":"Orb Walker","floor":35.0,"turns":2.0},{"damage":0,"enemies":"3 Darklings","floor":38,"turns":2},{"damage":0,"enemies":"Transient","floor":39,"turns":5},{"damage":3,"enemies":"Sphere and 2 Shapes","floor":42,"turns":2},{"damage":41,"enemies":"Replay:Hell Engine","floor":50,"turns":9},{"damage":25,"enemies":"Shield and Spear","floor":54,"turns":4},{"damage":78,"enemies":"The Heart","floor":55,"turns":5}],"seed_played":"-7504439143082185539","potions_obtained":[{"floor":1.0,"key":"SteroidPotion"},{"floor":3.0,"key":"Energy Potion"},{"floor":11.0,"key":"Fire Potion"},{"floor":16.0,"key":"FearPotion"}],"is_trial":false,"path_per_floor":["M","M","M","?","?","E","$","R","T","R","M","M","R","E","R","B",null,"M","?","$","?","M","E","?","E","T","R","M","E","M","?","R","B",null,"M","$","?","M","M","R","?","M","T","?","R","?","R","T","R","B",null,"R","$","E","B"],"character_chosen":"DEFECT","items_purchased":["Hologram+1","Vajra"],"campfire_rested":0,"item_purchase_floors":[20,36],"current_hp_per_floor":[75,72,62,62,62,62,62,62,62,62,53,53,53,53,53,45,75,75,60,60,60,53,52,52,37,44,44,35,22,22,22,22,22,82,82,82,82,82,82,82,82,79,79,79,79,69,69,69,69,30,82,82,82,57,0,0],"gold":66,"neow_bonus":"HUNDRED_GOLD","is_daily":false,"chose_seed":false,"campfire_upgraded":9,"win_rate":0.0,"timestamp":1612022233,"path_taken":["M","?","M","?","?","E","$","R","T","R","M","?","R","E","R","BOSS","M","?","$","?","?","E","?","E","T","R","M","E","?","?","R","BOSS","M","$","?","?","M","R","?","M","T","?","R","?","R","?","R","BOSS","R","$","E","BOSS"],"items_purchased_type":["Card","Relic"],"build_version":"2020-12-22","purchased_purges":3,"victory":false,"max_hp_per_floor":[75,75,75,75,75,75,75,75,75,75,75,75,75,75,75,75,75,75,75,75,75,75,75,75,75,82,82,82,82,82,82,82,82,82,82,82,82,82,82,82,82,82,82,82,82,82,82,82,82,82,82,82,82,82,82,82],"card_choices":[{"not_picked":["Panic Button","BasicCrystalCard"],"picked":"hubris:Ukulele","floor":1.0},{"not_picked":["Coolheaded","Reprogram"],"picked":"Go for the Eyes","floor":2.0},{"not_picked":["Sweeping Beam","Compile Driver"],"picked":"Leap","floor":3.0},{"not_picked":["Turbo","Chaos"],"picked":"Beam Cell","floor":6.0},{"not_picked":["ReplaySort","ReplayTheSpireMod:Repulse"],"picked":"Ball Lightning","floor":11.0},{"not_picked":["Panic Button","Streamline"],"picked":"FTL","floor":12.0},{"not_picked":["Turbo","Scrape"],"picked":"All For One","floor":14.0},{"not_picked":["Amplify","Multi-Cast"],"picked":"Electrodynamics","floor":16.0},{"not_picked":["Hologram","Beam Cell"],"picked":"BootSequence","floor":18.0},{"not_picked":["FTL","FIFO Queue"],"picked":"Melter+1","floor":22.0},{"not_picked":["Go for the Eyes","Time Bomb"],"picked":"Crystallizer","floor":23.0},{"not_picked":["Fusion","Hologram"],"picked":"Redo","floor":25.0},{"not_picked":["Turbo","Coolheaded"],"picked":"Conserve Battery+1","floor":28.0},{"not_picked":["Coolheaded","Hologram","Panic Button"],"picked":"SKIP","floor":29.0},{"not_picked":["Genetic Algorithm","hubris:Prefetch","Panic Button"],"picked":"Conserve Battery","floor":30.0},{"not_picked":["hubris:Prefetch","Meteor Strike","Machine Learning"],"picked":"ReplayTheSpireMod:Fabricate Wheel","floor":33.0},{"not_picked":["Rebound","Compile Driver","Barrage+1"],"picked":"Leap+1","floor":35.0},{"not_picked":["Sunder","Beam Cell","Capacitor"],"picked":"Panic Button+1","floor":38},{"not_picked":["Go for the Eyes","Hologram","Panic Button"],"picked":"Cold Snap+1","floor":39},{"not_picked":["Consume","Sweeping Beam+1","Machine Learning"],"picked":"Hologram+1","floor":39},{"not_picked":["hubris:Ukulele","Reprogram","Barrage+1"],"picked":"Melter+1","floor":42},{"not_picked":["Compile Driver","Stack","Beam Cell"],"picked":"Hologram+1","floor":42},{"not_picked":["Deep Breath","Flash of Steel","Dark Shackles"],"picked":"Crow Ritual","floor":46},{"not_picked":["Survey Options","Replay:BasicMightCard","Bandage Up"],"picked":"Discovery","floor":46},{"not_picked":["ReplayTheSpireMod:Trickstab","hubris:EnhanceAbility","Dramatic Entrance"],"picked":"Panache","floor":46},{"not_picked":["Cold Snap","Stack","Panic Button"],"picked":"Streamline+1","floor":54}],"player_experience":475570,"relics_obtained":[{"floor":6.0,"key":"hubris:Metronome"},{"floor":9.0,"key":"HollowMod:LifeEnderRelic"},{"floor":14.0,"key":"Centennial Puzzle"},{"floor":23.0,"key":"Bag of Preparation"},{"floor":25.0,"key":"ReplayTheSpireMod:Ninjato"},{"floor":26.0,"key":"Strawberry"},{"floor":29.0,"key":"Question Card"},{"floor":32.0,"key":"hubris:DuctTape"},{"floor":44,"key":"ReplayTheSpireMod:Ring of Exchange"},{"floor":44,"key":"Ring of Shattering"},{"floor":48,"key":"Blood Vial"},{"floor":54,"key":"Replay:Antivirus Software"}],"event_choices":[{"damage_healed":0.0,"max_hp_gain":0.0,"max_hp_loss":0.0,"gold_gain":0.0,"event_name":"Upgrade Shrine","player_choice":"Upgraded","floor":21.0,"gold_loss":0.0,"damage_taken":0.0,"cards_upgraded":["Electrodynamics"]},{"cards_removed":["Defend_B"],"damage_healed":0.0,"max_hp_gain":0.0,"max_hp_loss":0.0,"gold_gain":0.0,"event_name":"Purifier","player_choice":"Purged","floor":24.0,"gold_loss":0.0,"damage_taken":0.0},{"damage_healed":0.0,"max_hp_gain":0.0,"max_hp_loss":0.0,"gold_gain":0.0,"event_name":"Ghosts","player_choice":"Ignored","floor":31.0,"gold_loss":0.0,"damage_taken":0.0},{"damage_healed":0,"gold_gain":0,"player_choice":"Cursed","damage_taken":0,"max_hp_gain":0,"max_hp_loss":0,"event_name":"Wheel of Change","floor":37,"gold_loss":0,"cards_obtained":["Decay"]},{"damage_healed":0,"gold_gain":0,"player_choice":"Paid","damage_taken":0,"relics_obtained":["Red Mask"],"max_hp_gain":0,"max_hp_loss":0,"event_name":"Tomb of Lord Red Mask","floor":41,"gold_loss":101},{"damage_healed":0,"gold_gain":0,"player_choice":"Memory 3","damage_taken":10,"max_hp_gain":0,"max_hp_loss":0,"event_name":"SensoryStone","floor":46,"gold_loss":0}],"is_beta":false,"boss_relics":[{"not_picked":["hubris:Stopwatch","Replay:Grab Bag"],"picked":"Sozu"},{"not_picked":["aspiration:FutureDiary","hubris:Backtick"],"picked":"hubris:RunicObelisk"}],"items_purged_floors":[7,20,36],"is_endless":false,"potions_floor_spawned":[1,3,11,16,23,25,30,33,38,42],"killed_by":"The Heart","ascension_level":3}}