{"host":"f0gpob8hq9vgebej","time":1612013666,"event":{"mods":["AchievementEnabler","BaseMod","Minty Spire (QoL Compilation)","Quick Restart","SuperFastMode"],"gold_per_floor":[115,126,143,162,112,112,142,142,165,18,31,46,57,69,69,172,172,184,204,224,241,241,241],"floor_reached":0,"language":"KOR","playtime":0,"items_purged":["Strike_B"],"score":0,"play_id":"7a226d2e-e008-4fcf-a67b-17d7d3b99104","local_time":"20210130223426","is_ascension_mode":true,"campfire_choices":[{"data":"Zap","floor":6.0,"key":"SMITH"},{"data":"Static Discharge","floor":15,"key":"SMITH"}],"circlet_count":0,"master_deck":["AscendersBane","Strike_B","Strike_B","Defend_B","Defend_B","Defend_B","Zap+1","Dualcast","Ball Lightning","Compile Driver","Hologram","Self Repair","Sweeping Beam","Capacitor","Static Discharge+1","Turbo","Biased Cognition","Coolheaded","BootSequence"],"relics":["Cracked Core","Blood Vial","DataDisk"],"acts_visited":["Exordium","TheCity"],"potions_floor_usage":[16,20,21],"damage_taken":[{"damage":2.0,"enemies":"Jaw Worm","floor":1.0,"turns":4.0},{"damage":8.0,"enemies":"Small Slimes","floor":2.0,"turns":3.0},{"damage":0.0,"enemies":"Cultist","floor":3.0,"turns":3.0},{"damage":3.0,"enemies":"Large Slime","floor":4.0,"turns":5.0},{"damage":27.0,"enemies":"Lagavulin","floor":7.0,"turns":6.0},{"damage":0,"enemies":"Exordium Wildlife","floor":11,"turns":3},{"damage":12,"enemies":"3 Louse","floor":12,"turns":3},{"damage":4,"enemies":"Looter","floor":13,"turns":3},{"damage":8,"enemies":"Exordium Thugs","floor":14,"turns":3},{"damage":0,"enemies":"Slime Boss","floor":16,"turns":7},{"damage":5,"enemies":"3 Byrds","floor":18,"turns":1},{"damage":27,"enemies":"Spheric Guardian","floor":19,"turns":3},{"damage":20,"enemies":"Cultist and Chosen","floor":20,"turns":3},{"damage":41,"enemies":"Chosen and Byrds","floor":21,"turns":6},{"damage":2,"enemies":"Masked Bandits","floor":22,"turns":2}],"seed_played":"4944462895575788707","potions_obtained":[{"floor":2.0,"key":"DistilledChaos"},{"floor":4.0,"key":"Regen Potion"},{"floor":7.0,"key":"FearPotion"},{"floor":12,"key":"Regen Potion"},{"floor":13,"key":"DistilledChaos"},{"floor":19,"key":"Explosive Potion"}],"is_trial":false,"path_per_floor":["M","M","M","M","?","R","E","?","T","$","M","M","M","M","R","B",null,"M","M","M","M","?"],"character_chosen":"DEFECT","items_purchased":["Capacitor"],"campfire_rested":0,"item_purchase_floors":[10],"current_hp_per_floor":[73,65,65,62,62,62,42,42,42,42,51,48,53,54,54,63,77,74,56,38,21,21,21],"gold":241,"neow_bonus":"TEN_PERCENT_HP_BONUS","is_daily":false,"chose_seed":false,"campfire_upgraded":2,"win_rate":0.0,"timestamp":1612013666,"path_taken":["M","M","M","M","?","R","E","?","T","$","M","M","?","M","R","BOSS","M","M","M","M","?"],"items_purchased_type":["Card"],"build_version":"2020-12-22","purchased_purges":1,"victory":false,"max_hp_per_floor":[82,82,82,82,82,82,82,82,82,82,82,82,82,82,82,82,82,82,82,82,82,82,82],"card_choices":[{"not_picked":["Streamline","Redo"],"picked":"Ball Lightning","floor":1.0},{"not_picked":["Steam","Gash"],"picked":"Compile Driver","floor":2.0},{"not_picked":["Multi-Cast","Compile Driver"],"picked":"Hologram","floor":3.0},{"not_picked":["Hello World","Beam Cell"],"picked":"Self Repair","floor":4.0},{"not_picked":["Compile Driver","Leap"],"picked":"Sweeping Beam","floor":7.0},{"not_picked":["Sweeping Beam","Beam Cell","Streamline"],"picked":"SKIP","floor":11},{"not_picked":["Go for the Eyes","Redo","Blizzard"],"picked":"SKIP","floor":12},{"not_picked":["Hello World","Go for the Eyes"],"picked":"Static Discharge","floor":13},{"not_picked":["Blizzard","Sweeping Beam"],"picked":"Turbo","floor":14},{"not_picked":["Rainbow","All For One"],"picked":"Biased Cognition","floor":16},{"not_picked":["Gash","Go for the Eyes+1","Stack+1"],"picked":"SKIP","floor":18},{"not_picked":["Rebound","Streamline","Beam Cell"],"picked":"SKIP","floor":19},{"not_picked":["Sweeping Beam","Beam Cell"],"picked":"Coolheaded","floor":20},{"not_picked":["Gash","Rebound"],"picked":"BootSequence","floor":21}],"player_experience":291098,"relics_obtained":[{"floor":7.0,"key":"Blood Vial"},{"floor":9.0,"key":"DataDisk"}],"event_choices":[{"cards_removed":["Strike_B"],"damage_healed":0.0,"max_hp_gain":0.0,"max_hp_loss":0.0,"gold_gain":0.0,"event_name":"The Cleric","player_choice":"Card Removal","floor":5.0,"gold_loss":50.0,"damage_taken":0.0},{"cards_removed":["Defend_B"],"damage_healed":0.0,"max_hp_gain":0.0,"max_hp_loss":0.0,"gold_gain":0.0,"event_name":"Purifier","player_choice":"Purged","floor":8.0,"gold_loss":0.0,"damage_taken":0.0},{"damage_healed":0,"gold_gain":0,"player_choice":"Fought Bandits","damage_taken":0,"max_hp_gain":0,"max_hp_loss":0,"event_name":"Masked Bandits","floor":22,"gold_loss":0}],"is_beta":false,"boss_relics":[{"not_picked":["Cursed Key","Fusion Hammer","Coffee Dripper"]}],"items_purged_floors":[10],"is_endless":false,"potions_floor_spawned":[2,4,7,12,13,19],"killed_by":"Masked Bandits","ascension_level":11}}