{"host":"q0ahhcf6jhp3yzzb","time":1612044174,"event":{"mods":["Ascension Unlocker","BaseMod","Bestiary","Minty Spire (QoL Compilation)","Relic Stats","StSLib"],"gold_per_floor":[109,384,395,395,131,131,162,180,206,238,238,270,281,313,313,390,390,408,428,74,74,74,99,111,123,123],"floor_reached":25,"language":"ENG","playtime":765,"items_purged":["Pain","Regret"],"score":594,"play_id":"a372659a-8eff-41fc-b626-d14423e4e5d2","local_time":"20210130150254","is_ascension_mode":true,"campfire_choices":[{"data":"Fiend Fire","floor":6.0,"key":"SMITH"},{"data":"Bash","floor":11.0,"key":"SMITH"},{"data":"Clothesline","floor":15,"key":"SMITH"}],"circlet_count":0,"master_deck":["AscendersBane","Strike_R","Strike_R","Strike_R","Strike_R","Strike_R","Defend_R","Defend_R","Defend_R+1","Defend_R+1","Bash+1","Cleave","Fiend Fire+1","Feel No Pain","Reaper","Twin Strike","Ghostly Armor","Thunderclap","Clothesline+1","Demon Form","Whirlwind","Reaper","Flame Barrier","Shrug It Off+1","Decay"],"relics":["Burning Blood","NeowsBlessing","WarpedTongs","Orichalcum","War Paint","StoneCalendar","Bottled Tornado","Regal Pillow","Fusion Hammer","DollysMirror","MawBank"],"acts_visited":["Exordium","TheCity"],"potions_floor_usage":[16,16,23],"damage_taken":[{"damage":0.0,"enemies":"2 Louse","floor":1.0,"turns":1.0},{"damage":0.0,"enemies":"Cultist","floor":3.0,"turns":1.0},{"damage":0.0,"enemies":"Lagavulin","floor":7.0,"turns":1.0},{"damage":13.0,"enemies":"Jaw Worm","floor":8.0,"turns":4.0},{"damage":8.0,"enemies":"3 Sentries","floor":10.0,"turns":5.0},{"damage":2.0,"enemies":"Gremlin Nob","floor":12.0,"turns":3.0},{"damage":11,"enemies":"Exordium Thugs","floor":13,"turns":5},{"damage":17,"enemies":"3 Sentries","floor":14,"turns":7},{"damage":21,"enemies":"Hexaghost","floor":16,"turns":8},{"damage":3,"enemies":"Chosen","floor":18,"turns":5},{"damage":5,"enemies":"Spheric Guardian","floor":19,"turns":4},{"damage":89,"enemies":"Gremlin Leader","floor":23,"turns":7},{"damage":23,"enemies":"Shelled Parasite and Fungi","floor":25,"turns":1}],"seed_played":"-2178176154047863235","potions_obtained":[{"floor":1.0,"key":"Strength Potion"},{"floor":10.0,"key":"Fire Potion"},{"floor":12.0,"key":"Strength Potion"},{"floor":13,"key":"SkillPotion"},{"floor":19,"key":"BlessingOfTheForge"},{"floor":23,"key":"Fire Potion"}],"is_trial":false,"path_per_floor":["M","?","M","?","$","R","E","M","T","E","R","E","M","E","R","B",null,"M","M","$","?","?","E","?","M"],"character_chosen":"IRONCLAD","items_purchased":["Fiend Fire","Feel No Pain","DollysMirror","Flame Barrier"],"campfire_rested":0,"item_purchase_floors":[5,5,20,20],"current_hp_per_floor":[74,74,75,75,75,75,75,68,68,66,66,70,75,64,64,49,69,75,75,75,75,75,18,18,0,0],"gold":123,"neow_bonus":"THREE_ENEMY_KILL","is_daily":false,"chose_seed":false,"campfire_upgraded":3,"win_rate":0.0,"timestamp":1612044174,"path_taken":["M","?","?","?","$","R","E","M","T","E","R","E","M","E","R","BOSS","M","M","$","?","?","E","?","M"],"items_purchased_type":["Card","Card","Relic","Card"],"build_version":"2020-12-22","purchased_purges":2,"victory":false,"max_hp_per_floor":[75,75,75,75,75,75,75,75,75,75,75,75,75,75,75,75,75,75,75,75,75,75,75,75,75,75],"relic_stats":{"Regal Pillow":0,"counters":[13,52],"StoneCalendar":[66],"Orichalcum":[114],"War Paint":["Defend_R","Defend_R"],"MawBank":24,"obtain_stats":[{"Regal Pillow":14,"NeowsBlessing":0,"DollysMirror":20,"StoneCalendar":10,"Fusion Hammer":17,"Orichalcum":7,"War Paint":9,"Bottled Tornado":12,"MawBank":23,"Burning Blood":0,"WarpedTongs":4},{"Regal Pillow":8,"NeowsBlessing":0,"DollysMirror":11,"StoneCalendar":5,"Fusion Hammer":9,"Orichalcum":3,"War Paint":4,"Bottled Tornado":6,"MawBank":12,"Burning Blood":0,"WarpedTongs":2},{"Regal Pillow":27,"NeowsBlessing":0,"DollysMirror":44,"StoneCalendar":12,"Fusion Hammer":35,"Orichalcum":3,"War Paint":7,"Bottled Tornado":15,"MawBank":51,"Burning Blood":0,"WarpedTongs":2}],"Burning Blood":54,"WarpedTongs":[49]},"card_choices":[{"not_picked":["Dual Wield","Clash","Iron Wave"],"picked":"SKIP","floor":1.0},{"not_picked":["Second Wind","True Grit"],"picked":"Cleave","floor":3.0},{"not_picked":["Fiend Fire","Heavy Blade"],"picked":"Reaper","floor":7.0},{"not_picked":["Searing Blow","Dual Wield"],"picked":"Twin Strike","floor":8.0},{"not_picked":["True Grit","Whirlwind"],"picked":"Ghostly Armor","floor":10.0},{"not_picked":["Entrench","Intimidate"],"picked":"Thunderclap","floor":12.0},{"not_picked":["Armaments","Havoc"],"picked":"Clothesline","floor":13},{"not_picked":["Dark Embrace","Second Wind","Cleave"],"picked":"SKIP","floor":14},{"not_picked":["Feed","Impervious"],"picked":"Demon Form","floor":16},{"not_picked":["Pommel Strike","Inflame","Intimidate"],"picked":"SKIP","floor":18},{"not_picked":["Evolve","Wild Strike"],"picked":"Whirlwind","floor":19},{"not_picked":["True Grit","Hemokinesis"],"picked":"Shrug It Off+1","floor":23}],"player_experience":821224,"relics_obtained":[{"floor":7.0,"key":"Orichalcum"},{"floor":9.0,"key":"War Paint"},{"floor":10.0,"key":"StoneCalendar"},{"floor":12.0,"key":"Bottled Tornado"},{"floor":14,"key":"Regal Pillow"},{"floor":23,"key":"MawBank"}],"event_choices":[{"damage_healed":0.0,"max_hp_gain":0.0,"max_hp_loss":0.0,"gold_gain":275.0,"event_name":"Golden Shrine","player_choice":"Desecrate","floor":2.0,"gold_loss":0.0,"damage_taken":0.0,"cards_obtained":["Regret"]},{"damage_healed":0.0,"max_hp_gain":0.0,"max_hp_loss":0.0,"gold_gain":0.0,"event_name":"Accursed Blacksmith","player_choice":"Rummage","floor":4.0,"gold_loss":0.0,"damage_taken":0.0,"relics_obtained":["WarpedTongs"],"cards_obtained":["Pain"]},{"damage_healed":0,"gold_gain":0,"player_choice":"Ignored","damage_taken":0,"max_hp_gain":0,"max_hp_loss":0,"event_name":"Ghosts","floor":22,"gold_loss":0},{"damage_healed":0,"gold_gain":0,"player_choice":"Smashed Altar","damage_taken":0,"max_hp_gain":0,"max_hp_loss":0,"event_name":"Forgotten Altar","floor":24,"gold_loss":0,"cards_obtained":["Decay"]}],"is_beta":false,"boss_relics":[{"not_picked":["Astrolabe","SacredBark"],"picked":"Fusion Hammer"}],"items_purged_floors":[5,20],"is_endless":false,"potions_floor_spawned":[1,10,12,13,19,23],"killed_by":"Shelled Parasite and Fungi","ascension_level":20}}