{"host":"ELF","time":1612041159,"event":{"mods":["BaseMod","Bestiary","Minty Spire (QoL Compilation)","Relic Stats","Slay the Relics Exporter"],"gold_per_floor":[113,188,188,6,20,20,37,53,76,76,86,86,86,86,86,185,185,198,198,178,192,21,21,21],"floor_reached":23,"language":"ENG","playtime":574,"items_purged":["Strike_B"],"score":358,"play_id":"2c4f7d0c-c9fc-40fd-9d4d-90d79d7036a6","local_time":"20210130151239","is_ascension_mode":true,"campfire_choices":[{"floor":6,"key":"REST"},{"floor":10,"key":"REST"},{"data":"Consume","floor":12,"key":"SMITH"},{"floor":15,"key":"REST"}],"circlet_count":0,"master_deck":["AscendersBane","Strike_B","Defend_B","Defend_B","Defend_B","Defend_B","Zap+1","Dualcast","Ball Lightning","Gash","Streamline","Consume+1","Gash","Defragment+1","Electrodynamics","Machine Learning","Auto Shields","Skim"],"relics":["Runic Pyramid","Juzu Bracelet","Golden Idol","Busted Crown","Bag of Preparation"],"acts_visited":["Exordium","TheCity"],"potions_floor_usage":[16,21,23],"damage_taken":[{"damage":1,"enemies":"Cultist","floor":1,"turns":4},{"damage":6,"enemies":"2 Louse","floor":5,"turns":2},{"damage":7,"enemies":"Jaw Worm","floor":7,"turns":2},{"damage":16,"enemies":"Blue Slaver","floor":8,"turns":4},{"damage":24,"enemies":"Red Slaver","floor":11,"turns":4},{"damage":30,"enemies":"Hexaghost","floor":16,"turns":9},{"damage":29,"enemies":"2 Thieves","floor":18,"turns":3},{"damage":19,"enemies":"3 Byrds","floor":21,"turns":3},{"damage":5,"enemies":"Slavers","floor":23,"turns":1}],"seed_played":"-2563513474039536359","potions_obtained":[{"floor":5,"key":"Strength Potion"},{"floor":7,"key":"Dexterity Potion"},{"floor":11,"key":"Weak Potion"},{"floor":18,"key":"AttackPotion"},{"floor":20,"key":"Weak Potion"}],"is_trial":false,"path_per_floor":["M","?","?","$","M","R","M","M","T","R","M","R","?","?","R","B",null,"M","?","?","M","$","E"],"character_chosen":"DEFECT","items_purchased":["Gash","Streamline","Bag of Preparation"],"campfire_rested":3,"item_purchase_floors":[4,4,22],"current_hp_per_floor":[63,52,45,45,39,60,53,37,37,58,34,34,34,15,34,4,49,20,20,20,1,1,0,0],"gold":21,"neow_bonus":"BOSS_RELIC","is_daily":false,"chose_seed":false,"campfire_upgraded":1,"win_rate":0.0,"timestamp":1612041159,"path_taken":["M","?","?","$","M","R","M","M","T","R","M","R","?","?","R","BOSS","M","?","?","M","$","E"],"items_purchased_type":["Card","Card","Relic"],"build_version":"2020-12-18","purchased_purges":1,"victory":false,"max_hp_per_floor":[71,71,71,71,71,71,71,71,71,71,71,71,64,64,64,64,64,64,64,64,64,64,64,64],"relic_stats":{"Busted Crown":4,"counters":[9,32],"Golden Idol":26,"Juzu Bracelet":2,"Bag of Preparation":[2],"obtain_stats":[{"Busted Crown":17,"Golden Idol":13,"Juzu Bracelet":9,"Bag of Preparation":22,"Cracked Core":0,"Runic Pyramid":0},{"Busted Crown":6,"Golden Idol":5,"Juzu Bracelet":4,"Bag of Preparation":8,"Cracked Core":0,"Runic Pyramid":0},{"Busted Crown":25,"Golden Idol":16,"Juzu Bracelet":12,"Bag of Preparation":31,"Cracked Core":0,"Runic Pyramid":0}]},"card_choices":[{"not_picked":["Turbo","Steam"],"picked":"Ball Lightning","floor":1},{"not_picked":["Beam Cell","Turbo"],"picked":"Consume","floor":5},{"not_picked":["Steam","Blizzard"],"picked":"Gash","floor":7},{"not_picked":["Skim","Beam Cell"],"picked":"Defragment","floor":8},{"not_picked":["Coolheaded","Turbo"],"picked":"Electrodynamics","floor":11},{"not_picked":["Multi-Cast","Buffer"],"picked":"Machine Learning","floor":16},{"not_picked":[],"picked":"Auto Shields","floor":18},{"not_picked":["Consume"],"picked":"SKIP","floor":21}],"player_experience":3363320,"relics_obtained":[{"floor":9,"key":"Juzu Bracelet"}],"event_choices":[{"damage_healed":0,"gold_gain":75,"player_choice":"Gather Gold","damage_taken":11,"max_hp_gain":0,"max_hp_loss":0,"event_name":"World of Goop","floor":2,"gold_loss":0},{"cards_removed":["Strike_B"],"damage_healed":0,"gold_gain":0,"player_choice":"Card Removal","damage_taken":7,"max_hp_gain":0,"max_hp_loss":0,"event_name":"Golden Wing","floor":3,"gold_loss":0},{"damage_healed":0,"gold_gain":0,"player_choice":"Lose Max HP","damage_taken":0,"relics_obtained":["Golden Idol"],"max_hp_gain":0,"max_hp_loss":7,"event_name":"Golden Idol","floor":13,"gold_loss":0},{"damage_healed":0,"gold_gain":0,"player_choice":"Entered Light","damage_taken":19,"max_hp_gain":0,"max_hp_loss":0,"event_name":"Shining Light","floor":14,"gold_loss":0,"cards_upgraded":["Zap","Defragment"]},{"damage_healed":0,"gold_gain":0,"cards_transformed":["Strike_B"],"player_choice":"Transformed","damage_taken":0,"max_hp_gain":0,"max_hp_loss":0,"event_name":"Transmorgrifier","floor":19,"gold_loss":0,"cards_obtained":["Skim"]},{"damage_healed":0,"gold_gain":0,"player_choice":"Bought 1 Potion","damage_taken":0,"max_hp_gain":0,"max_hp_loss":0,"event_name":"The Woman in Blue","floor":20,"gold_loss":0}],"is_beta":true,"boss_relics":[{"not_picked":["Ectoplasm","SacredBark"],"picked":"Busted Crown"}],"items_purged_floors":[4],"is_endless":false,"potions_floor_spawned":[5,7,11,18],"killed_by":"Slavers","ascension_level":20}}