{"host":"ga4s3hj9m6nkn6gp","time":1612022532,"event":{"mods":["AchievementEnabler","BaseMod","Bestiary","Colored Powertips","Highlight Path","Minty Spire (QoL Compilation)","Relic Stats","everything is the same but u backflip on backflip"],"gold_per_floor":[114,84,103,113,133,133,145,172,220,220,254,254,296,46,46,132,132,157,72,101,101,110,110,41,68,68,112,126,126,146,180,180,265,265,294,321,42,42,63,95,112,147,147,147,176,176,196,196,196,196,196,196,44,87,87],"floor_reached":56,"language":"ENG","playtime":8246,"items_purged":[],"score":2064,"play_id":"39178bf7-9ff4-4467-82f5-10ba5e3eefc0","local_time":"20210130170212","is_ascension_mode":true,"campfire_choices":[{"data":"Streamline","floor":6,"key":"SMITH"},{"data":"Hologram","floor":15,"key":"SMITH"},{"data":"Genetic Algorithm","floor":23,"key":"SMITH"},{"floor":32,"key":"REST"},{"floor":44,"key":"RECALL"},{"floor":46,"key":"REST"},{"data":"1","floor":49,"key":"LIFT"},{"data":"2","floor":52,"key":"LIFT"}],"circlet_count":0,"master_deck":["AscendersBane","Strike_B","Strike_B","Defend_B","Defend_B","Defend_B","Defend_B","Zap","Dualcast","Chill","Streamline+1","Compile Driver","Hologram+1","Genetic Algorithm+1","Compile Driver+1","Leap+1","Undo+1","Reprogram+1","Echo Form","Hologram+1","Stack+1","Reprogram+1","Skim+1","Conserve Battery+1","Meteor Strike","Recycle+1","Seek+1","FTL+1","Rebound","Hologram+1","Core Surge","Aggregate+1","Compile Driver+1"],"relics":["Cracked Core","Orichalcum","Tiny Chest","Toxic Egg 2","Vajra","CeramicFish","Whetstone","Snecko Eye","Nunchaku","Pantograph","Ice Cream","Akabeko","Matryoshka","Singing Bowl","Sozu","Bottled Flame","Bronze Scales","InkBottle","Omamori","DataDisk","Girya","Strange Spoon","FossilizedHelix"],"acts_visited":["Exordium","TheCity","TheBeyond","TheEnding"],"potions_floor_usage":[8,8,13,40],"damage_taken":[{"damage":0,"enemies":"Small Slimes","floor":1,"turns":3},{"damage":0,"enemies":"Cultist","floor":3,"turns":3},{"damage":2,"enemies":"2 Louse","floor":4,"turns":2},{"damage":9,"enemies":"Red Slaver","floor":5,"turns":3},{"damage":0,"enemies":"2 Fungi Beasts","floor":7,"turns":3},{"damage":13,"enemies":"Lagavulin","floor":8,"turns":5},{"damage":25,"enemies":"Gremlin Nob","floor":11,"turns":4},{"damage":16,"enemies":"Lagavulin","floor":13,"turns":5},{"damage":0,"enemies":"Hexaghost","floor":16,"turns":12},{"damage":0,"enemies":"Chosen","floor":18,"turns":5},{"damage":0,"enemies":"Spheric Guardian","floor":20,"turns":4},{"damage":0,"enemies":"Centurion and Healer","floor":25,"turns":6},{"damage":27,"enemies":"Slavers","floor":27,"turns":8},{"damage":0,"enemies":"3 Cultists","floor":28,"turns":5},{"damage":0,"enemies":"Snake Plant","floor":30,"turns":3},{"damage":27,"enemies":"Gremlin Leader","floor":31,"turns":6},{"damage":3,"enemies":"Champ","floor":33,"turns":10},{"damage":10,"enemies":"3 Darklings","floor":35,"turns":8},{"damage":0,"enemies":"Orb Walker","floor":36,"turns":2},{"damage":0,"enemies":"Maw","floor":39,"turns":5},{"damage":15,"enemies":"Nemesis","floor":40,"turns":5},{"damage":0,"enemies":"Jaw Worm Horde","floor":41,"turns":3},{"damage":0,"enemies":"Giant Head","floor":42,"turns":6},{"damage":25,"enemies":"3 Darklings","floor":45,"turns":5},{"damage":1,"enemies":"Writhing Mass","floor":47,"turns":5},{"damage":0,"enemies":"Donu and Deca","floor":50,"turns":7},{"damage":24,"enemies":"Shield and Spear","floor":54,"turns":6},{"damage":64,"enemies":"The Heart","floor":55,"turns":10}],"seed_played":"8328557800761695425","potions_obtained":[{"floor":2,"key":"Ancient Potion"},{"floor":2,"key":"FearPotion"},{"floor":5,"key":"AttackPotion"},{"floor":11,"key":"LiquidMemories"},{"floor":18,"key":"GamblersBrew"}],"is_trial":false,"path_per_floor":["M","?","M","M","M","R","M","E","T","?","E","?","E","$","R","B",null,"M","?","M","T","?","R","$","M","T","E","M","?","M","E","R","B",null,"M","M","$","T","M","E","M","E","T","R","M","R","M","?","R","B",null,"R","$","E","B",null],"character_chosen":"DEFECT","items_purchased":["Whetstone","FairyPotion","Skim+1","Hologram+1","Bottled Flame","Strange Spoon"],"campfire_rested":2,"item_purchase_floors":[14,14,24,37,37,53],"current_hp_per_floor":[71,71,71,69,60,60,60,47,47,47,22,22,6,6,6,6,60,60,60,60,60,60,60,60,60,60,33,33,33,33,8,32,54,74,64,64,64,64,64,51,53,55,55,55,30,55,56,56,56,81,86,86,86,62,23],"gold":87,"neow_bonus":"TEN_PERCENT_HP_BONUS","is_daily":false,"chose_seed":false,"campfire_upgraded":3,"win_rate":0.0,"timestamp":1612022532,"path_taken":["M","?","M","M","?","R","M","E","T","?","E","?","E","$","R","BOSS","M","?","M","?","?","R","$","M","T","E","M","?","?","E","R","BOSS","M","M","$","?","M","E","?","E","T","R","M","R","M","?","R","BOSS","R","$","E","BOSS"],"items_purchased_type":["Relic","Potion","Card","Card","Relic","Relic"],"build_version":"2020-12-22","purchased_purges":0,"victory":true,"max_hp_per_floor":[78,78,78,78,78,78,78,78,78,78,78,78,78,78,78,78,78,78,78,78,78,78,78,78,78,78,78,78,78,78,80,80,80,80,80,80,80,80,80,82,84,86,86,86,86,86,88,88,88,88,88,88,88,88,88],"relic_stats":{"Singing Bowl":10,"counters":[28,149],"CeramicFish":144,"Whetstone":["Strike_B","Compile Driver"],"Orichalcum":[84],"Sozu":5,"Strange Spoon":[1],"Nunchaku":[22],"Pantograph":75,"Bronze Scales":[259],"Snecko Eye":[210,246,235,226],"Tiny Chest":2,"obtain_stats":[{"Ice Cream":26,"Girya":43,"Singing Bowl":31,"CeramicFish":13,"Vajra":11,"Omamori":42,"Whetstone":14,"Orichalcum":8,"Akabeko":27,"Sozu":34,"Strange Spoon":53,"Nunchaku":19,"Bottled Flame":37,"DataDisk":43,"Matryoshka":29,"Pantograph":21,"Bronze Scales":38,"Snecko Eye":17,"Tiny Chest":9,"Toxic Egg 2":10,"Cracked Core":0,"InkBottle":40,"FossilizedHelix":54},{"Ice Cream":12,"Girya":23,"Singing Bowl":16,"CeramicFish":8,"Vajra":7,"Omamori":23,"Whetstone":8,"Orichalcum":6,"Akabeko":13,"Sozu":17,"Strange Spoon":26,"Nunchaku":10,"Bottled Flame":19,"DataDisk":23,"Matryoshka":14,"Pantograph":11,"Bronze Scales":19,"Snecko Eye":9,"Tiny Chest":6,"Toxic Egg 2":6,"Cracked Core":0,"InkBottle":21,"FossilizedHelix":27},{"Ice Cream":55,"Girya":116,"Singing Bowl":77,"CeramicFish":28,"Vajra":23,"Omamori":116,"Whetstone":28,"Orichalcum":19,"Akabeko":63,"Sozu":87,"Strange Spoon":133,"Nunchaku":45,"Bottled Flame":97,"DataDisk":116,"Matryoshka":68,"Pantograph":49,"Bronze Scales":97,"Snecko Eye":40,"Tiny Chest":19,"Toxic Egg 2":19,"Cracked Core":0,"InkBottle":107,"FossilizedHelix":139}],"InkBottle":[29]},"card_choices":[{"not_picked":["Steam","Redo"],"picked":"Chill","floor":1},{"not_picked":["Consume","Compile Driver"],"picked":"Streamline","floor":3},{"not_picked":["Beam Cell","Leap"],"picked":"Compile Driver","floor":4},{"not_picked":["Heatsinks","Barrage"],"picked":"Hologram","floor":5},{"not_picked":["Undo","Turbo"],"picked":"Genetic Algorithm","floor":7},{"not_picked":["Biased Cognition","Leap"],"picked":"Compile Driver","floor":8},{"not_picked":["Ball Lightning","Darkness+1"],"picked":"Leap+1","floor":11},{"not_picked":["Ball Lightning","White Noise+1"],"picked":"Reprogram+1","floor":13},{"not_picked":["Rainbow+1","Meteor Strike"],"picked":"Echo Form","floor":16},{"not_picked":["Cold Snap","Go for the Eyes"],"picked":"Hologram+1","floor":18},{"not_picked":["Redo+1","Rip and Tear"],"picked":"Stack+1","floor":20},{"not_picked":["Barrage","Compile Driver+1"],"picked":"Conserve Battery+1","floor":25},{"not_picked":["Defragment","Loop+1"],"picked":"Meteor Strike","floor":27},{"not_picked":["Sweeping Beam","Barrage","Redo+1"],"picked":"SKIP","floor":28},{"not_picked":["White Noise+1","Reinforced Body+1"],"picked":"Recycle+1","floor":30},{"not_picked":["Barrage","Hello World","Defragment"],"picked":"Singing Bowl","floor":31},{"not_picked":["Reboot+1","Meteor Strike"],"picked":"Seek+1","floor":33},{"not_picked":["Go for the Eyes+1","Compile Driver"],"picked":"FTL+1","floor":35},{"not_picked":["Cold Snap","Barrage"],"picked":"Rebound","floor":36},{"not_picked":["Leap+1","Darkness+1"],"picked":"Core Surge","floor":39},{"not_picked":["Storm","Steam Power+1","Barrage"],"picked":"Singing Bowl","floor":40},{"not_picked":["Redo+1","Rebound","Conserve Battery+1"],"picked":"Singing Bowl","floor":41},{"not_picked":["Stack+1","Ball Lightning+1","Turbo+1"],"picked":"Singing Bowl","floor":42},{"not_picked":["Force Field+1","Turbo+1"],"picked":"Aggregate+1","floor":45},{"not_picked":["Stack+1","Rebound","Conserve Battery+1"],"picked":"Singing Bowl","floor":47},{"not_picked":["Amplify+1","Rebound"],"picked":"Compile Driver+1","floor":54}],"player_experience":713918,"relics_obtained":[{"floor":8,"key":"Orichalcum"},{"floor":9,"key":"Tiny Chest"},{"floor":11,"key":"Vajra"},{"floor":13,"key":"CeramicFish"},{"floor":21,"key":"Pantograph"},{"floor":26,"key":"Ice Cream"},{"floor":27,"key":"Akabeko"},{"floor":31,"key":"Singing Bowl"},{"floor":38,"key":"Bronze Scales"},{"floor":40,"key":"InkBottle"},{"floor":42,"key":"Omamori"},{"floor":43,"key":"DataDisk"},{"floor":43,"key":"Girya"},{"floor":54,"key":"FossilizedHelix"}],"event_choices":[{"damage_healed":0,"gold_gain":0,"player_choice":"Bought 2 Potions","damage_taken":0,"max_hp_gain":0,"max_hp_loss":0,"event_name":"The Woman in Blue","floor":2,"gold_loss":0},{"damage_healed":0,"gold_gain":0,"player_choice":"Searched \u00271\u0027 times","damage_taken":0,"relics_obtained":["Toxic Egg 2"],"max_hp_gain":0,"max_hp_loss":0,"event_name":"Dead Adventurer","floor":10,"gold_loss":0},{"damage_healed":0,"gold_gain":0,"cards_transformed":["Strike_B"],"player_choice":"Transformed","damage_taken":0,"max_hp_gain":0,"max_hp_loss":0,"event_name":"Transmorgrifier","floor":12,"gold_loss":0,"cards_obtained":["Undo"]},{"damage_healed":0,"gold_gain":0,"player_choice":"Obtained Relic","damage_taken":0,"relics_obtained":["Nunchaku"],"max_hp_gain":0,"max_hp_loss":0,"event_name":"Addict","floor":19,"gold_loss":85},{"damage_healed":0,"gold_gain":0,"player_choice":"Read","damage_taken":0,"max_hp_gain":0,"max_hp_loss":0,"event_name":"The Library","floor":22,"gold_loss":0,"cards_obtained":["Reprogram"]},{"damage_healed":0,"gold_gain":0,"player_choice":"Opened","damage_taken":0,"relics_obtained":["Matryoshka"],"max_hp_gain":0,"max_hp_loss":0,"event_name":"The Mausoleum","floor":29,"gold_loss":0},{"cards_removed":["Strike_B"],"damage_healed":0,"gold_gain":0,"player_choice":"Removed Attack","damage_taken":0,"max_hp_gain":0,"max_hp_loss":0,"event_name":"Falling","floor":48,"gold_loss":0}],"is_beta":false,"boss_relics":[{"not_picked":["FrozenCore","Inserter"],"picked":"Snecko Eye"},{"not_picked":["SacredBark","Coffee Dripper"],"picked":"Sozu"}],"items_purged_floors":[],"is_endless":false,"potions_floor_spawned":[5,7,11,18,30,31,39,40,42,45,47],"ascension_level":14}}