{"host":"mnpd8gh7cwxsn5kh","time":1612021749,"event":{"mods":["BaseMod","Bestiary","Block Reminder","Colored Map","Colored Powertips","Highlight Path","Minty Spire (QoL Compilation)","Relic Sorter","Relic Stats"],"gold_per_floor":[112,130,80,80,98,98,128,128,128,161,161,161,174,174,174,174,174],"floor_reached":16,"language":"ENG","playtime":875,"items_purged":[],"score":140,"play_id":"9abc34c9-8183-400b-add4-5a3d11761359","local_time":"20210130164909","is_ascension_mode":true,"campfire_choices":[{"data":"Body Slam","floor":6,"key":"SMITH"},{"data":"Infernal Blade","floor":8,"key":"SMITH"},{"data":"Body Slam","floor":15,"key":"SMITH"}],"circlet_count":0,"master_deck":["Strike_R","Strike_R","Strike_R","Strike_R","Defend_R","Defend_R","Defend_R","Defend_R","Bash","Body Slam+1","Entrench+1","Infernal Blade+1","Shrug It Off","Clothesline","Body Slam+1"],"relics":["Burning Blood","NeowsBlessing","Blue Candle","Centennial Puzzle","Eternal Feather","Peace Pipe"],"acts_visited":["Exordium"],"potions_floor_usage":[13,16],"damage_taken":[{"damage":0,"enemies":"Cultist","floor":1,"turns":1},{"damage":0,"enemies":"Jaw Worm","floor":2,"turns":1},{"damage":0,"enemies":"2 Louse","floor":5,"turns":1},{"damage":50,"enemies":"Gremlin Nob","floor":7,"turns":5},{"damage":32,"enemies":"3 Sentries","floor":10,"turns":11},{"damage":2,"enemies":"Large Slime","floor":13,"turns":5},{"damage":24,"enemies":"The Guardian","floor":16,"turns":8}],"seed_played":"4117022306240399985","potions_obtained":[{"floor":1,"key":"Strength Potion"},{"floor":10,"key":"DuplicationPotion"}],"is_trial":false,"path_per_floor":["M","M","?","?","M","R","E","R","T","E","?","?","M","$","R","B"],"character_chosen":"IRONCLAD","items_purchased":[],"campfire_rested":0,"item_purchase_floors":[],"current_hp_per_floor":[78,80,80,73,79,79,35,35,35,9,9,9,13,13,22,0,0],"gold":174,"neow_bonus":"THREE_ENEMY_KILL","is_daily":false,"chose_seed":false,"campfire_upgraded":3,"win_rate":0.0,"timestamp":1612021749,"path_taken":["M","?","?","?","M","R","E","R","T","E","?","?","M","$","R","BOSS"],"items_purchased_type":[],"build_version":"2020-12-22","purchased_purges":0,"victory":false,"max_hp_per_floor":[80,80,80,80,80,80,80,80,80,80,80,80,80,80,80,80,80],"relic_stats":{"Peace Pipe":0,"Centennial Puzzle":[9],"counters":[7,32],"Blue Candle":[0],"Eternal Feather":9,"obtain_stats":[{"Peace Pipe":10,"Centennial Puzzle":7,"NeowsBlessing":0,"Blue Candle":4,"Eternal Feather":9,"Burning Blood":0},{"Peace Pipe":5,"Centennial Puzzle":4,"NeowsBlessing":0,"Blue Candle":2,"Eternal Feather":4,"Burning Blood":0},{"Peace Pipe":19,"Centennial Puzzle":8,"NeowsBlessing":0,"Blue Candle":2,"Eternal Feather":8,"Burning Blood":0}],"Burning Blood":32},"card_choices":[{"not_picked":["True Grit","Warcry"],"picked":"Body Slam","floor":1},{"not_picked":["Sword Boomerang","Thunderclap"],"picked":"Entrench","floor":2},{"not_picked":["Thunderclap","Wild Strike"],"picked":"Infernal Blade","floor":5},{"not_picked":["Hemokinesis","Armaments"],"picked":"Shrug It Off","floor":7},{"not_picked":["Burning Pact","Sword Boomerang"],"picked":"Clothesline","floor":10},{"not_picked":["Clash","Pommel Strike"],"picked":"Body Slam","floor":13}],"player_experience":199994,"relics_obtained":[{"floor":7,"key":"Centennial Puzzle"},{"floor":9,"key":"Eternal Feather"},{"floor":10,"key":"Peace Pipe"}],"event_choices":[{"cards_removed":["Strike_R"],"damage_healed":0,"gold_gain":0,"player_choice":"Card Removal","damage_taken":0,"max_hp_gain":0,"max_hp_loss":0,"event_name":"The Cleric","floor":3,"gold_loss":50},{"damage_healed":0,"gold_gain":0,"player_choice":"Success","damage_taken":7,"relics_obtained":["Blue Candle"],"max_hp_gain":0,"max_hp_loss":0,"event_name":"Scrap Ooze","floor":4,"gold_loss":0},{"damage_healed":0,"gold_gain":0,"player_choice":"Grow","damage_taken":0,"max_hp_gain":0,"max_hp_loss":0,"event_name":"Living Wall","floor":11,"gold_loss":0,"cards_upgraded":["Entrench"]},{"damage_healed":0,"gold_gain":0,"player_choice":"Ignored","damage_taken":0,"max_hp_gain":0,"max_hp_loss":0,"event_name":"Shining Light","floor":12,"gold_loss":0}],"is_beta":false,"boss_relics":[],"items_purged_floors":[],"is_endless":false,"potions_floor_spawned":[1,10],"killed_by":"The Guardian","ascension_level":6}}