{"host":"mconkkfc0dudtfx5","time":1612036981,"event":{"mods":["BaseMod","Marisa£®ÏF”Í°°ƒß¿Ì…≥£©","Minty Spire (QoL Compilation)","Shop Mod","StSLib","The Bug Knight","The Servant 0.9.4"],"gold_per_floor":[117,117,117,117,141,168,187,201,201,229,246,272,289,318,318,417,417,431,431,443,542,65,93,93,110,110,136,167,204,216,239,251,361,373,405,466,493,523,7,7,42,0,26,54,65,98,98,109,109,109],"floor_reached":51,"language":"ZHS","playtime":4058,"items_purged":[],"score":1007,"play_id":"c544e6e1-0a4d-49ec-ab6f-6cf73742a39a","local_time":"20210131040301","is_ascension_mode":false,"campfire_choices":[{"data":"LightFlow","floor":15.0,"key":"SMITH"},{"data":"FlawlessForm","floor":24.0,"key":"SMITH"},{"data":"Initiator","floor":32.0,"key":"SMITH"},{"floor":40,"key":"REST"},{"floor":49,"key":"REST"}],"circlet_count":0,"master_deck":["Strike_S","Strike_S","Strike_S","Strike_S","Defend_S","Defend_S","Defend_S","Defend_S+1","KidneyShot+1","FastForward","GearUp+1","BestPractice","Ricochet+1","Gouge","Luminosity","Sunlight","Rearm","LightFlow+1","FlawlessForm+1","Ricochet","Luminosity+1","SilverBlades","Initiator+1","WasteNot+1","Spin+1","Sunlight","Luminosity+1","SoulSculpture+1","Ricochet+1","Ricochet+1","Parasite","Hightail+1","MurderousAura","Contraction+1","SpecialFormula"],"relics":["SplendidAttire","NeowsBlessing","CaptainsWheel","Blood Vial","Gambling Chip","Bronze Scales","Happy Flower","Mummified Hand","Centennial Puzzle","SlaversCollar","PreservedInsect","MerchantsRug","Letter Opener","MawBank","Mercury Hourglass","Kunai","CatCart","HollowMod:StagPassRelic","Whetstone","Nunchaku","Red Mask","War Paint","Girya","TungstenRod"],"acts_visited":["Exordium","TheCity","TheBeyond"],"potions_floor_usage":[],"damage_taken":[{"damage":0.0,"enemies":"Small Slimes","floor":1.0,"turns":1.0},{"damage":0.0,"enemies":"3 Sentries","floor":6.0,"turns":2.0},{"damage":0.0,"enemies":"Jaw Worm","floor":7.0,"turns":1.0},{"damage":0.0,"enemies":"Cultist","floor":8.0,"turns":3.0},{"damage":2.0,"enemies":"Lagavulin","floor":10.0,"turns":8.0},{"damage":7.0,"enemies":"Looter","floor":11.0,"turns":3.0},{"damage":9.0,"enemies":"3 Sentries","floor":12.0,"turns":5.0},{"damage":0.0,"enemies":"Large Slime","floor":13.0,"turns":3.0},{"damage":2.0,"enemies":"Gremlin Nob","floor":14.0,"turns":4.0},{"damage":23.0,"enemies":"Slime Boss","floor":16.0,"turns":5.0},{"damage":0.0,"enemies":"Spheric Guardian","floor":18.0,"turns":5.0},{"damage":6.0,"enemies":"Chosen","floor":20.0,"turns":3.0},{"damage":5.0,"enemies":"Book of Stabbing","floor":23.0,"turns":3.0},{"damage":18.0,"enemies":"Shelled Parasite and Fungi","floor":25.0,"turns":2.0},{"damage":0.0,"enemies":"3 Cultists","floor":27.0,"turns":3.0},{"damage":5.0,"enemies":"Snake Plant","floor":28.0,"turns":3.0},{"damage":0.0,"enemies":"HollowMod:Nosk","floor":29.0,"turns":6.0},{"damage":0.0,"enemies":"Centurion and Healer","floor":31.0,"turns":2.0},{"damage":0.0,"enemies":"Champ","floor":33.0,"turns":7.0},{"damage":25.0,"enemies":"3 Darklings","floor":35.0,"turns":3.0},{"damage":0.0,"enemies":"Orin","floor":36.0,"turns":7.0},{"damage":24.0,"enemies":"3 Shapes","floor":37.0,"turns":2.0},{"damage":3.0,"enemies":"Writhing Mass","floor":38.0,"turns":6.0},{"damage":0,"enemies":"Nemesis","floor":41,"turns":5},{"damage":0,"enemies":"Reptomancer","floor":44,"turns":3},{"damage":6,"enemies":"4 Shapes","floor":45,"turns":1},{"damage":0,"enemies":"Nemesis","floor":46,"turns":5},{"damage":0,"enemies":"Jaw Worm Horde","floor":48,"turns":2},{"damage":9,"enemies":"Awakened One","floor":50,"turns":12}],"seed_played":"-8085356153804190999","potions_obtained":[{"floor":1.0,"key":"Explosive Potion"},{"floor":10.0,"key":"EssenceOfSteel"},{"floor":11.0,"key":"Strength Potion"},{"floor":12.0,"key":"PowerPotion"},{"floor":20.0,"key":"SkillPotion"},{"floor":25.0,"key":"FearPotion"},{"floor":33.0,"key":"DistilledChaos"},{"floor":35.0,"key":"Block Potion"},{"floor":37.0,"key":"PowerPotion"},{"floor":41,"key":"ColorlessPotion"},{"floor":48,"key":"SteroidPotion"}],"is_trial":false,"path_per_floor":["M","?","$","?","T","E","M","M","T","E","M","E","M","E","R","B",null,"M","?","M","?","$","E","R","M","T","M","M","E","T","M","R","B",null,"M","?","M","M","$","R","E","?","T","E","M","E","?","M","R","B",null],"character_chosen":"THE_SERVANT","items_purchased":["SilverBlades","PreservedInsect","MerchantsRug","Initiator","HollowMod:StagPassRelic","MurderousAura","Whetstone"],"campfire_rested":2,"item_purchase_floors":[22,22,22,22,39,39,39],"current_hp_per_floor":[65,65,65,58,58,60,62,64,64,63,58,51,53,53,53,32,65,65,65,59,59,59,56,56,40,40,42,39,41,41,43,43,45,65,40,42,20,19,19,38,40,40,40,42,38,40,40,42,61,62],"gold":109,"neow_bonus":"THREE_ENEMY_KILL","is_daily":false,"chose_seed":false,"campfire_upgraded":3,"win_rate":0.0,"timestamp":1612036981,"path_taken":["M","?","$","?","?","E","?","M","T","E","M","E","M","E","R","BOSS","M","?","M","?","$","E","R","M","T","M","M","E","?","M","R","BOSS","M","?","M","M","$","R","E","?","T","E","M","E","?","M","R","BOSS"],"items_purchased_type":["Card","Relic","Relic","Card","Relic","Card","Relic"],"build_version":"2020-12-22","purchased_purges":0,"victory":true,"max_hp_per_floor":[65,65,65,65,65,65,65,65,65,65,65,65,65,65,65,65,65,65,65,65,65,65,65,65,65,65,65,65,65,65,65,65,65,65,65,65,65,65,65,65,65,65,65,65,65,65,65,65,65,65],"card_choices":[{"not_picked":["Hightail","Starlight"],"picked":"FastForward","floor":1.0},{"not_picked":["RealityMarble","Defy"],"picked":"GearUp","floor":6.0},{"not_picked":["ShiftingGears","Snipe"],"picked":"BestPractice","floor":7.0},{"not_picked":["Replace","Defy"],"picked":"Ricochet","floor":8.0},{"not_picked":["Starlight","Alleviate"],"picked":"Gouge","floor":10.0},{"not_picked":["Rearm","Defy"],"picked":"Luminosity","floor":11.0},{"not_picked":["SurpressingFire","Hightail"],"picked":"Sunlight","floor":12.0},{"not_picked":["Alleviate","Unruled"],"picked":"Rearm","floor":13.0},{"not_picked":["Shuttle","DoubleEdge"],"picked":"LightFlow","floor":14.0},{"not_picked":["Duplication","LightFlow"],"picked":"FlawlessForm","floor":16.0},{"not_picked":["BottledTime+1","Defy"],"picked":"Ricochet","floor":18.0},{"not_picked":["DoubleEdge","Rearm"],"picked":"Luminosity+1","floor":20.0},{"not_picked":["Replace+1","Defy","TimeWarp+1"],"picked":"SKIP","floor":23.0},{"not_picked":["DoubleEdge","Spin+1"],"picked":"WasteNot+1","floor":25.0},{"not_picked":["TimeWarp+1","ShatteredReality"],"picked":"Spin+1","floor":27.0},{"not_picked":["Potential","Alleviate","Shuttle"],"picked":"SKIP","floor":28.0},{"not_picked":["Gouge","ShatteredReality"],"picked":"Sunlight","floor":29.0},{"not_picked":["Advance","ShatteredReality"],"picked":"Luminosity+1","floor":31.0},{"not_picked":["Deny","KillingDoll"],"picked":"SoulSculpture","floor":33.0},{"not_picked":["Starlight+1","Rearm+1"],"picked":"Ricochet+1","floor":35.0},{"not_picked":["Spin+1","SurpressingFire"],"picked":"Ricochet+1","floor":37.0},{"not_picked":["BottledTime+1","Rewind"],"picked":"Hightail+1","floor":38.0},{"not_picked":["BottledTime+1","Ricochet","Barrier"],"picked":"SKIP","floor":41},{"not_picked":["DoubleEdge","Potential+1","Initiator"],"picked":"SKIP","floor":44},{"not_picked":["Spin","Read","Defy+1"],"picked":"SKIP","floor":45},{"not_picked":["Rewind","Snipe"],"picked":"Contraction+1","floor":46},{"not_picked":["Comet+1","Potential"],"picked":"SpecialFormula","floor":48}],"player_experience":204580,"relics_obtained":[{"floor":5.0,"key":"Blood Vial"},{"floor":6.0,"key":"Gambling Chip"},{"floor":9.0,"key":"Bronze Scales"},{"floor":10.0,"key":"Happy Flower"},{"floor":12.0,"key":"Mummified Hand"},{"floor":14.0,"key":"Centennial Puzzle"},{"floor":23.0,"key":"Letter Opener"},{"floor":26.0,"key":"MawBank"},{"floor":29.0,"key":"Mercury Hourglass"},{"floor":30.0,"key":"Kunai"},{"floor":36.0,"key":"CatCart"},{"floor":41,"key":"Nunchaku"},{"floor":43,"key":"War Paint"},{"floor":44,"key":"Girya"},{"floor":46,"key":"TungstenRod"}],"event_choices":[{"damage_healed":0.0,"max_hp_gain":0.0,"max_hp_loss":0.0,"gold_gain":0.0,"event_name":"Living Wall","player_choice":"Grow","floor":2.0,"gold_loss":0.0,"damage_taken":0.0,"cards_upgraded":["KidneyShot"]},{"damage_healed":0.0,"max_hp_gain":0.0,"max_hp_loss":0.0,"gold_gain":0.0,"event_name":"Scrap Ooze","player_choice":"Success","floor":4.0,"gold_loss":0.0,"damage_taken":7.0,"relics_obtained":["CaptainsWheel"]},{"damage_healed":0.0,"max_hp_gain":0.0,"max_hp_loss":0.0,"gold_gain":0.0,"event_name":"Beggar","player_choice":"Ignored","floor":19.0,"gold_loss":0.0,"damage_taken":0.0},{"damage_healed":0.0,"max_hp_gain":0.0,"max_hp_loss":0.0,"gold_gain":99.0,"event_name":"Nest","player_choice":"Stole From Cult","floor":21.0,"gold_loss":0.0,"damage_taken":0.0},{"damage_healed":0.0,"max_hp_gain":0.0,"max_hp_loss":0.0,"gold_gain":0.0,"event_name":"OrinTheCat","player_choice":"Fight","floor":36.0,"gold_loss":0.0,"damage_taken":0.0},{"damage_healed":0,"gold_gain":0,"player_choice":"Paid","damage_taken":0,"relics_obtained":["Red Mask"],"max_hp_gain":0,"max_hp_loss":0,"event_name":"Tomb of Lord Red Mask","floor":42,"gold_loss":42},{"cards_removed":["Exchange"],"damage_healed":0,"gold_gain":0,"player_choice":"Removed Skill","damage_taken":0,"max_hp_gain":0,"max_hp_loss":0,"event_name":"Falling","floor":47,"gold_loss":0}],"is_beta":false,"boss_relics":[{"not_picked":["Cursed Key","Pandora\u0027s Box"],"picked":"SlaversCollar"},{"not_picked":["Fusion Hammer","Sozu"],"picked":"SplendidAttire"}],"items_purged_floors":[],"is_endless":false,"potions_floor_spawned":[1,10,11,12,13,18,20,25,33,35,37,41,48],"ascension_level":0}}