{"host":"5ddwedapke4fsx0r","time":1612008925,"event":{"mods":["BaseMod","Downfall","Infinite Spire","Jedi Mod","Minty Spire (QoL Compilation)","Reliquary","Shade Mod","StSLib","The Bladedancer","The Clintock","The Construct","The Forsaken","The Gatherer","The Hierophant","The Servant 0.9.4","TheHero","TheSurvivalist"],"gold_per_floor":[99,115,127,227,242,142,142,38,54,89,109,141,141,141,160,262,312,312,331,331,331,341,372,372,383,401,401,401,433,433,447,461,560,560,560,574,584,634,283,293,293,293,308,337,347,359,359,291,303,303],"floor_reached":51,"language":"ENG","playtime":4767,"items_purged":["Shade:Defend_Shade"],"score":854,"play_id":"e3beb9c7-3f23-4138-a63f-74b744803192","local_time":"20210130131525","is_ascension_mode":true,"campfire_choices":[{"floor":1.0,"key":"RECALL"},{"data":"Shade:AblativeArmor","floor":6.0,"key":"SMITH"},{"data":"expansioncontent:Chronoboost","floor":13.0,"key":"SMITH"},{"data":"Shade:OminousRitual","floor":18.0,"key":"SMITH"},{"data":"Shade:SpectralStrikes","floor":28.0,"key":"SMITH"},{"data":"RitualDagger","floor":30.0,"key":"SMITH"},{"data":"Shade:LastGasp","floor":35.0,"key":"SMITH"},{"data":"Shade:OpenGraves","floor":42.0,"key":"SMITH"}],"circlet_count":1,"master_deck":["Shade:Strike_Shade","Shade:Strike_Shade+1","Shade:Strike_Shade","Shade:Strike_Shade","Shade:Defend_Shade","Shade:Defend_Shade","Shade:Defend_Shade","Shade:AnimateDead","Shade:CarefulCut","Shade:FleshToFlesh+1","Shade:AblativeArmor+1","Shade:PotionOfRestlessness","expansioncontent:Chronoboost+1","Shade:SpectralStrikes+1","Shade:Carnophage","Shade:FleshLikeOak","Shade:Brains+1","Shade:OminousRitual+1","Shade:FuneraryArmor","Shade:FleshToFlesh","RitualDagger+1","infinitespire:Punishment","Shade:WallOfFlesh","Shade:PressTheAttack+1","Shade:ExtraLimbs+1","infinitespire:Punishment+1","Shade:OminousRitual+1","Injury","Shade:FeralStrike+1","Shade:FeralStrike+1","Shade:LastGasp+1","Shade:CloudOfShrapnel+1","Shade:ScuttlingHand+1","Shade:LyeBath+1","Shade:ExtraLimbs+1","Shade:OpenGraves+1","Pain","Shade:SkeletonArmy","Shade:ScuttlingHand+1","Shade:Frenzy+1","Apotheosis"],"relics":["SlaversCollar","downfall:HeartBlessingRed","Bird Faced Urn","Ancient Tea Set","Calipers","Tiny House","Mango","Philosopher\u0027s Stone","Toy Ornithopter","Molten Egg 2","Orichalcum","Cursed Key","Lizard Tail","Membership Card","Strawberry","infinitespire:PuzzleCube","Circlet","Anchor","infinitespire:WardingShard","War Paint","Strange Spoon"],"acts_visited":["Exordium","TheCity","TheBeyond"],"potions_floor_usage":[50,50,50],"damage_taken":[{"damage":4.0,"enemies":"2 Louse","floor":2.0,"turns":4.0},{"damage":0.0,"enemies":"Jaw Worm","floor":3.0,"turns":3.0},{"damage":4.0,"enemies":"Cultist","floor":5.0,"turns":3.0},{"damage":0.0,"enemies":"downfall:FleeingMerchant","floor":8.0,"turns":4.0},{"damage":8.0,"enemies":"3 Louse","floor":9.0,"turns":4.0},{"damage":8.0,"enemies":"3 Sentries","floor":10.0,"turns":7.0},{"damage":0.0,"enemies":"Red Slaver","floor":11.0,"turns":4.0},{"damage":10.0,"enemies":"Gremlin Nob","floor":12.0,"turns":4.0},{"damage":0.0,"enemies":"2 Fungi Beasts","floor":15.0,"turns":4.0},{"damage":21.0,"enemies":"DF_ARCHETYPE_STREAMLINE","floor":16.0,"turns":13.0},{"damage":14.0,"enemies":"Chosen","floor":19.0,"turns":6.0},{"damage":0.0,"enemies":"Snake Plant","floor":22.0,"turns":2.0},{"damage":7.0,"enemies":"Nightmare","floor":23.0,"turns":13.0},{"damage":3.0,"enemies":"Snecko","floor":25.0,"turns":4.0},{"damage":0.0,"enemies":"Centurion and Healer","floor":26.0,"turns":4.0},{"damage":0.0,"enemies":"Slavers","floor":29.0,"turns":2.0},{"damage":3.0,"enemies":"Snake Plant","floor":31.0,"turns":3.0},{"damage":0.0,"enemies":"Snecko","floor":32.0,"turns":3.0},{"damage":25.0,"enemies":"SI_MIRROR_ARCHETYPE","floor":33.0,"turns":7.0},{"damage":0.0,"enemies":"3 Darklings","floor":36.0,"turns":3.0},{"damage":0.0,"enemies":"Orb Walker","floor":37.0,"turns":2.0},{"damage":0.0,"enemies":"2 Orb Walkers","floor":38.0,"turns":3.0},{"damage":0.0,"enemies":"downfall:FleeingMerchant","floor":39.0,"turns":4.0},{"damage":7.0,"enemies":"4 Shapes","floor":40.0,"turns":3.0},{"damage":3.0,"enemies":"Spire Growth","floor":43.0,"turns":3.0},{"damage":20.0,"enemies":"Giant Head","floor":44.0,"turns":6.0},{"damage":6.0,"enemies":"Jaw Worm Horde","floor":45.0,"turns":4.0},{"damage":9.0,"enemies":"Maw","floor":46.0,"turns":5.0},{"damage":0.0,"enemies":"downfall:FleeingMerchant","floor":48.0,"turns":1.0},{"damage":2.0,"enemies":"Sphere and 2 Shapes","floor":49.0,"turns":4.0},{"damage":34,"enemies":"WA_ARCHETYPE_DIVINITY","floor":50,"turns":6}],"seed_played":"8685378410234276960","potions_obtained":[{"floor":5.0,"key":"sneckomod:MuddlingPotion"},{"floor":9.0,"key":"Ancient Potion"},{"floor":10.0,"key":"EssenceOfSteel"},{"floor":12.0,"key":"Guardian:BlockOnCardUsePotion"},{"floor":16.0,"key":"Block Potion"},{"floor":17.0,"key":"Slimebound:ThreeZeroPotion"},{"floor":22.0,"key":"sneckomod:MuddlingPotion"},{"floor":29.0,"key":"Swift Potion"},{"floor":33.0,"key":"Fruit Juice"},{"floor":37.0,"key":"Dexterity Potion"},{"floor":45.0,"key":"AttackPotion"},{"floor":46.0,"key":"hexamod:SoulburnPotion"},{"floor":49,"key":"Dexterity Potion"}],"is_trial":false,"path_per_floor":["R","M","M","?","M","R","T","$","M","E","M","E","R","?","M","B",null,"R","M","?","AVR","M","NM","T","M","M","?","R","E","R","M","M","B",null,"R","M","M","?","$","M","T","R","M","E","M","M","?","$","M","B",null],"character_chosen":"SHADE","items_purchased":["expansioncontent:Chronoboost","Membership Card","Strawberry","infinitespire:PuzzleCube","infinitespire:WardingShard","War Paint","Strange Spoon","Apotheosis","Block Potion"],"campfire_rested":0,"item_purchase_floors":[8,39,39,39,48,48,48,48,48],"current_hp_per_floor":[65,61,61,61,57,57,57,57,49,45,49,43,43,43,49,36,70,70,56,50,64,64,63,63,64,68,68,68,75,75,79,81,62,84,84,84,89,89,96,89,89,89,88,78,76,80,84,84,84,55],"gold":303,"neow_bonus":"BOSS_RELIC","is_daily":false,"chose_seed":false,"campfire_upgraded":7,"win_rate":0.0,"timestamp":1612008925,"path_taken":["R","M","M","?","M","R","T","$","M","E","M","E","R","?","M","BOSS","R","M","?","AVR","M","NM","T","M","M","?","R","E","R","M","M","BOSS","R","M","M","?","$","M","T","R","M","E","M","M","?","$","M","BOSS"],"items_purchased_type":["Card","Relic","Relic","Relic","Relic","Relic","Relic","Card","Potion"],"build_version":"2020-12-22","purchased_purges":1,"victory":true,"max_hp_per_floor":[65,65,65,65,65,65,65,65,65,65,65,65,65,65,65,65,70,70,70,70,84,84,84,84,84,84,84,84,84,84,84,84,84,84,84,84,89,89,96,96,96,96,96,96,96,96,84,84,84,84],"card_choices":[{"not_picked":["Shade:PoundOfFlesh","Shade:Brains"],"picked":"Shade:FleshToFlesh","floor":2.0},{"not_picked":["Shade:CoffinDance","Shade:Haruspicy"],"picked":"Shade:AblativeArmor","floor":3.0},{"not_picked":["Shade:Brains","Shade:AblativeArmor","Shade:GraveStillness"],"picked":"SKIP","floor":5.0},{"not_picked":["Shade:PoundOfFlesh","Shade:ExtraLimbs"],"picked":"Shade:PotionOfRestlessness","floor":8.0},{"not_picked":["Shade:Bonestorm","Shade:OpenGraves"],"picked":"Shade:SpectralStrikes","floor":9.0},{"not_picked":["Shade:FleshOffering","Shade:GoDigging"],"picked":"Shade:Carnophage","floor":10.0},{"not_picked":["Shade:GraveStillness","Shade:RavenousHorde"],"picked":"Shade:FleshLikeOak","floor":11.0},{"not_picked":["Shade:GoDigging","Shade:OneIsEnough"],"picked":"Shade:Brains","floor":12.0},{"not_picked":["Shade:FuneraryArmor","Shade:PressTheAttack","Shade:GreyBargain"],"picked":"SKIP","floor":15.0},{"not_picked":["Shade:LastGasp","Shade:SoulPierce"],"picked":"Shade:OminousRitual","floor":16.0},{"not_picked":["Shade:CoffinDance","Shade:FeralStrike"],"picked":"Shade:FuneraryArmor","floor":17.0},{"not_picked":["Shade:Asphyxiate","Shade:Trample"],"picked":"Shade:FleshToFlesh","floor":19.0},{"not_picked":["Shade:FingerOfDeath","Shade:GraveStillness"],"picked":"Shade:WallOfFlesh","floor":22.0},{"not_picked":["Shade:Awaken","Shade:GreyBargain"],"picked":"Shade:PressTheAttack+1","floor":23.0},{"not_picked":["Shade:FleshToFlesh","Shade:Premonition+1","Shade:GraveStillness"],"picked":"SKIP","floor":25.0},{"not_picked":["Shade:FleshToFlesh","Shade:Frenzy"],"picked":"Shade:ExtraLimbs+1","floor":26.0},{"not_picked":["Shade:MadHubris","Shade:FingerOfDeath+1","Shade:CallWraith"],"picked":"SKIP","floor":29.0},{"not_picked":["Shade:PoundOfFlesh+1","Shade:Brains"],"picked":"Shade:FeralStrike+1","floor":31.0},{"not_picked":["Shade:AblativeArmor","Shade:CoffinDance+1"],"picked":"Shade:FeralStrike+1","floor":32.0},{"not_picked":["Shade:UnbarTheGrave","Shade:MadHubris"],"picked":"Shade:LastGasp","floor":33.0},{"not_picked":["Shade:FingerOfDeath+1","Shade:SkeletonHug+1"],"picked":"Shade:CloudOfShrapnel+1","floor":36.0},{"not_picked":["Shade:ExtraLimbs+1","Shade:AuraOfUnlife+1"],"picked":"Shade:ScuttlingHand+1","floor":37.0},{"not_picked":["Shade:FuneraryArmor","Shade:Bonestorm+1"],"picked":"Shade:LyeBath+1","floor":38.0},{"not_picked":["Shade:Consume+1","Shade:Bonestorm+1"],"picked":"Shade:ExtraLimbs+1","floor":39.0},{"not_picked":["Shade:RavenousHorde+1","Shade:Frenzy+1"],"picked":"Shade:OpenGraves","floor":40.0},{"not_picked":["Shade:CoffinDance+1","Shade:Trample+1"],"picked":"Shade:SkeletonArmy","floor":43.0},{"not_picked":["Shade:BoneShards+1","Shade:GreyBargain","Shade:CoffinDance+1"],"picked":"SKIP","floor":44.0},{"not_picked":["Shade:BoneShards+1","Shade:Patience"],"picked":"Shade:ScuttlingHand+1","floor":45.0},{"not_picked":["Shade:BoneShards+1","Shade:FingerOfDeath+1"],"picked":"Shade:Frenzy+1","floor":46.0},{"not_picked":["Shade:FeralStrike+1","Shade:AncientSpear+1","Shade:Awaken"],"picked":"SKIP","floor":48.0},{"not_picked":["Shade:CoffinDance+1","Shade:Premonition+1","Shade:Excise+1"],"picked":"SKIP","floor":49}],"player_experience":513935,"relics_obtained":[{"floor":7.0,"key":"Bird Faced Urn"},{"floor":10.0,"key":"Ancient Tea Set"},{"floor":12.0,"key":"Calipers"},{"floor":23.0,"key":"Toy Ornithopter"},{"floor":24.0,"key":"Molten Egg 2"},{"floor":29.0,"key":"Orichalcum"},{"floor":38.0,"key":"Lizard Tail"},{"floor":41.0,"key":"Runesmith:AutoHammer"},{"floor":44.0,"key":"Anchor"}],"event_choices":[{"damage_healed":0.0,"max_hp_gain":0.0,"max_hp_loss":0.0,"gold_gain":0.0,"event_name":"Mysterious Sphere","player_choice":"Fight","floor":38.0,"gold_loss":0.0,"damage_taken":0.0}],"is_beta":false,"boss_relics":[{"not_picked":["Busted Crown","Coffee Dripper"],"picked":"Tiny House"},{"not_picked":["Sozu","Fusion Hammer"],"picked":"Cursed Key"}],"items_purged_floors":[39],"is_endless":false,"potions_floor_spawned":[5,9,10,12,16,22,29,33,37,45,46,49],"ascension_level":2}}