{"host":"5p9hybygolzp0efr","time":1612025495,"event":{"mods":["AchievementEnabler","BaseMod","Bestiary","Colored Map","Minty Spire (QoL Compilation)","Permanent Neow","Relic Stats","StSLib"],"gold_per_floor":[114,114,127,146,96,113,144,144,144,144,170,181,181,195,195,300,300,319,126,126,143,168,168,182,72,72,101,101,1,1,20,20,121,121,133,16,30,47,16,41,41,68,150,150,150],"floor_reached":44,"language":"ENG","playtime":1985,"items_purged":["Defend_P","Strike_P","Defend_P"],"score":869,"play_id":"0c1bc904-8ee8-4737-b761-db6c9cd155cd","local_time":"20210131005135","is_ascension_mode":true,"campfire_choices":[{"data":"Eruption","floor":8.0,"key":"SMITH"},{"data":"BowlingBash","floor":10.0,"key":"SMITH"},{"data":"FlyingSleeves","floor":15.0,"key":"SMITH"},{"data":"Vigilance","floor":23.0,"key":"SMITH"},{"data":"TalkToTheHand","floor":28.0,"key":"SMITH"},{"data":"MentalFortress","floor":30.0,"key":"SMITH"},{"data":"Devotion","floor":32.0,"key":"SMITH"},{"data":"CutThroughFate","floor":41,"key":"SMITH"}],"circlet_count":0,"master_deck":["Eruption+1","Vigilance+1","FlurryOfBlows","FlyingSleeves+1","CutThroughFate+1","CarveReality","BowlingBash+1","Halt+1","Swivel+1","JustLucky","Devotion+1","ClearTheMind+1","EmptyBody+1","TalkToTheHand+1","MentalFortress+1","Prostrate+1","Brilliance","Parasite","Establishment","Vault+1"],"relics":["Coffee Dripper","The Courier","Toxic Egg 2","Shuriken","SlaversCollar","Toy Ornithopter","Strawberry","Ginger","Regal Pillow","Empty Cage","ClockworkSouvenir","PreservedInsect","Blue Candle","Bottled Flame"],"acts_visited":["Exordium","TheCity","TheBeyond"],"potions_floor_usage":[40],"damage_taken":[{"damage":0.0,"enemies":"Small Slimes","floor":1.0,"turns":2.0},{"damage":2.0,"enemies":"Jaw Worm","floor":3.0,"turns":3.0},{"damage":0.0,"enemies":"Cultist","floor":4.0,"turns":2.0},{"damage":1.0,"enemies":"2 Fungi Beasts","floor":6.0,"turns":3.0},{"damage":0.0,"enemies":"Lagavulin","floor":7.0,"turns":3.0},{"damage":11.0,"enemies":"3 Sentries","floor":11.0,"turns":8.0},{"damage":0.0,"enemies":"Gremlin Gang","floor":12.0,"turns":3.0},{"damage":0.0,"enemies":"Exordium Thugs","floor":14.0,"turns":3.0},{"damage":0.0,"enemies":"Slime Boss","floor":16.0,"turns":6.0},{"damage":16.0,"enemies":"Spheric Guardian","floor":18.0,"turns":4.0},{"damage":18.0,"enemies":"2 Thieves","floor":21.0,"turns":4.0},{"damage":6.0,"enemies":"Snecko","floor":24.0,"turns":5.0},{"damage":13.0,"enemies":"Gremlin Leader","floor":27.0,"turns":5.0},{"damage":3.0,"enemies":"Centurion and Healer","floor":31.0,"turns":4.0},{"damage":0.0,"enemies":"Automaton","floor":33.0,"turns":6.0},{"damage":11,"enemies":"3 Darklings","floor":35,"turns":5},{"damage":0,"enemies":"Orb Walker","floor":37,"turns":2},{"damage":5,"enemies":"Writhing Mass","floor":38,"turns":4},{"damage":15,"enemies":"Reptomancer","floor":40,"turns":5},{"damage":42,"enemies":"Nemesis","floor":42,"turns":6},{"damage":4,"enemies":"2 Orb Walkers","floor":44,"turns":1}],"seed_played":"-4636970643910972602","potions_obtained":[{"floor":6.0,"key":"FearPotion"},{"floor":7.0,"key":"ColorlessPotion"},{"floor":11.0,"key":"SneckoOil"},{"floor":27.0,"key":"DuplicationPotion"},{"floor":31.0,"key":"Swift Potion"}],"is_trial":false,"path_per_floor":["M","?","M","M","?","M","E","R","T","R","E","M","?","M","R","B",null,"M","$","?","M","T","R","M","$","T","E","R","$","R","M","R","B",null,"M","$","M","M","$","E","R","E","T","?"],"character_chosen":"WATCHER","items_purchased":["Toy Ornithopter","EmptyBody+1","MentalFortress","ClockworkSouvenir","Establishment"],"campfire_rested":0,"item_purchase_floors":[19,19,25,36,39],"current_hp_per_floor":[65,70,68,68,68,67,67,67,67,67,56,56,56,56,56,56,72,56,56,56,43,50,50,44,44,44,31,31,31,31,28,28,28,70,59,59,59,54,54,44,44,2,2,0,0],"gold":150,"neow_bonus":"BOSS_RELIC","is_daily":false,"chose_seed":false,"campfire_upgraded":8,"win_rate":0.0,"timestamp":1612025495,"path_taken":["M","?","M","M","?","M","E","R","T","R","E","M","?","?","R","BOSS","M","$","?","?","?","R","M","?","T","E","R","$","R","M","R","BOSS","M","$","M","M","?","E","R","E","T","?"],"items_purchased_type":["Relic","Card","Card","Relic","Card"],"build_version":"2020-12-22","purchased_purges":3,"victory":false,"max_hp_per_floor":[72,77,77,77,77,77,77,77,77,77,77,77,77,77,77,77,77,77,77,77,77,84,84,84,84,84,84,84,84,84,84,84,84,84,84,84,84,84,84,84,84,84,84,84,84],"relic_stats":{"Regal Pillow":0,"counters":[21,84],"Shuriken":[38],"Blue Candle":[0],"PreservedInsect":50,"Ginger":[2],"obtain_stats":[{"Regal Pillow":27,"Blue Candle":42,"The Courier":7,"PreservedInsect":40,"Ginger":26,"Empty Cage":34,"ClockworkSouvenir":36,"SlaversCollar":17,"Bottled Flame":43,"Shuriken":11,"Strawberry":22,"Coffee Dripper":0,"PureWater":0,"Toxic Egg 2":9,"Toy Ornithopter":19},{"Regal Pillow":13,"Blue Candle":20,"The Courier":5,"PreservedInsect":19,"Ginger":12,"Empty Cage":15,"ClockworkSouvenir":16,"SlaversCollar":9,"Bottled Flame":20,"Shuriken":6,"Strawberry":11,"Coffee Dripper":0,"PureWater":0,"Toxic Egg 2":5,"Toy Ornithopter":10},{"Regal Pillow":51,"Blue Candle":83,"The Courier":13,"PreservedInsect":77,"Ginger":46,"Empty Cage":61,"ClockworkSouvenir":66,"SlaversCollar":33,"Bottled Flame":83,"Shuriken":21,"Strawberry":41,"Coffee Dripper":0,"PureWater":0,"Toxic Egg 2":13,"Toy Ornithopter":37}],"Toy Ornithopter":10},"card_choices":[{"not_picked":["FollowUp","SashWhip"],"picked":"FlurryOfBlows","floor":1.0},{"not_picked":["SashWhip","PathToVictory"],"picked":"FlyingSleeves","floor":3.0},{"not_picked":["Evaluate","CarveReality"],"picked":"CutThroughFate","floor":4.0},{"not_picked":["SashWhip","EmptyBody"],"picked":"CarveReality","floor":6.0},{"not_picked":["SignatureMove","CarveReality"],"picked":"BowlingBash","floor":7.0},{"not_picked":["Judgement+1","BowlingBash"],"picked":"Halt+1","floor":11.0},{"not_picked":["CrushJoints","DeceiveReality+1","FlyingSleeves"],"picked":"SKIP","floor":12.0},{"not_picked":["PathToVictory+1","SashWhip"],"picked":"JustLucky","floor":14.0},{"not_picked":["Vault+1","Ragnarok"],"picked":"Devotion","floor":16.0},{"not_picked":["Sanctity+1","Weave"],"picked":"ClearTheMind+1","floor":18.0},{"not_picked":["SandsOfTime","FlurryOfBlows","EmptyFist"],"picked":"SKIP","floor":21.0},{"not_picked":["SandsOfTime","FlurryOfBlows","EmptyFist"],"picked":"SKIP","floor":21.0},{"not_picked":["WheelKick","ThirdEye+1"],"picked":"TalkToTheHand","floor":24.0},{"not_picked":["EmptyBody+1","Study"],"picked":"Prostrate+1","floor":27.0},{"not_picked":["CutThroughFate+1","MentalFortress","Judgement+1"],"picked":"SKIP","floor":31.0},{"not_picked":["MasterReality","Ragnarok"],"picked":"Brilliance","floor":33.0},{"not_picked":["CarveReality+1","Collect+1","CrushJoints+1"],"picked":"SKIP","floor":35},{"not_picked":["EmptyFist+1","InnerPeace+1","WaveOfTheHand+1"],"picked":"SKIP","floor":37},{"not_picked":["CutThroughFate","Halt+1","Protect+1"],"picked":"SKIP","floor":38},{"not_picked":["Halt+1","EmptyBody+1"],"picked":"Vault+1","floor":40},{"not_picked":["Vault+1","PathToVictory+1","SandsOfTime+1"],"picked":"SKIP","floor":42}],"player_experience":578724,"relics_obtained":[{"floor":7.0,"key":"The Courier"},{"floor":9.0,"key":"Toxic Egg 2"},{"floor":11.0,"key":"Shuriken"},{"floor":22.0,"key":"Strawberry"},{"floor":26.0,"key":"Ginger"},{"floor":27.0,"key":"Regal Pillow"},{"floor":40,"key":"PreservedInsect"},{"floor":42,"key":"Blue Candle"},{"floor":43,"key":"Bottled Flame"}],"event_choices":[{"damage_healed":0.0,"max_hp_gain":5.0,"max_hp_loss":0.0,"gold_gain":0.0,"event_name":"Big Fish","player_choice":"Donut","floor":2.0,"gold_loss":0.0,"damage_taken":0.0},{"cards_removed":["Strike_P"],"damage_healed":0.0,"max_hp_gain":0.0,"max_hp_loss":0.0,"gold_gain":0.0,"event_name":"The Cleric","player_choice":"Card Removal","floor":5.0,"gold_loss":50.0,"damage_taken":0.0},{"damage_healed":0.0,"max_hp_gain":0.0,"max_hp_loss":0.0,"gold_gain":0.0,"cards_transformed":["Strike_P"],"event_name":"Transmorgrifier","player_choice":"Transformed","floor":13.0,"gold_loss":0.0,"damage_taken":0.0,"cards_obtained":["Swivel"]},{"cards_removed":["Strike_P"],"damage_healed":0.0,"max_hp_gain":0.0,"max_hp_loss":0.0,"gold_gain":0.0,"event_name":"Purifier","player_choice":"Purged","floor":20.0,"gold_loss":0.0,"damage_taken":0.0},{"damage_healed":0,"gold_gain":0,"player_choice":"Fight","damage_taken":0,"max_hp_gain":0,"max_hp_loss":0,"event_name":"Mysterious Sphere","floor":44,"gold_loss":0}],"is_beta":false,"boss_relics":[{"not_picked":["Runic Dome","Sozu"],"picked":"SlaversCollar"},{"not_picked":["Cursed Key","Busted Crown"],"picked":"Empty Cage"}],"items_purged_floors":[19,25,29],"is_endless":false,"potions_floor_spawned":[6,7,11,14,27,31,33,35,38],"killed_by":"2 Orb Walkers","ascension_level":8}}