{"host":"vrsxkkch9ccrec7k","time":1612003211,"event":{"mods":["Act Like it!","BaseMod","Bestiary","Better Altar","Better Match","Better Note","Better Sensory Stone","Better Skull","Better Third Choice","Better Vampires","Minty Spire (QoL Compilation)","Permanent Neow","Relic Stats","Shop Mod","StSLib","The Animator"],"gold_per_floor":[129,139,139,159,191,191,219,219],"floor_reached":7,"language":"ENG","playtime":665,"items_purged":[],"score":54,"play_id":"38c4ffed-c7ec-4848-ba1e-9027cfa9f077","local_time":"20210130054011","is_ascension_mode":true,"campfire_choices":[{"data":"animator:Priestess","floor":6,"key":"SMITH"}],"circlet_count":0,"master_deck":["animator:Strike_Elsword","animator:Defend_Elsword","animator:Strike","animator:Strike","animator:Strike","animator:Defend","animator:Defend","animator:Defend","animator:Chung","animator:Raven","animator:Witch","animator:Priestess+1","animator:DwarfShaman"],"relics":["animator:LivingPicture","animator:TheMissingPiece","SsserpentHead","animator:Buoy"],"acts_visited":["Exordium"],"potions_floor_usage":[7,7],"damage_taken":[{"damage":0,"enemies":"Cultist","floor":1,"turns":3},{"damage":0,"enemies":"Small Slimes","floor":2,"turns":3},{"damage":0,"enemies":"Jaw Worm","floor":4,"turns":4},{"damage":0,"enemies":"Looter","floor":5,"turns":4},{"damage":18,"enemies":"Gremlin Nob","floor":7,"turns":7}],"seed_played":"-5127233872150259258","potions_obtained":[{"floor":0,"key":"GamblersBrew"},{"floor":0,"key":"Block Potion"},{"floor":0,"key":"SkillPotion"},{"floor":1,"key":"Dexterity Potion"}],"is_trial":false,"path_per_floor":["M","M","?","M","M","R","E"],"character_chosen":"THE_ANIMATOR","items_purchased":[],"campfire_rested":0,"item_purchase_floors":[],"current_hp_per_floor":[66,67,67,67,67,67,49,49],"gold":219,"neow_bonus":"THREE_SMALL_POTIONS","is_daily":false,"chose_seed":false,"campfire_upgraded":1,"win_rate":0.0,"timestamp":1612003211,"path_taken":["M","M","?","M","?","R","E"],"items_purchased_type":[],"build_version":"2020-12-22","purchased_purges":0,"victory":false,"max_hp_per_floor":[66,67,67,67,67,67,67,67],"relic_stats":{"SsserpentHead":50,"counters":[5,21],"obtain_stats":[{"animator:Buoy":7,"SsserpentHead":3,"animator:TheMissingPiece":0,"animator:LivingPicture":0},{"animator:Buoy":5,"SsserpentHead":2,"animator:TheMissingPiece":0,"animator:LivingPicture":0},{"animator:Buoy":21,"SsserpentHead":6,"animator:TheMissingPiece":0,"animator:LivingPicture":0}]},"card_choices":[{"not_picked":["animator:Assassin","animator:SilverFang"],"picked":"animator:Witch","floor":1},{"not_picked":["animator:DolaSchwi","animator:EmiyaShirou"],"picked":"animator:Priestess","floor":2},{"not_picked":["animator:DolaRiku","animator:Priestess","animator:Assassin"],"picked":"SKIP","floor":4},{"not_picked":["animator:HighElfArcher","animator:Spearman"],"picked":"animator:DwarfShaman","floor":5}],"player_experience":1367761,"relics_obtained":[{"floor":7,"key":"animator:Buoy"}],"event_choices":[{"damage_healed":0,"gold_gain":0,"player_choice":"Trade","damage_taken":0,"relics_obtained":["SsserpentHead"],"max_hp_gain":0,"max_hp_loss":0,"event_name":"FaceTrader","floor":3,"gold_loss":0}],"is_beta":false,"boss_relics":[],"items_purged_floors":[],"is_endless":false,"potions_floor_spawned":[1,2],"killed_by":"Gremlin Nob","ascension_level":1}}