{"host":"v0mw6c8s9jqyt2m0","time":1612005169,"event":{"mods":["Astrologer","BaseMod","Hermit","Marisa????????","Minty Spire (QoL Compilation)","StSLib","The Cursed","The Disciple","The Gatherer","The Hierophant","The Servant 0.9.4"],"gold_per_floor":[118,138,152,162,51,51,84,103,127,138,163,163,19,36,36,140,140,157,197,215,106,122,122,156,156,168,206,234,246,269,300,312,429,441,470,529,559,279,293,327,338,213,213,238,238,256,28,28,28,28,28,28,28,61,61],"floor_reached":56,"language":"ENG","playtime":7531,"items_purged":["TheCursedMod:Defend_TheCursed","TheCursedMod:Defend_TheCursed","TheCursedMod:Grudge","TheCursedMod:Defend_TheCursed"],"score":1313,"play_id":"a822985c-dfa1-4dc3-8e60-eed875aed428","local_time":"20210130121249","is_ascension_mode":false,"campfire_choices":[{"data":"TheCursedMod:Grudge","floor":6,"key":"SMITH"},{"data":"TheCursedMod:ForbiddenAlchemy","floor":15,"key":"SMITH"},{"data":"TheCursedMod:HellsGateOpen","floor":23,"key":"SMITH"},{"data":"TheCursedMod:LuckyCharm","floor":32,"key":"SMITH"},{"floor":49,"key":"RECALL"},{"data":"TheCursedMod:SpitefulPlan","floor":52,"key":"SMITH"}],"circlet_count":0,"master_deck":["TheCursedMod:Strike_TheCursed","TheCursedMod:Strike_TheCursed","TheCursedMod:Strike_TheCursed","TheCursedMod:Defend_TheCursed","TheCursedMod:CursedWand","TheCursedMod:CleanUpWorkshop","TheCursedMod:Dregs","TheCursedMod:CursedBlade","TheCursedMod:CursedShiv","TheCursedMod:CursedSpellbook","TheCursedMod:RapidMovement","TheCursedMod:LuckyCharm+1","TheCursedMod:Grudge+1","TheCursedMod:ManaBullet","TheCursedMod:Wield","TheCursedMod:ForbiddenAlchemy+1","TheCursedMod:CursedShiv","TheCursedMod:SmokeScreen","TheCursedMod:SpitefulPray","TheCursedMod:ReleasedKnowledge","TheCursedMod:CursedBlade","TheCursedMod:NeowsMight","TheCursedMod:RapidMovement","TheCursedMod:HellsGateOpen+1","TheCursedMod:RapidMovement","Shame","TheCursedMod:NeowsMight","Sadistic Nature","TheCursedMod:CursedMace","Pain","TheCursedMod:TacticalStrike+1","TheCursedMod:SpitefulPlan+1","Wraith"],"relics":["TheCursedMod:BlackMagic101","Potion Belt","Pen Nib","PreservedInsect","Orrery","TheCursedMod:OminousMark","Blood Vial","MawBank","Du-Vu Doll","Boot","Busted Crown","Pocketwatch","InkBottle","Ginger","WarpedTongs","StoneCalendar"],"acts_visited":["Exordium","TheCity","TheBeyond","TheEnding"],"potions_floor_usage":[7,11,16,16,16,16,16,16,18,18,19,19,19,19,20,20,20,20,22,22,22,22,22,22,24,24,24,24,27,27,28,28,30,30,30,31,31,31,33,33,33,33,33,33,33,33,33,33,33,33,33,33,33,33,35,35,35,36,36,36,36,36,36,39,40,40,40,40,40,40,40,41,41,41,41,44,44,44,44,46,46,46,50,50,50,50,50,50,50,50,50,50,50,50,50,50,50,55,55,55,55,55,55,55,55,55,55,55,55,55,55,55,55,55,55],"damage_taken":[{"damage":0,"enemies":"Small Slimes","floor":1,"turns":6},{"damage":3,"enemies":"Jaw Worm","floor":2,"turns":4},{"damage":0,"enemies":"Cultist","floor":3,"turns":3},{"damage":9,"enemies":"Exordium Thugs","floor":4,"turns":7},{"damage":7,"enemies":"3 Sentries","floor":7,"turns":9},{"damage":1,"enemies":"2 Fungi Beasts","floor":8,"turns":4},{"damage":0,"enemies":"Looter","floor":10,"turns":3},{"damage":4,"enemies":"Lagavulin","floor":11,"turns":5},{"damage":0,"enemies":"Exordium Wildlife","floor":14,"turns":2},{"damage":5,"enemies":"Hexaghost","floor":16,"turns":5},{"damage":0,"enemies":"Shell Parasite","floor":18,"turns":4},{"damage":0,"enemies":"Spheric Guardian","floor":19,"turns":3},{"damage":12,"enemies":"Chosen and Byrds","floor":20,"turns":5},{"damage":0,"enemies":"Snecko","floor":22,"turns":5},{"damage":7,"enemies":"Gremlin Leader","floor":24,"turns":5},{"damage":2,"enemies":"Slavers","floor":27,"turns":3},{"damage":2,"enemies":"Shelled Parasite and Fungi","floor":28,"turns":6},{"damage":0,"enemies":"Centurion and Healer","floor":30,"turns":3},{"damage":0,"enemies":"Chosen and Byrds","floor":31,"turns":3},{"damage":4,"enemies":"Automaton","floor":33,"turns":6},{"damage":2,"enemies":"3 Shapes","floor":35,"turns":4},{"damage":4,"enemies":"2 Orb Walkers","floor":36,"turns":3},{"damage":0,"enemies":"Orb Walker","floor":37,"turns":2},{"damage":10,"enemies":"Transient","floor":39,"turns":5},{"damage":22,"enemies":"Reptomancer","floor":40,"turns":3},{"damage":0,"enemies":"Spire Growth","floor":41,"turns":3},{"damage":0,"enemies":"Giant Head","floor":44,"turns":3},{"damage":3,"enemies":"Jaw Worm Horde","floor":46,"turns":3},{"damage":44,"enemies":"Awakened One","floor":50,"turns":5},{"damage":23,"enemies":"Shield and Spear","floor":54,"turns":3},{"damage":58,"enemies":"The Heart","floor":55,"turns":7}],"seed_played":"-70941993821987701","potions_obtained":[{"floor":3,"key":"EssenceOfSteel"},{"floor":4,"key":"Dexterity Potion"},{"floor":7,"key":"PowerPotion"},{"floor":14,"key":"PowerPotion"},{"floor":24,"key":"Swift Potion"},{"floor":28,"key":"FairyPotion"},{"floor":30,"key":"Weak Potion"},{"floor":36,"key":"SpeedPotion"},{"floor":40,"key":"FairyPotion"},{"floor":46,"key":"AttackPotion"}],"is_trial":false,"path_per_floor":["M","M","M","M","$","R","E","M","T","M","E","?","$","M","R","B",null,"M","M","M","$","M","R","E","?","T","E","M","$","M","M","R","B",null,"M","?","M","$","M","E","M","$","T","E","?","M","$","?","R","B",null,"R","$","E","B",null],"character_chosen":"THE_CURSED","items_purchased":["TheCursedMod:LuckyCharm","TheCursedMod:Grudge","Orrery","TheCursedMod:HellsGateOpen","Sadistic Nature","TheCursedMod:SpitefulPlan"],"campfire_rested":0,"item_purchase_floors":[5,5,13,21,38,47],"current_hp_per_floor":[82,79,79,70,70,70,63,62,62,62,58,51,51,51,51,46,82,82,82,70,70,70,70,63,63,63,63,63,63,65,67,67,65,82,80,78,80,80,72,61,63,63,63,65,65,64,64,64,64,22,82,82,82,59,3],"gold":61,"neow_bonus":"TEN_PERCENT_HP_BONUS","is_daily":false,"chose_seed":false,"campfire_upgraded":5,"win_rate":0.0,"timestamp":1612005169,"path_taken":["M","M","M","M","$","R","E","M","T","M","E","?","$","M","R","BOSS","M","M","M","$","M","R","E","?","T","E","M","$","M","M","R","BOSS","M","?","M","$","M","E","M","$","T","E","?","?","?","?","R","BOSS","R","$","E","BOSS"],"items_purchased_type":["Card","Card","Relic","Card","Card","Card"],"build_version":"2020-12-22","purchased_purges":4,"victory":true,"max_hp_per_floor":[82,82,82,82,82,82,82,82,82,82,82,82,82,82,82,82,82,82,82,82,82,82,82,82,82,82,82,82,82,82,82,82,82,82,82,82,82,82,82,82,82,82,82,82,82,82,82,82,82,82,82,82,82,82,82],"card_choices":[{"not_picked":["TheCursedMod:Grudge","TheCursedMod:CircleOfFocus"],"picked":"TheCursedMod:CursedBlade","floor":1},{"not_picked":["TheCursedMod:Mangle","TheCursedMod:CursedBlade"],"picked":"TheCursedMod:CursedShiv","floor":2},{"not_picked":["TheCursedMod:RavingStaff","TheCursedMod:WearCloak"],"picked":"TheCursedMod:CursedSpellbook","floor":3},{"not_picked":["TheCursedMod:SurpriseAttack","TheCursedMod:CircleOfBlood"],"picked":"TheCursedMod:RapidMovement","floor":4},{"not_picked":["TheCursedMod:EmpowerCircles","TheCursedMod:AshesToAshes"],"picked":"TheCursedMod:ManaBullet","floor":7},{"not_picked":["TheCursedMod:Obscuration","TheCursedMod:CursedAmulet"],"picked":"TheCursedMod:Wield","floor":8},{"not_picked":["TheCursedMod:CircleOfWindfury","TheCursedMod:SoulCrush","TheCursedMod:Stretching"],"picked":"SKIP","floor":10},{"not_picked":["TheCursedMod:VitalStrike","TheCursedMod:CursedShiv"],"picked":"TheCursedMod:ForbiddenAlchemy","floor":11},{"not_picked":["TheCursedMod:Mangle","TheCursedMod:SoulReap"],"picked":"TheCursedMod:CursedShiv","floor":13},{"not_picked":["TheCursedMod:Stigma","TheCursedMod:CursedRelics"],"picked":"TheCursedMod:SmokeScreen","floor":13},{"not_picked":["TheCursedMod:Stigma","TheCursedMod:Wield"],"picked":"TheCursedMod:SpitefulPray","floor":13},{"not_picked":["TheCursedMod:CursedAmulet","TheCursedMod:ReleasedKnowledge"],"picked":"TheCursedMod:Grudge","floor":13},{"not_picked":["TheCursedMod:FleshFromBone","TheCursedMod:RavingStaff"],"picked":"TheCursedMod:ReleasedKnowledge","floor":13},{"not_picked":["TheCursedMod:RavingStaff","TheCursedMod:SurpriseAttack"],"picked":"TheCursedMod:CursedBlade","floor":14},{"not_picked":["TheCursedMod:CursedRelics","TheCursedMod:ShockAndAwe"],"picked":"TheCursedMod:NeowsMight","floor":16},{"not_picked":["TheCursedMod:RapidMovement","TheCursedMod:CircleOfFlame+1","TheCursedMod:SoulCrush"],"picked":"SKIP","floor":18},{"not_picked":["TheCursedMod:CircleOfFlame","TheCursedMod:BloodBarrier"],"picked":"TheCursedMod:RapidMovement","floor":19},{"not_picked":["TheCursedMod:SoulReap","TheCursedMod:TacticalStrike","TheCursedMod:Hemoplague"],"picked":"SKIP","floor":20},{"not_picked":["TheCursedMod:CircleOfFocus","TheCursedMod:Stigma"],"picked":"TheCursedMod:RapidMovement","floor":22},{"not_picked":["TheCursedMod:FleshFromBone","TheCursedMod:RavingStaff","TheCursedMod:SoulCrush"],"picked":"SKIP","floor":24},{"not_picked":["TheCursedMod:CursedMace","TheCursedMod:WearCloak","TheCursedMod:SpitefulStrike"],"picked":"SKIP","floor":27},{"not_picked":["TheCursedMod:Evocation","TheCursedMod:RavingStaff","TheCursedMod:Mangle"],"picked":"SKIP","floor":28},{"not_picked":["TheCursedMod:Evocation","TheCursedMod:SoulReap","TheCursedMod:CircleOfBlood+1"],"picked":"SKIP","floor":30},{"not_picked":["TheCursedMod:CursedBlade","TheCursedMod:RapidMovement","TheCursedMod:ReleasedKnowledge"],"picked":"SKIP","floor":31},{"not_picked":["TheCursedMod:ShockAndAwe","TheCursedMod:DarkBarrier"],"picked":"TheCursedMod:NeowsMight","floor":33},{"not_picked":["TheCursedMod:CircleOfCorruption+1"],"picked":"SKIP","floor":35},{"not_picked":["TheCursedMod:SmokeScreen"],"picked":"SKIP","floor":37},{"not_picked":[],"picked":"TheCursedMod:CursedMace","floor":39},{"not_picked":["TheCursedMod:RavingStaff+1"],"picked":"SKIP","floor":40},{"not_picked":["TheCursedMod:RavingStaff"],"picked":"SKIP","floor":41},{"not_picked":["TheCursedMod:ManaBullet"],"picked":"SKIP","floor":44},{"not_picked":[],"picked":"TheCursedMod:TacticalStrike+1","floor":46},{"not_picked":["TheCursedMod:OutForBlood"],"picked":"SKIP","floor":54}],"player_experience":110562,"relics_obtained":[{"floor":7,"key":"Potion Belt"},{"floor":9,"key":"Pen Nib"},{"floor":11,"key":"PreservedInsect"},{"floor":24,"key":"Blood Vial"},{"floor":26,"key":"Du-Vu Doll"},{"floor":27,"key":"Boot"},{"floor":36,"key":"Pocketwatch"},{"floor":40,"key":"InkBottle"},{"floor":44,"key":"Ginger"},{"floor":54,"key":"StoneCalendar"}],"event_choices":[{"cards_removed":["TheCursedMod:Strike_TheCursed"],"damage_healed":0,"gold_gain":0,"player_choice":"Card Removal","damage_taken":7,"max_hp_gain":0,"max_hp_loss":0,"event_name":"Golden Wing","floor":12,"gold_loss":0},{"damage_healed":0,"gold_gain":0,"player_choice":"Stole Relic","damage_taken":0,"relics_obtained":["MawBank"],"max_hp_gain":0,"max_hp_loss":0,"event_name":"Addict","floor":25,"gold_loss":0,"cards_obtained":["Shame"]},{"damage_healed":0,"gold_gain":0,"player_choice":"Fight","damage_taken":0,"max_hp_gain":0,"max_hp_loss":0,"event_name":"Mysterious Sphere","floor":36,"gold_loss":0},{"damage_healed":0,"gold_gain":0,"player_choice":"Rummage","damage_taken":0,"relics_obtained":["WarpedTongs"],"max_hp_gain":0,"max_hp_loss":0,"event_name":"Accursed Blacksmith","floor":45,"gold_loss":0,"cards_obtained":["Pain"]},{"damage_healed":0,"gold_gain":0,"player_choice":"Ignored","damage_taken":0,"max_hp_gain":0,"max_hp_loss":0,"event_name":"OrinTheCat","floor":48,"gold_loss":0}],"is_beta":false,"boss_relics":[{"not_picked":["Fusion Hammer","Philosopher\u0027s Stone"],"picked":"TheCursedMod:OminousMark"},{"not_picked":["TheCursedMod:FourLeafCloverCharm","Sozu"],"picked":"Busted Crown"}],"items_purged_floors":[21,38,42,47],"is_endless":false,"potions_floor_spawned":[3,4,7,14,24,28,30,31,36,40,44,46],"ascension_level":0}}