{"host":"oehe2dxjvdgux73m","time":1612008350,"event":{"mods":["AchievementEnabler","BaseMod","Colored Map","Colored Powertips","DeckTracker","Keyboard Shortcuts","Minty Spire (QoL Compilation)","Permanent Neow","Quick Restart","StSLib","SuperFastMode"],"gold_per_floor":[110,122,47,62,62,62,137,137,137,137,151,181,230,240,240,315,315,328,228,240,257,257,257,257],"floor_reached":23,"language":"KOR","playtime":619,"items_purged":["Defend_R","Strike_R"],"score":326,"play_id":"4c49347b-5b6d-4646-bb31-17835153ad94","local_time":"20210130210550","is_ascension_mode":true,"campfire_choices":[{"data":"Body Slam","floor":6.0,"key":"SMITH"},{"data":"Wild Strike","floor":8.0,"key":"SMITH"},{"data":"Clothesline","floor":10.0,"key":"SMITH"},{"data":"True Grit","floor":15.0,"key":"SMITH"}],"circlet_count":0,"master_deck":["AscendersBane","Strike_R","Strike_R","Strike_R","Strike_R","Defend_R","Defend_R","Defend_R","Bash","Wild Strike+1","Clothesline+1","Body Slam+1","Battle Trance","True Grit+1","Barricade","Shrug It Off+1","Dropkick","Pommel Strike"],"relics":["Burning Blood","Nunchaku","Strawberry","SlaversCollar"],"acts_visited":["Exordium","TheCity"],"potions_floor_usage":[23],"damage_taken":[{"damage":6.0,"enemies":"Cultist","floor":1.0,"turns":4.0},{"damage":2.0,"enemies":"Small Slimes","floor":2.0,"turns":4.0},{"damage":12.0,"enemies":"Jaw Worm","floor":4.0,"turns":2.0},{"damage":10.0,"enemies":"2 Fungi Beasts","floor":11.0,"turns":3.0},{"damage":9.0,"enemies":"Red Slaver","floor":14.0,"turns":2.0},{"damage":49.0,"enemies":"The Guardian","floor":16.0,"turns":13.0},{"damage":22.0,"enemies":"Spheric Guardian","floor":18.0,"turns":4.0},{"damage":19.0,"enemies":"Chosen","floor":20.0,"turns":6.0},{"damage":33.0,"enemies":"Shelled Parasite and Fungi","floor":21.0,"turns":10.0},{"damage":13,"enemies":"Book of Stabbing","floor":23,"turns":1}],"seed_played":"5900481898926241956","potions_obtained":[{"floor":2.0,"key":"LiquidBronze"},{"floor":4.0,"key":"Swift Potion"},{"floor":16.0,"key":"AttackPotion"},{"floor":20.0,"key":"EssenceOfSteel"}],"is_trial":false,"path_per_floor":["M","M","$","M","$","R","?","R","T","R","M","?","T","M","R","B",null,"M","$","M","M","?","E"],"character_chosen":"IRONCLAD","items_purchased":[],"campfire_rested":0,"item_purchase_floors":[],"current_hp_per_floor":[75,79,79,73,73,73,62,62,62,62,58,58,65,62,62,19,72,56,56,43,16,4,0,0],"gold":257,"neow_bonus":"TEN_PERCENT_HP_BONUS","is_daily":false,"chose_seed":false,"campfire_upgraded":4,"win_rate":0.0,"timestamp":1612008350,"path_taken":["M","M","$","M","$","R","?","R","T","R","M","?","?","M","R","BOSS","M","$","M","M","?","E"],"items_purchased_type":[],"build_version":"2020-12-22","purchased_purges":2,"victory":false,"max_hp_per_floor":[82,82,82,82,82,82,82,82,82,82,82,82,89,89,89,89,89,89,89,89,89,89,89,89],"card_choices":[{"not_picked":["Clothesline","Reckless Charge"],"picked":"Wild Strike","floor":1.0},{"not_picked":["Metallicize","Sword Boomerang"],"picked":"Clothesline","floor":2.0},{"not_picked":["Inflame","Shrug It Off"],"picked":"Body Slam","floor":4.0},{"not_picked":["Anger","Twin Strike"],"picked":"Battle Trance","floor":11.0},{"not_picked":["Sword Boomerang","Ghostly Armor"],"picked":"True Grit","floor":14.0},{"not_picked":["Offering","Feed"],"picked":"Barricade","floor":16.0},{"not_picked":["Clothesline","Clash"],"picked":"Shrug It Off+1","floor":18.0},{"not_picked":["Headbutt","Sword Boomerang+1"],"picked":"Dropkick","floor":20.0},{"not_picked":["Wild Strike","Fiend Fire"],"picked":"Pommel Strike","floor":21.0}],"player_experience":334500,"relics_obtained":[{"floor":9.0,"key":"Nunchaku"},{"floor":13.0,"key":"Strawberry"}],"event_choices":[{"damage_healed":0.0,"max_hp_gain":0.0,"max_hp_loss":0.0,"gold_gain":75.0,"event_name":"World of Goop","player_choice":"Gather Gold","floor":7.0,"gold_loss":0.0,"damage_taken":11.0},{"damage_healed":0.0,"max_hp_gain":0.0,"max_hp_loss":0.0,"gold_gain":30.0,"event_name":"Dead Adventurer","player_choice":"Searched \u00271\u0027 times","floor":12.0,"gold_loss":0.0,"damage_taken":0.0},{"damage_healed":0,"gold_gain":0,"player_choice":"POTION ","damage_taken":12,"max_hp_gain":0,"max_hp_loss":0,"event_name":"Knowing Skull","floor":22,"potions_obtained":["BlessingOfTheForge"],"gold_loss":0,"cards_obtained":[]}],"is_beta":false,"boss_relics":[{"not_picked":["Runic Cube","Coffee Dripper"],"picked":"SlaversCollar"}],"items_purged_floors":[3,19],"is_endless":false,"potions_floor_spawned":[2,4,11,16,20],"killed_by":"Book of Stabbing","ascension_level":16}}