{"host":"1ewexarttg8tjb6w","time":1612009474,"event":{"mods":["ATMod(°¢èªMod)","Act Like it!","Arknights The Spire","Aspiration","BaseMod","Colored Powertips","Downfall","Gensokyo","Marisa£¨ìFÓê¡¡Ä§ÀíÉ³£©","Minty Spire (QoL Compilation)","SIMod","StSLib","The Bug Knight","The Construct","The Jungle","The Servant 0.9.4"],"gold_per_floor":[114,114,133,133,149,149,184,184,184,197,213,213,233,46,46,148,148,158,158,10,10,24,24,53,65,101,113,140,172,210,249,261,273,273],"floor_reached":33,"language":"ZHS","playtime":1982,"items_purged":["construct:Defend_Gold"],"score":267,"play_id":"e64b1c7d-c487-4333-946f-edb66dad06f5","local_time":"20210130202434","is_ascension_mode":false,"campfire_choices":[{"data":"AT_FalsePromise","floor":6,"key":"SMITH"},{"data":"construct:AttackMode","floor":8,"key":"SMITH"},{"data":"construct:Backfire","floor":15,"key":"SMITH"},{"floor":23,"key":"DIG"},{"floor":25,"key":"DIG"},{"floor":27,"key":"REST"},{"floor":32,"key":"REST"}],"circlet_count":0,"master_deck":["construct:Strike_Gold","construct:Strike_Gold","construct:Strike_Gold","construct:Defend_Gold","construct:Defend_Gold","construct:Defend_Gold","construct:AttackMode+1","construct:DefenseMode","AT_FalsePromise+1","construct:SuppressiveFire","construct:ForceCore","construct:PowerUp","construct:Backfire+1","construct:FierceBash","construct:SyphonStrike","construct:Anticipate","Impatience","construct:BatteryAcid","construct:Analyze","construct:ShieldGenerator","construct:ShiftStrike+1","Shame","construct:Stasis","construct:Stasis+1","construct:Forcefield+1","construct:Electrocute","construct:Anticipate","construct:SaveState"],"relics":["construct:Cogwheel","AT_ATBox","NeowsBlessing","Meat on the Bone","AT_EbonyIvory","Sozu","theJungle:PaperFaux","Shovel","MawBank","CaptainsWheel","AT_RedTearstoneRing","Pen Nib","Prayer Wheel"],"acts_visited":["Exordium","Exordium"],"potions_floor_usage":[7,22,31],"damage_taken":[{"damage":0,"enemies":"Small Slimes","floor":1,"turns":1},{"damage":0,"enemies":"2 Louse","floor":3,"turns":1},{"damage":0,"enemies":"Cultist","floor":5,"turns":1},{"damage":27,"enemies":"HollowMod:MossKnight","floor":7,"turns":8},{"damage":1,"enemies":"Large Slime","floor":10,"turns":4},{"damage":8,"enemies":"Lots of Slimes","floor":11,"turns":3},{"damage":1,"enemies":"2 Fungi Beasts","floor":13,"turns":3},{"damage":9,"enemies":"Slime Boss","floor":16,"turns":7},{"damage":14,"enemies":"theJungle:5_Spyders","floor":18,"turns":5},{"damage":0,"enemies":"Shell Parasite","floor":22,"turns":3},{"damage":7,"enemies":"theJungle:SlimyTreeVines","floor":24,"turns":5},{"damage":30,"enemies":"theJungle:Lyon","floor":28,"turns":5},{"damage":18,"enemies":"theJungle:Snecko_Cultist_And_Trap","floor":29,"turns":6},{"damage":16,"enemies":"theJungle:2_Phrogs","floor":31,"turns":6},{"damage":69,"enemies":"theJungle:TotemBoss","floor":33,"turns":6}],"seed_played":"592144604756581752","potions_obtained":[{"floor":1,"key":"AttackPotion"},{"floor":11,"key":"CultistPotion"},{"floor":16,"key":"Swift Potion"}],"is_trial":false,"path_per_floor":["M","?","M","?","M","R","E","R","T","M","M","?","M","$","R","B",null,"M","?","$","?","M","R","M","R","T","R","M","M","T","E","R","B"],"character_chosen":"THE_CONSTRUCT_MOD","items_purchased":["Impatience","construct:BatteryAcid","construct:Analyze","construct:Stasis"],"campfire_rested":2,"item_purchase_floors":[14,14,14,20],"current_hp_per_floor":[85,78,78,78,78,78,51,51,51,50,42,42,53,53,53,44,85,71,71,71,57,57,57,53,53,53,78,48,42,42,26,51,0,0],"gold":273,"neow_bonus":"THREE_ENEMY_KILL","is_daily":false,"chose_seed":false,"campfire_upgraded":3,"win_rate":0.0,"timestamp":1612009474,"path_taken":["M","?","M","?","M","R","E","R","T","?","M","?","?","$","R","BOSS","M","?","$","?","M","R","M","R","T","R","M","M","?","E","R","BOSS"],"items_purchased_type":["Card","Card","Card","Card"],"build_version":"2020-12-22","purchased_purges":1,"victory":false,"max_hp_per_floor":[85,85,85,85,85,85,85,85,85,85,85,85,85,85,85,85,85,85,85,85,85,85,85,85,85,85,85,85,85,85,85,85,85,85],"card_choices":[{"not_picked":["construct:HardReboot","construct:Boost"],"picked":"construct:SuppressiveFire","floor":1},{"not_picked":["construct:SweepLaser","construct:ScopeCore"],"picked":"construct:ForceCore","floor":3},{"not_picked":["construct:Anticipate","construct:ForceCore"],"picked":"construct:PowerUp","floor":5},{"not_picked":["construct:GatlingGun","construct:Tumble"],"picked":"construct:Backfire","floor":7},{"not_picked":["construct:Reinforce","construct:ShiftStrike"],"picked":"construct:FierceBash","floor":10},{"not_picked":["construct:SweepLaser","construct:Overcharge"],"picked":"construct:SyphonStrike","floor":11},{"not_picked":["construct:FierceBash","construct:HeavyBolt"],"picked":"construct:Anticipate","floor":13},{"not_picked":["construct:BatteryCore","construct:ShiftingStance"],"picked":"construct:ShieldGenerator","floor":16},{"not_picked":["construct:HeavyBolt","construct:Disrupt"],"picked":"construct:ShiftStrike+1","floor":18},{"not_picked":["construct:Dampening+1","construct:Backfire"],"picked":"construct:Stasis+1","floor":22},{"not_picked":["construct:Disrupt","construct:SuppressiveFire"],"picked":"construct:Forcefield+1","floor":24},{"not_picked":["construct:Zapper+1","construct:ShiftGuard"],"picked":"construct:Electrocute","floor":28},{"not_picked":["construct:Reinforce+1","construct:PowerUp"],"picked":"construct:Anticipate","floor":29},{"not_picked":["construct:VentSteam","construct:BatteryCore"],"picked":"construct:SaveState","floor":31}],"player_experience":74523,"relics_obtained":[{"floor":7,"key":"Meat on the Bone"},{"floor":9,"key":"AT_EbonyIvory"},{"floor":23,"key":"MawBank"},{"floor":25,"key":"CaptainsWheel"},{"floor":26,"key":"AT_RedTearstoneRing"},{"floor":30,"key":"Pen Nib"},{"floor":31,"key":"Prayer Wheel"}],"event_choices":[{"cards_removed":["construct:Defend_Gold"],"damage_healed":0,"gold_gain":0,"player_choice":"Card Removal","damage_taken":7,"max_hp_gain":0,"max_hp_loss":0,"event_name":"Golden Wing","floor":2,"gold_loss":0},{"cards_removed":["construct:Strike_Gold"],"damage_healed":0,"gold_gain":0,"player_choice":"Card Removal","damage_taken":0,"max_hp_gain":0,"max_hp_loss":0,"event_name":"Wheel of Change","floor":4,"gold_loss":0},{"cards_removed":["construct:Strike_Gold"],"damage_healed":0,"gold_gain":0,"player_choice":"Offered Basic","damage_taken":0,"max_hp_gain":0,"max_hp_loss":0,"event_name":"Bonfire Elementals","floor":12,"gold_loss":0}],"is_beta":false,"boss_relics":[{"not_picked":["Tiny House","Coffee Dripper"],"picked":"Sozu"}],"items_purged_floors":[20],"is_endless":false,"potions_floor_spawned":[1,11,16,18,28,31],"killed_by":"theJungle:TotemBoss","ascension_level":0}}