{"host":"1ecbliur7lfoj0sl","time":1612012916,"event":{"mods":["BaseMod","Downfall","Minty Spire (QoL Compilation)","StSLib","Waifu the Spire"],"gold_per_floor":[99,113,263,282,297,312,338,238,249,249,277,277,277,277,296,394,444,444,457,457,473,383,383,383,395,395,415,300,332,332,332,343,343,343,343],"floor_reached":33,"language":"ZHS","playtime":1702,"items_purged":["champ:Strike","champ:Defend"],"score":305,"play_id":"6dfce3bf-8072-4b5e-885a-4a0c6097d273","local_time":"20210130212156","is_ascension_mode":true,"campfire_choices":[{"floor":1.0,"key":"RECALL"},{"data":"champ:Backstep","floor":8.0,"key":"SMITH"},{"data":"champ:FancyFootwork","floor":10.0,"key":"SMITH"},{"data":"champ:Strike","floor":13.0,"key":"SMITH"},{"data":"champ:UltimateStance","floor":18.0,"key":"SMITH"},{"floor":30.0,"key":"REST"}],"circlet_count":0,"master_deck":["champ:Strike","champ:Strike","champ:Strike+1","champ:Defend","champ:Defend","champ:Defend+1","champ:Execute","champ:Taunt","champ:FancyFootwork+1","downfall:Icky","champ:Backstep+1","champ:BringItOn","champ:UltimateStance+1","champ:CheapShot"],"relics":["champ:ChampionCrown","Anchor","downfall:HeartBlessingRed","MealTicket","Tiny House","champ:BerserkersGuideToSlaughter","Matryoshka","Pen Nib"],"acts_visited":["Exordium","TheCity"],"potions_floor_usage":[33],"damage_taken":[{"damage":18.0,"enemies":"Jaw Worm","floor":2.0,"turns":6.0},{"damage":10.0,"enemies":"Small Slimes","floor":4.0,"turns":3.0},{"damage":10.0,"enemies":"2 Louse","floor":5.0,"turns":3.0},{"damage":34.0,"enemies":"Exordium Wildlife","floor":6.0,"turns":7.0},{"damage":15.0,"enemies":"3 Louse","floor":9.0,"turns":3.0},{"damage":42.0,"enemies":"3 Sentries","floor":11.0,"turns":8.0},{"damage":10.0,"enemies":"Exordium Wildlife","floor":15.0,"turns":3.0},{"damage":89.0,"enemies":"WA_ARCHETYPE_RETAIN","floor":16.0,"turns":14.0},{"damage":52.0,"enemies":"3 Byrds","floor":19.0,"turns":8.0},{"damage":41.0,"enemies":"Snecko","floor":21.0,"turns":8.0},{"damage":20.0,"enemies":"downfall:FleeingMerchant","floor":22.0,"turns":4.0},{"damage":52.0,"enemies":"Chosen and Byrds","floor":25.0,"turns":9.0},{"damage":47.0,"enemies":"Snake Plant","floor":27.0,"turns":6.0},{"damage":8.0,"enemies":"downfall:FleeingMerchant","floor":28.0,"turns":4.0},{"damage":65.0,"enemies":"Slavers","floor":29.0,"turns":11.0},{"damage":37,"enemies":"Snecko","floor":32,"turns":9},{"damage":64,"enemies":"DF_ARCHETYPE_CLAW","floor":33,"turns":5}],"seed_played":"7750380721354720403","potions_obtained":[{"floor":5.0,"key":"champ:CounterPotion"},{"floor":6.0,"key":"ColorlessPotion"},{"floor":9.0,"key":"SkillPotion"},{"floor":11.0,"key":"LiquidMemories"},{"floor":25.0,"key":"bronze:BurnAndBuffPotion"},{"floor":29.0,"key":"Explosive Potion"},{"floor":32,"key":"EntropicBrew"}],"is_trial":false,"path_per_floor":["R","M","?","M","M","M","T","R","M","R","E","?","R","?","M","B",null,"R","M","?","M","$","?","T","M","?","M","$","E","R","?","M","B"],"character_chosen":"THE_CHAMP","items_purchased":[],"campfire_rested":1,"item_purchase_floors":[],"current_hp_per_floor":[99,91,91,91,91,72,72,72,67,67,50,50,50,50,50,4,104,104,92,92,76,91,91,91,74,53,36,58,13,45,45,38,0,0,0],"gold":343,"neow_bonus":"TEN_PERCENT_HP_BONUS","is_daily":false,"chose_seed":false,"campfire_upgraded":4,"win_rate":0.0,"timestamp":1612012916,"path_taken":["R","M","?","M","M","M","T","R","M","R","E","?","R","?","M","BOSS","R","M","?","M","$","?","T","M","?","M","$","E","R","?","M","BOSS"],"items_purchased_type":[],"build_version":"2020-12-22","purchased_purges":2,"victory":false,"max_hp_per_floor":[99,99,99,99,99,99,99,99,99,99,99,99,99,99,99,99,104,104,104,104,104,104,104,104,104,109,109,109,109,109,109,109,109,109,109],"card_choices":[{"not_picked":["champ:AdrenalArmor","champ:Encircle"],"picked":"champ:FancyFootwork","floor":2.0},{"not_picked":["champ:Backstep","champ:AdrenalArmor","champ:RisingSlash"],"picked":"SKIP","floor":4.0},{"not_picked":["champ:BerserkersShout","champ:FlashCut"],"picked":"champ:Backstep","floor":5.0},{"not_picked":["champ:BerserkersShout","champ:PreciseThrust","champ:GutPunch"],"picked":"SKIP","floor":6.0},{"not_picked":["champ:Circumvent","champ:RisingSlash","champ:PerfectedStrike"],"picked":"SKIP","floor":9.0},{"not_picked":["champ:Haymaker","champ:GladiatorStyle","champ:SetATrap"],"picked":"SKIP","floor":11.0},{"not_picked":["champ:FanOfKnives","champ:CrownThrow"],"picked":"champ:BringItOn","floor":15.0},{"not_picked":["champ:SwordThrow","champ:HeavySlash"],"picked":"champ:UltimateStance","floor":16.0},{"not_picked":["champ:BringItOn","champ:Shatter","champ:GutPunch+1"],"picked":"SKIP","floor":19.0},{"not_picked":["champ:ShieldSigil","champ:StanceDance+1","champ:Haymaker"],"picked":"SKIP","floor":21.0},{"not_picked":["champ:DancingMaster","champ:PerfectedStrike","champ:CrookedStrike"],"picked":"SKIP","floor":22.0},{"not_picked":["champ:BringItOn","champ:FlashCut","champ:EnGarde"],"picked":"SKIP","floor":25.0},{"not_picked":["champ:BringItOn","champ:FlashCut","champ:EnGarde"],"picked":"SKIP","floor":25.0},{"not_picked":["champ:EnGarde","champ:DefensiveShout+1","champ:PerfectedStrike"],"picked":"SKIP","floor":27.0},{"not_picked":["champ:FlashCut","champ:Endure"],"picked":"champ:CheapShot","floor":28.0},{"not_picked":["champ:Shatter","champ:PreciseThrust","champ:BerserkerStyle"],"picked":"SKIP","floor":29.0},{"not_picked":["champ:Endure+1","champ:Shatter","champ:PreciseThrust"],"picked":"SKIP","floor":32}],"player_experience":106205,"relics_obtained":[{"floor":7.0,"key":"Anchor"},{"floor":11.0,"key":"MealTicket"},{"floor":24.0,"key":"Matryoshka"},{"floor":29.0,"key":"Pen Nib"}],"event_choices":[],"is_beta":false,"boss_relics":[{"not_picked":["Cursed Key","Velvet Choker"],"picked":"Tiny House"}],"items_purged_floors":[22,28],"is_endless":false,"potions_floor_spawned":[5,6,9,11,25,29,32],"killed_by":"DF_ARCHETYPE_CLAW","ascension_level":1}}