{"host":"j0rajrfs2q3wozdq","time":1612013825,"event":{"mods":["Arknights The Spire","BaseMod","Colored Powertips","HololiveMod","Koishi","Lobotomy","LobotomyExtend","Minty Spire (QoL Compilation)","Prisma Mod","Quick Restart","Relic Filter Mod","Remilia¡]Á¢¦Ì²ú?¡^","Replay The Spire","Shop Mod","StSLib","The Alterego","WarShipGirlsR/??¤Ö¤kR mod","Yakumo Yukari mod","Youmu¡]»î¾z§¯?¡^"],"gold_per_floor":[134,146,160,173,173,173,186,199,199,199,211,211,100,112,112,112,112],"floor_reached":16,"language":"ZHS","playtime":972,"items_purged":["AT_purpleEX"],"score":96,"play_id":"616d6057-6a9f-4cbe-8807-9e8ff6714f9b","local_time":"20210130213705","is_ascension_mode":false,"campfire_choices":[{"data":"Shallow_ocean_purpleEX","floor":6,"key":"SMITH"},{"data":"Charmbait_purple","floor":12,"key":"SMITH"},{"data":"Monsters_DoubleDeathButterfly_purple","floor":15,"key":"SMITH"}],"circlet_count":0,"master_deck":["AT_purpleEX","AT_purpleEX","AT_purpleEX","Defend_purpleEX","Defend_purpleEX","Defend_purpleEX","Defend_purpleEX","Observe_purple_1","Observe_purple_2","Bloodbath","DimensionStaggered_purple","Shallow_ocean_purpleEX+1","Wellcheers","StateErode_purple","Clumsy","Charmbait_purple+1","Monsters_DoubleDeathButterfly_purple+1","MHz","Boundary_DreamRealityDamnation_purple","CommonSense_AntiCommonSense_purple","Worldmountain_purple"],"relics":["Boundary_crack","Memoryfragments_purpleEX","CogitoBucket","Matryoshka"],"acts_visited":["Exordium"],"potions_floor_usage":[],"damage_taken":[{"damage":0,"enemies":"Small Slimes","floor":1,"turns":4},{"damage":8,"enemies":"Jaw Worm","floor":2,"turns":5},{"damage":0,"enemies":"2 Louse","floor":3,"turns":3},{"damage":7,"enemies":"Blue Slaver","floor":4,"turns":5},{"damage":6,"enemies":"Red Slaver","floor":7,"turns":5},{"damage":42,"enemies":"Large Slime","floor":8,"turns":6},{"damage":3,"enemies":"Lots of Slimes","floor":11,"turns":2},{"damage":7,"enemies":"Blue Slaver","floor":14,"turns":4},{"damage":56,"enemies":"Fading Forest","floor":16,"turns":7}],"seed_played":"-3899069278759285202","potions_obtained":[{"floor":3,"key":"SpeedPotion"},{"floor":4,"key":"LiquidMemories"}],"is_trial":false,"path_per_floor":["M","M","M","M","?","R","M","M","T","?","M","R","$","M","R","B"],"character_chosen":"Youkari","items_purchased":["CommonSense_AntiCommonSense_purple"],"campfire_rested":0,"item_purchase_floors":[13],"current_hp_per_floor":[70,68,70,70,70,70,70,33,33,33,31,31,31,35,35,0,0],"gold":112,"neow_bonus":"","is_daily":false,"chose_seed":false,"campfire_upgraded":3,"win_rate":0.0,"timestamp":1612013825,"path_taken":["M","M","M","M","?","R","M","M","T","?","M","R","$","M","R","BOSS"],"items_purchased_type":["Card"],"build_version":"2020-12-22","purchased_purges":1,"victory":false,"max_hp_per_floor":[70,70,70,70,70,70,70,70,70,70,70,70,70,70,70,70,70],"card_choices":[{"not_picked":["MeatLantern","Murderer","WallGazer"],"picked":"Singing Bowl","floor":1},{"not_picked":["BeautyBeast","VoidDream"],"picked":"Bloodbath","floor":1},{"not_picked":["MetroBOOM_purple","Fantasy_PerpetualMotionMachine_purple"],"picked":"DimensionStaggered_purple","floor":1},{"not_picked":["OldLady","Yin","CrumblingArmor"],"picked":"Singing Bowl","floor":2},{"not_picked":["SfantasyHide_purple","MeetDecomposer_purple"],"picked":"Shallow_ocean_purpleEX","floor":2},{"not_picked":["Freischutz","WallGazer","Rudolta"],"picked":"Singing Bowl","floor":3},{"not_picked":["CherryBlossoms","DespairKnight"],"picked":"Wellcheers","floor":3},{"not_picked":["RuleDissolution_purple","DimensionStaggered_purple","Line_surface_state_purple"],"picked":"SKIP","floor":3},{"not_picked":["Mercenary","VoidDream","CrumblingArmor"],"picked":"Singing Bowl","floor":4},{"not_picked":["PurpleNeedle_purple","OpenedBox_purple"],"picked":"StateErode_purple","floor":4},{"not_picked":["VoidDream","CherryBlossoms","MeatLantern"],"picked":"Singing Bowl","floor":7},{"not_picked":["Boundary_of_Extermination_purpleEX","OmniscientAndOmnipotent_Monster_purple"],"picked":"Charmbait_purple","floor":7},{"not_picked":["MeatLantern","PunishingBird","SpiderBud"],"picked":"Singing Bowl","floor":8},{"not_picked":["DimensionStaggered_purple","Line_surface_state_purple"],"picked":"Monsters_DoubleDeathButterfly_purple","floor":8},{"not_picked":["OldLady","QueenBee","CrumblingArmor"],"picked":"Singing Bowl","floor":11},{"not_picked":["CherryBlossoms","LaLuna"],"picked":"MHz","floor":11},{"not_picked":["OmniscientAndOmnipotent_Monster_purple","RuleDissolution_purple"],"picked":"Boundary_DreamRealityDamnation_purple","floor":11},{"not_picked":["CherryBlossoms","MeatLantern","OldLady"],"picked":"Singing Bowl","floor":14},{"not_picked":["Shallow_ocean_purpleEX","RuleDissolution_purple"],"picked":"Worldmountain_purple","floor":14}],"player_experience":57233,"relics_obtained":[{"floor":9,"key":"Matryoshka"}],"event_choices":[],"is_beta":false,"boss_relics":[],"items_purged_floors":[13],"is_endless":false,"potions_floor_spawned":[3,4],"killed_by":"Fading Forest","ascension_level":0}}