{"host":"mku5fdaoqz3qihec","time":1612038699,"event":{"mods":["2.2 Compatiblity","AchievementEnabler","BaseMod","Colored Map","Colored Powertips","GungeonMod","Minty Spire (QoL Compilation)","Rare Cards Sparkle","StSLib","SuperFastMode"],"gold_per_floor":[115,132,18,18,38,38,126,126,152,172,198,198,209,222,222,325,325,341,355,104,19,19,19,45,45,71,71,98,117,142,331,331,434,434,456,482,482,48,71,71,99,99,154,224,239,77,77,105,105,105],"floor_reached":51,"language":"KOR","playtime":1579,"items_purged":["DemoMod:Strike_Huntress","DemoMod:Strike_Huntress","DemoMod:Strike_Huntress"],"score":987,"play_id":"cca3d69e-8018-434a-b1d8-66663dbebde1","local_time":"20210131053139","is_ascension_mode":true,"campfire_choices":[{"data":"DemoMod:AbyssalTentacle","floor":6,"key":"SMITH"},{"data":"DemoMod:TableSutra","floor":12,"key":"SMITH"},{"data":"DemoMod:RustySidearm","floor":15,"key":"SMITH"},{"data":"DemoMod:ManualReload","floor":23,"key":"SMITH"},{"data":"DemoMod:AWP","floor":25,"key":"SMITH"},{"data":"DemoMod:CursedBullets","floor":32,"key":"SMITH"},{"data":"DemoMod:Polaris","floor":40,"key":"SMITH"},{"data":"DemoMod:FullFirepower","floor":42,"key":"SMITH"},{"data":"DemoMod:FastSwitch","floor":47,"key":"SMITH"},{"data":"DemoMod:Eureka","floor":49,"key":"SMITH"}],"circlet_count":0,"master_deck":["DemoMod:Defend_Huntress","DemoMod:Defend_Huntress","DemoMod:Defend_Huntress","DemoMod:Defend_Huntress","DemoMod:Roll","DemoMod:ManualReload+1","DemoMod:RustySidearm+1","DemoMod:CrossBow","DemoMod:TeaPot","DemoMod:TableSutra+1","DemoMod:AbyssalTentacle+1","DemoMod:Unmoved","DemoMod:FastSwitch+1","DemoMod:BulletBore","DemoMod:PracticeMakesPerfect","DemoMod:AWP+1","DemoMod:HardPowerCard+1","DemoMod:CursedBullets+1","DemoMod:FullFirepower+1","DemoMod:SAA+1","DemoMod:Polaris+1","DemoMod:FastSwitch+1","DemoMod:Eureka+1"],"relics":["DemoMod:Dog","Happy Flower","CaptainsWheel","DemoMod:ClearGuonStone","Tiny Chest","DemoMod:HoleyGrail","Coffee Dripper","DemoMod:LamentConfigurum","Eternal Feather","HornCleat","Dream Catcher","Letter Opener","Singing Bowl","Akabeko","Sozu","DemoMod:MeatBun","Bag of Marbles","Vajra","Ornamental Fan","Juzu Bracelet"],"acts_visited":["Exordium","TheCity","TheBeyond"],"potions_floor_usage":[7,7,11,16,16,16,24,30,33],"damage_taken":[{"damage":0,"enemies":"Jaw Worm","floor":1,"turns":3},{"damage":0,"enemies":"2 Louse","floor":2,"turns":3},{"damage":4,"enemies":"Small Slimes","floor":5,"turns":3},{"damage":10,"enemies":"Lagavulin","floor":7,"turns":6},{"damage":7,"enemies":"3 Louse","floor":10,"turns":3},{"damage":1,"enemies":"3 Sentries","floor":11,"turns":5},{"damage":0,"enemies":"Looter","floor":13,"turns":3},{"damage":0,"enemies":"Exordium Wildlife","floor":14,"turns":3},{"damage":0,"enemies":"The Guardian","floor":16,"turns":7},{"damage":0,"enemies":"3 Byrds","floor":18,"turns":3},{"damage":0,"enemies":"Chosen","floor":19,"turns":4},{"damage":21,"enemies":"Slavers","floor":24,"turns":5},{"damage":0,"enemies":"Book of Stabbing","floor":28,"turns":5},{"damage":0,"enemies":"Sentry and Sphere","floor":29,"turns":2},{"damage":5,"enemies":"Gremlin Leader","floor":30,"turns":4},{"damage":27,"enemies":"Automaton","floor":33,"turns":7},{"damage":9,"enemies":"Orb Walker","floor":35,"turns":2},{"damage":8,"enemies":"3 Shapes","floor":36,"turns":3},{"damage":0,"enemies":"Sphere and 2 Shapes","floor":39,"turns":3},{"damage":0,"enemies":"Transient","floor":41,"turns":5},{"damage":3,"enemies":"Writhing Mass","floor":45,"turns":2},{"damage":0,"enemies":"Nemesis","floor":48,"turns":1},{"damage":31,"enemies":"Awakened One","floor":50,"turns":6}],"seed_played":"-7789090645533363818","potions_obtained":[{"floor":2,"key":"Energy Potion"},{"floor":5,"key":"FearPotion"},{"floor":10,"key":"Energy Potion"},{"floor":13,"key":"EntropicBrew"},{"floor":19,"key":"Ancient Potion"},{"floor":24,"key":"AttackPotion"},{"floor":30,"key":"DemoMod:LeadSkinPotion"}],"is_trial":false,"path_per_floor":["M","M","$","?","M","R","E","?","T","M","E","R","M","M","R","B",null,"M","M","$","?","?","R","E","R","T","T","E","M","E","?","R","B",null,"M","M","?","$","M","R","M","R","T","T","M","$","R","E","R","B",null],"character_chosen":"HUNTRESS","items_purchased":["DemoMod:TableSutra","DemoMod:LamentConfigurum","DemoMod:MeatBun","Bag of Marbles","DemoMod:Eureka"],"campfire_rested":0,"item_purchase_floors":[3,20,38,38,46],"current_hp_per_floor":[70,70,70,67,63,63,53,53,53,46,45,45,45,45,45,45,70,70,70,70,70,70,70,49,58,58,58,60,60,55,55,64,37,72,63,57,57,71,71,74,76,76,76,76,73,73,76,78,78,47],"gold":105,"neow_bonus":"RANDOM_COMMON_RELIC","is_daily":false,"chose_seed":false,"campfire_upgraded":10,"win_rate":0.0,"timestamp":1612038699,"path_taken":["M","M","$","?","M","R","E","?","T","M","E","R","M","?","R","BOSS","M","M","$","?","?","R","E","R","T","?","E","?","E","?","R","BOSS","M","M","?","$","M","R","M","R","T","?","?","?","R","E","R","BOSS"],"items_purchased_type":["Card","Relic","Relic","Relic","Card"],"build_version":"2020-12-22","purchased_purges":3,"victory":true,"max_hp_per_floor":[70,70,70,70,70,70,70,70,70,70,70,70,70,70,70,70,70,70,70,70,70,70,70,70,70,70,70,72,72,72,72,72,72,72,72,74,74,74,74,74,76,76,76,76,76,76,76,78,78,78],"card_choices":[{"not_picked":["DemoMod:GunstockTap","DemoMod:PotionOfGunFriendShip"],"picked":"DemoMod:TeaPot","floor":1},{"not_picked":["DemoMod:DoubleSwitch","DemoMod:Camera","DemoMod:ChanceBullets"],"picked":"SKIP","floor":2},{"not_picked":["DemoMod:DoubleSwitch","DemoMod:SniperShot"],"picked":"DemoMod:AbyssalTentacle","floor":5},{"not_picked":["DemoMod:JK47","DemoMod:Ejector"],"picked":"DemoMod:Unmoved","floor":7},{"not_picked":["DemoMod:RadGun","DemoMod:HighKaliber","DemoMod:Unmoved"],"picked":"SKIP","floor":10},{"not_picked":["DemoMod:ThirdPartyController","DemoMod:GunstockTap","DemoMod:TeaPot"],"picked":"SKIP","floor":11},{"not_picked":["DemoMod:ThirdPartyController","DemoMod:GunstockTap","DemoMod:TeaPot"],"picked":"SKIP","floor":11},{"not_picked":["DemoMod:ThirdPartyController","DemoMod:GunstockTap","DemoMod:TeaPot"],"picked":"SKIP","floor":11},{"not_picked":["DemoMod:Replace","DemoMod:GunstockTap","DemoMod:DoubleSwitch"],"picked":"SKIP","floor":13},{"not_picked":["DemoMod:HighKaliber","DemoMod:HardPowerCard"],"picked":"DemoMod:FastSwitch","floor":14},{"not_picked":["DemoMod:DarkMarker","DemoMod:ThirdPartyController"],"picked":"DemoMod:BulletBore","floor":16},{"not_picked":["DemoMod:Casey","DemoMod:SkilledReload"],"picked":"DemoMod:PracticeMakesPerfect","floor":18},{"not_picked":["DemoMod:AC15","DemoMod:Purify","DemoMod:ChanceBullets"],"picked":"SKIP","floor":19},{"not_picked":["DemoMod:Unmoved","DemoMod:DirectionalPad"],"picked":"DemoMod:AWP","floor":24},{"not_picked":["DemoMod:FastSwitch+1","DemoMod:JK47","DemoMod:DirectionalPad"],"picked":"Singing Bowl","floor":28},{"not_picked":["DemoMod:Replace","DemoMod:GunstockTap"],"picked":"DemoMod:HardPowerCard+1","floor":29},{"not_picked":["DemoMod:SAA","DemoMod:StickyCrossBow+1"],"picked":"DemoMod:CursedBullets","floor":30},{"not_picked":["DemoMod:DarkMarker","DemoMod:ThirdPartyController"],"picked":"DemoMod:FullFirepower","floor":33},{"not_picked":["DemoMod:EasyReloadBullets","DemoMod:HardPowerCard"],"picked":"DemoMod:SAA+1","floor":35},{"not_picked":["DemoMod:LifeOrb+1","DemoMod:FeignSurrender+1","DemoMod:PracticeMakesPerfect"],"picked":"Singing Bowl","floor":36},{"not_picked":["DemoMod:Rummage","DemoMod:Casey+1"],"picked":"DemoMod:Polaris","floor":39},{"not_picked":["DemoMod:FeignSurrender+1","DemoMod:Casey","DemoMod:ZorGun"],"picked":"Singing Bowl","floor":41},{"not_picked":["DemoMod:MachoBrace+1","DemoMod:AC15"],"picked":"DemoMod:FastSwitch+1","floor":45},{"not_picked":["DemoMod:Replace+1","DemoMod:PotionOfGunFriendShip","DemoMod:SniperShot"],"picked":"Singing Bowl","floor":48}],"player_experience":260884,"relics_obtained":[{"floor":7,"key":"DemoMod:ClearGuonStone"},{"floor":9,"key":"Tiny Chest"},{"floor":11,"key":"DemoMod:HoleyGrail"},{"floor":24,"key":"HornCleat"},{"floor":26,"key":"Dream Catcher"},{"floor":27,"key":"Letter Opener"},{"floor":28,"key":"Singing Bowl"},{"floor":30,"key":"Akabeko"},{"floor":43,"key":"Vajra"},{"floor":44,"key":"Ornamental Fan"},{"floor":48,"key":"Juzu Bracelet"}],"event_choices":[{"damage_healed":0,"gold_gain":0,"player_choice":"Success","damage_taken":3,"relics_obtained":["CaptainsWheel"],"max_hp_gain":0,"max_hp_loss":0,"event_name":"Scrap Ooze","floor":4,"gold_loss":0},{"damage_healed":0,"gold_gain":0,"player_choice":"Ignored","damage_taken":0,"max_hp_gain":0,"max_hp_loss":0,"event_name":"Liars Game","floor":8,"gold_loss":0},{"damage_healed":0,"gold_gain":0,"player_choice":"Obtained Relic","damage_taken":0,"relics_obtained":["Eternal Feather"],"max_hp_gain":0,"max_hp_loss":0,"event_name":"Addict","floor":21,"gold_loss":85},{"damage_healed":0,"gold_gain":0,"player_choice":"Ignored","damage_taken":0,"max_hp_gain":0,"max_hp_loss":0,"event_name":"Vampires","floor":22,"gold_loss":0},{"damage_healed":0,"gold_gain":0,"player_choice":"Bought 0 Potions","damage_taken":0,"max_hp_gain":0,"max_hp_loss":0,"event_name":"The Woman in Blue","floor":37,"gold_loss":0}],"is_beta":false,"boss_relics":[{"not_picked":["Philosopher\u0027s Stone","Ectoplasm"],"picked":"Coffee Dripper"},{"not_picked":["SacredBark","Black Star"],"picked":"Sozu"}],"items_purged_floors":[3,20,38],"is_endless":false,"potions_floor_spawned":[2,5,10,13,19,24,30,35,35,41],"ascension_level":3}}