{"host":"mr1ctipv0dcr6y8g","time":1612049506,"event":{"mods":["BaseMod","DeckTracker","Energized Spire","Minty Spire (QoL Compilation)","Shop Mod","StSLib","The Construct"],"gold_per_floor":[115,130,130,305,305,305,47,72,72,72,72,115,115,190,190,319,319,334,334,334,361,349,393,417,417,417,417,417,433,42,67,67,197,197,211,211,15,15,15,56,56,90,116,116,391,98,114,177,177,177,177,177,25,56,56],"floor_reached":56,"language":"ENG","playtime":3493,"items_purged":["Injury","construct:PanicFire","construct:ModeShift","Regret"],"score":1265,"play_id":"e3d1ea57-d48f-416d-b3d9-98bb49467496","local_time":"20210130163146","daily_mods":["Heirloom","Time Dilation","Flight"],"is_ascension_mode":false,"campfire_choices":[{"data":"construct:Enhance","floor":6.0,"key":"SMITH"},{"data":"construct:LaserCore","floor":11.0,"key":"SMITH"},{"data":"construct:AttackMode","floor":13.0,"key":"SMITH"},{"data":"construct:Hazardproof","floor":15.0,"key":"SMITH"},{"floor":25.0,"key":"REST"},{"data":"construct:Reinforce","floor":27.0,"key":"SMITH"},{"data":"construct:SpinDrive","floor":32.0,"key":"SMITH"},{"data":"construct:SiegeForm","floor":44.0,"key":"SMITH"},{"floor":49,"key":"RECALL"},{"data":"construct:DefenseMode","floor":52,"key":"SMITH"}],"circlet_count":0,"master_deck":["construct:Strike_Gold+1","construct:Strike_Gold+1","construct:Strike_Gold","construct:Defend_Gold","construct:Defend_Gold","construct:Defend_Gold+1","construct:Defend_Gold","construct:Defend_Gold","construct:AttackMode+1","construct:DefenseMode+1","construct:Enhance+1","construct:Hazardproof+1","construct:LaserCore+1","construct:ScopeCore+1","construct:Analyze","RitualDagger","construct:Hazardproof","construct:SpinDrive+1","construct:Hazardproof+1","construct:Reinforce+1","construct:SuppressiveFire","construct:SiegeForm+1","construct:ElectricArmor","construct:Boost","construct:Anticipate+1","construct:Autoturret+1"],"relics":["construct:Cogwheel","Unceasing Top","Golden Idol","Sling","Boot","Ancient Tea Set","energizedSpire:DeadBattery","Potion Belt","Singing Bowl","Pear","Lee\u0027s Waffle","Whetstone","energizedSpire:SpiderWeb","War Paint","Nunchaku","Medical Kit","Calipers","Lantern","StrikeDummy"],"acts_visited":["Exordium","TheCity","TheBeyond","TheEnding"],"potions_floor_usage":[50],"damage_taken":[{"damage":4.0,"enemies":"2 Louse","floor":1.0,"turns":4.0},{"damage":5.0,"enemies":"Small Slimes","floor":2.0,"turns":4.0},{"damage":1.0,"enemies":"Jaw Worm","floor":8.0,"turns":3.0},{"damage":8.0,"enemies":"Lagavulin","floor":12.0,"turns":7.0},{"damage":16.0,"enemies":"The Guardian","floor":16.0,"turns":12.0},{"damage":0.0,"enemies":"Chosen","floor":18.0,"turns":5.0},{"damage":28.0,"enemies":"2 Thieves","floor":22.0,"turns":4.0},{"damage":41.0,"enemies":"Gremlin Leader","floor":23.0,"turns":7.0},{"damage":0.0,"enemies":"Snake Plant","floor":24.0,"turns":5.0},{"damage":39.0,"enemies":"3 Cultists","floor":29.0,"turns":8.0},{"damage":3.0,"enemies":"Cultist and Chosen","floor":31.0,"turns":7.0},{"damage":4.0,"enemies":"Champ","floor":33.0,"turns":8.0},{"damage":10.0,"enemies":"Orb Walker","floor":35.0,"turns":4.0},{"damage":25.0,"enemies":"Nemesis","floor":40.0,"turns":7.0},{"damage":41.0,"enemies":"Reptomancer","floor":42.0,"turns":5.0},{"damage":0.0,"enemies":"3 Darklings","floor":47.0,"turns":3.0},{"damage":0.0,"enemies":"Mind Bloom Boss Battle","floor":48.0,"turns":4.0},{"damage":9,"enemies":"Awakened One","floor":50,"turns":11},{"damage":1,"enemies":"Shield and Spear","floor":54,"turns":9},{"damage":74,"enemies":"The Heart","floor":55,"turns":11}],"seed_played":"8245212882929648134","potions_obtained":[{"floor":2.0,"key":"Block Potion"},{"floor":8.0,"key":"FearPotion"},{"floor":16.0,"key":"Block Potion"},{"floor":18.0,"key":"DistilledChaos"},{"floor":22.0,"key":"LiquidMemories"},{"floor":23.0,"key":"PowerPotion"},{"floor":42.0,"key":"Swift Potion"}],"is_trial":true,"path_per_floor":["M","M","?","?","?","R","$","M","T","$","R","E","R","?","R","B",null,"M","?","?","T","M","E","M","R","T","R","?","M","$","M","R","B",null,"M","?","$","?","?","E","$","E","T","R","?","$","M","?","R","B",null,"R","$","E","B",null],"character_chosen":"THE_CONSTRUCT_MOD","items_purchased":["construct:Hazardproof","Sling","Lee\u0027s Waffle","Whetstone","construct:ElectricArmor","Medical Kit","Lantern"],"campfire_rested":1,"item_purchase_floors":[7,7,30,30,37,46,53],"current_hp_per_floor":[81,76,76,76,69,69,69,68,68,68,68,60,60,49,49,33,85,85,79,79,79,51,12,12,38,48,48,48,11,106,103,103,99,106,98,98,98,98,98,75,75,34,34,34,34,34,36,36,36,27,107,107,107,106,32],"gold":56,"neow_bonus":"","is_daily":false,"chose_seed":false,"campfire_upgraded":8,"win_rate":0.0,"timestamp":1612049506,"path_taken":["M","M","?","?","?","R","$","M","T","?","R","E","R","?","R","BOSS","M","?","?","?","?","E","M","R","T","R","?","M","$","?","R","BOSS","M","?","?","?","?","E","?","E","T","R","?","$","?","?","R","BOSS","R","$","E","BOSS"],"items_purchased_type":["Card","Relic","Relic","Relic","Card","Relic","Relic"],"build_version":"2020-12-22","purchased_purges":4,"victory":true,"max_hp_per_floor":[85,85,85,85,85,85,85,85,85,85,85,85,85,85,85,85,85,85,85,85,85,85,87,87,87,97,97,97,99,106,106,106,106,106,108,108,108,108,103,105,105,105,105,105,105,105,107,107,107,107,107,107,107,107,107],"card_choices":[{"not_picked":["construct:Forcefield","construct:Anticipate"],"picked":"construct:Enhance","floor":1.0},{"not_picked":["construct:OmegaCannon","construct:OneWayMirror"],"picked":"construct:Analyze","floor":2.0},{"not_picked":["construct:Reinforce","construct:Synchronize"],"picked":"construct:LaserCore","floor":8.0},{"not_picked":["construct:Backfire","construct:ShiftingStance"],"picked":"construct:ScopeCore","floor":12.0},{"not_picked":["construct:HastyRepair","construct:Bunker"],"picked":"construct:PanicFire","floor":16.0},{"not_picked":["construct:HardReboot+1","construct:SyphonStrike"],"picked":"construct:Analyze","floor":18.0},{"not_picked":["construct:ScrapCannon","construct:Electrocute"],"picked":"construct:Hazardproof+1","floor":22.0},{"not_picked":["construct:Electrocute+1","construct:Impenetrable","construct:Dampening"],"picked":"Singing Bowl","floor":23.0},{"not_picked":["construct:HeavyBolt","construct:ClusterMines"],"picked":"construct:Reinforce","floor":24.0},{"not_picked":["construct:FierceBash","construct:Accumulate","construct:Forcefield"],"picked":"Singing Bowl","floor":29.0},{"not_picked":["construct:HyperBeam","construct:ScrapCannon"],"picked":"construct:SuppressiveFire","floor":31.0},{"not_picked":["construct:MassProduction","construct:HastyRepair"],"picked":"construct:SiegeForm","floor":33.0},{"not_picked":["construct:ModeShift+1","construct:ClusterMines+1","construct:Autoturret"],"picked":"Singing Bowl","floor":35.0},{"not_picked":["construct:VentSteam+1","construct:ModeShift","construct:SuppressiveFire"],"picked":"Singing Bowl","floor":40.0},{"not_picked":["construct:Failsafe","construct:ShiftStrike+1"],"picked":"construct:Boost","floor":42.0},{"not_picked":["construct:SyphonStrike","construct:Backfire","construct:HeavyBolt+1"],"picked":"Singing Bowl","floor":47.0},{"not_picked":["construct:ScrapCannon+1","construct:FocusedBeam"],"picked":"construct:Anticipate+1","floor":48.0},{"not_picked":["construct:Forcefield","construct:ShiftStrike+1"],"picked":"construct:Autoturret+1","floor":54}],"player_experience":1408421,"relics_obtained":[{"floor":9.0,"key":"Boot"},{"floor":12.0,"key":"Ancient Tea Set"},{"floor":21.0,"key":"Potion Belt"},{"floor":23.0,"key":"Singing Bowl"},{"floor":26.0,"key":"Pear"},{"floor":40.0,"key":"War Paint"},{"floor":42.0,"key":"Nunchaku"},{"floor":48.0,"key":"Calipers"},{"floor":54,"key":"StrikeDummy"}],"event_choices":[{"damage_healed":0.0,"max_hp_gain":0.0,"max_hp_loss":0.0,"gold_gain":0.0,"event_name":"Golden Idol","player_choice":"Take Wound","floor":3.0,"gold_loss":0.0,"damage_taken":0.0,"relics_obtained":["Golden Idol"],"cards_obtained":["Injury"]},{"damage_healed":0.0,"max_hp_gain":0.0,"max_hp_loss":0.0,"gold_gain":175.0,"event_name":"Liars Game","player_choice":"AGREE","floor":4.0,"gold_loss":0.0,"damage_taken":0.0,"cards_obtained":["Doubt"]},{"cards_removed":["Doubt"],"damage_healed":0.0,"max_hp_gain":0.0,"max_hp_loss":0.0,"gold_gain":0.0,"event_name":"Golden Wing","player_choice":"Card Removal","floor":5.0,"gold_loss":0.0,"damage_taken":7.0},{"damage_healed":0.0,"max_hp_gain":0.0,"max_hp_loss":0.0,"gold_gain":75.0,"event_name":"World of Goop","player_choice":"Gather Gold","floor":14.0,"gold_loss":0.0,"damage_taken":11.0},{"damage_healed":0.0,"max_hp_gain":0.0,"max_hp_loss":0.0,"gold_gain":0.0,"event_name":"Nest","player_choice":"Joined the Cult","floor":19.0,"gold_loss":0.0,"damage_taken":6.0,"cards_obtained":["RitualDagger"]},{"damage_healed":0.0,"max_hp_gain":0.0,"max_hp_loss":0.0,"gold_gain":0.0,"cards_transformed":["construct:Strike_Gold","construct:Strike_Gold"],"event_name":"Drug Dealer","player_choice":"Became Test Subject","floor":20.0,"gold_loss":0.0,"damage_taken":0.0,"cards_obtained":["construct:Hazardproof","construct:SpinDrive"]},{"damage_healed":0.0,"max_hp_gain":0.0,"max_hp_loss":0.0,"gold_gain":0.0,"event_name":"Vampires","player_choice":"Ignored","floor":28.0,"gold_loss":0.0,"damage_taken":0.0},{"damage_healed":0.0,"max_hp_gain":0.0,"max_hp_loss":0.0,"gold_gain":0.0,"event_name":"Match and Keep!","player_choice":"1 cards matched","floor":36.0,"gold_loss":0.0,"damage_taken":0.0,"cards_obtained":["construct:ModeShift"]},{"cards_removed":["construct:Analyze"],"damage_healed":0.0,"max_hp_gain":0.0,"max_hp_loss":0.0,"gold_gain":0.0,"event_name":"Falling","player_choice":"Removed Skill","floor":38.0,"gold_loss":0.0,"damage_taken":0.0},{"damage_healed":0.0,"max_hp_gain":0.0,"max_hp_loss":5.0,"gold_gain":0.0,"event_name":"Winding Halls","player_choice":"Max HP","floor":39.0,"gold_loss":0.0,"damage_taken":0.0},{"damage_healed":0.0,"max_hp_gain":0.0,"max_hp_loss":0.0,"gold_gain":275.0,"event_name":"Golden Shrine","player_choice":"Desecrate","floor":45.0,"gold_loss":0.0,"damage_taken":0.0,"cards_obtained":["Regret"]},{"damage_healed":0.0,"max_hp_gain":0.0,"max_hp_loss":0.0,"gold_gain":0.0,"event_name":"MindBloom","player_choice":"Fight","floor":48.0,"gold_loss":0.0,"damage_taken":0.0}],"is_beta":false,"boss_relics":[{"not_picked":["Philosopher\u0027s Stone","energizedSpire:MagnifyingGlass"],"picked":"energizedSpire:DeadBattery"},{"not_picked":["Black Star","Busted Crown"],"picked":"energizedSpire:SpiderWeb"}],"items_purged_floors":[7,30,37,46],"is_endless":false,"potions_floor_spawned":[2,8,16,18,22,23,42],"ascension_level":0}}