{"host":"o67iw34xdwlyp80a","time":1612036544,"event":{"mods":["BaseMod","Minty Spire (QoL Compilation)","Relic Stats","StSLib"],"gold_per_floor":[109,109,62,76,94,126,126,155,229,247,281,281,314,334,334,438,438,428,48,48,68,86,86,116,16,84,119,119,133,133,133,133,133,133],"floor_reached":33,"language":"ENG","playtime":2103,"items_purged":["Strike_R","Defend_R"],"score":448,"play_id":"85e4e765-5a5d-450b-9a86-cde3fa4231c6","local_time":"20210130195544","is_ascension_mode":true,"campfire_choices":[{"data":"Demon Form","floor":15,"key":"SMITH"},{"data":"Barricade","floor":23,"key":"SMITH"},{"data":"Body Slam","floor":28,"key":"SMITH"},{"data":"Bite","floor":32,"key":"SMITH"}],"circlet_count":0,"master_deck":["Defend_R","Defend_R","Defend_R","Bash","Twin Strike","Armaments+1","Rampage","Body Slam+1","Demon Form+1","Seeing Red+1","Carnage","Sword Boomerang","Shrug It Off+1","Barricade+1","Cleave","Spot Weakness+1","Double Tap+1","Anger+1","Flex+1","Dual Wield+1","Decay","Bite+1","Bite","Bite","Bite","Bite"],"relics":["Burning Blood","NeowsBlessing","Toxic Egg 2","Thread and Needle","Toy Ornithopter","Mummified Hand","Peace Pipe","Juzu Bracelet","Velvet Choker","Boot","Blue Candle","Singing Bowl","Ancient Tea Set"],"acts_visited":["Exordium","TheCity"],"potions_floor_usage":[8,8,11,16,21,24,27],"damage_taken":[{"damage":0,"enemies":"Cultist","floor":1,"turns":1},{"damage":0,"enemies":"2 Louse","floor":4,"turns":1},{"damage":0,"enemies":"Small Slimes","floor":5,"turns":1},{"damage":25,"enemies":"3 Sentries","floor":6,"turns":8},{"damage":6,"enemies":"Lagavulin","floor":8,"turns":5},{"damage":9,"enemies":"Exordium Wildlife","floor":10,"turns":4},{"damage":17,"enemies":"Gremlin Nob","floor":11,"turns":4},{"damage":28,"enemies":"3 Sentries","floor":13,"turns":7},{"damage":0,"enemies":"Red Slaver","floor":14,"turns":3},{"damage":17,"enemies":"The Guardian","floor":16,"turns":7},{"damage":13,"enemies":"2 Thieves","floor":18,"turns":4},{"damage":0,"enemies":"3 Byrds","floor":21,"turns":5},{"damage":4,"enemies":"Snake Plant","floor":22,"turns":3},{"damage":45,"enemies":"Book of Stabbing","floor":24,"turns":5},{"damage":9,"enemies":"Gremlin Leader","floor":27,"turns":4},{"damage":0,"enemies":"Snecko","floor":29,"turns":4},{"damage":81,"enemies":"Automaton","floor":33,"turns":6}],"seed_played":"-5340992976514802045","potions_obtained":[{"floor":4,"key":"Energy Potion"},{"floor":6,"key":"Weak Potion"},{"floor":10,"key":"SkillPotion"},{"floor":11,"key":"Dexterity Potion"},{"floor":16,"key":"GamblersBrew"},{"floor":18,"key":"AttackPotion"},{"floor":21,"key":"SmokeBomb"},{"floor":24,"key":"EssenceOfSteel"}],"is_trial":false,"path_per_floor":["M","T","$","M","M","E","?","E","T","M","E","?","E","M","R","B",null,"M","$","?","M","M","R","E","$","T","E","R","M","?","?","R","B"],"character_chosen":"IRONCLAD","items_purchased":["Armaments+1","Boot","Spot Weakness+1","Double Tap+1"],"campfire_rested":0,"item_purchase_floors":[3,19,19,19],"current_hp_per_floor":[78,78,78,80,80,61,54,54,54,51,45,45,23,29,29,23,66,59,59,59,70,72,72,38,38,38,42,42,48,48,48,48,0,0],"gold":133,"neow_bonus":"THREE_ENEMY_KILL","is_daily":false,"chose_seed":false,"campfire_upgraded":4,"win_rate":0.0,"timestamp":1612036544,"path_taken":["M","?","$","M","M","E","?","E","T","M","E","?","E","M","R","BOSS","M","$","?","M","M","R","E","$","T","E","R","M","?","?","R","BOSS"],"items_purchased_type":["Card","Relic","Card","Card"],"build_version":"2020-12-22","purchased_purges":2,"victory":false,"max_hp_per_floor":[80,80,80,80,80,80,80,80,80,80,80,80,80,80,80,80,80,80,80,80,80,80,80,80,80,80,82,82,82,82,57,57,57,57],"relic_stats":{"Peace Pipe":0,"Singing Bowl":2,"counters":[17,72],"Mummified Hand":[14],"Blue Candle":[1],"Juzu Bracelet":1,"Boot":[34],"obtain_stats":[{"NeowsBlessing":0,"Singing Bowl":26,"Blue Candle":24,"Velvet Choker":17,"Thread and Needle":6,"Juzu Bracelet":13,"Boot":19,"Ancient Tea Set":27,"Burning Blood":0,"Peace Pipe":11,"Mummified Hand":9,"Toxic Egg 2":2,"Toy Ornithopter":8},{"NeowsBlessing":0,"Singing Bowl":14,"Blue Candle":14,"Velvet Choker":10,"Thread and Needle":4,"Juzu Bracelet":8,"Boot":11,"Ancient Tea Set":15,"Burning Blood":0,"Peace Pipe":7,"Mummified Hand":5,"Toxic Egg 2":1,"Toy Ornithopter":5},{"NeowsBlessing":0,"Singing Bowl":58,"Blue Candle":58,"Velvet Choker":41,"Thread and Needle":11,"Juzu Bracelet":31,"Boot":45,"Ancient Tea Set":62,"Burning Blood":0,"Peace Pipe":24,"Mummified Hand":16,"Toxic Egg 2":1,"Toy Ornithopter":16}],"Burning Blood":86,"Toy Ornithopter":25},"card_choices":[{"not_picked":["Clothesline","Metallicize"],"picked":"Twin Strike","floor":1},{"not_picked":["Dropkick","Clash"],"picked":"Rampage","floor":4},{"not_picked":["Dropkick","Perfected Strike"],"picked":"Body Slam","floor":5},{"not_picked":["True Grit+1","Intimidate+1"],"picked":"Demon Form","floor":6},{"not_picked":["Iron Wave","Cleave"],"picked":"Seeing Red+1","floor":8},{"not_picked":["Wild Strike","Clothesline"],"picked":"Carnage","floor":10},{"not_picked":["Headbutt","Sever Soul","Second Wind+1"],"picked":"SKIP","floor":11},{"not_picked":["Burning Pact+1","Havoc+1"],"picked":"Sword Boomerang","floor":13},{"not_picked":["Clash","Battle Trance+1"],"picked":"Shrug It Off+1","floor":14},{"not_picked":["Reaper","Impervious+1"],"picked":"Barricade","floor":16},{"not_picked":["Heavy Blade+1","Rampage"],"picked":"Cleave","floor":18},{"not_picked":["Hemokinesis","True Grit+1","Clothesline+1"],"picked":"SKIP","floor":21},{"not_picked":["Hemokinesis+1","Body Slam"],"picked":"Anger+1","floor":22},{"not_picked":["Berserk","Armaments+1"],"picked":"Flex+1","floor":24},{"not_picked":["Iron Wave","Anger","Whirlwind"],"picked":"Singing Bowl","floor":27},{"not_picked":["Thunderclap","Havoc+1"],"picked":"Dual Wield+1","floor":29}],"player_experience":1122510,"relics_obtained":[{"floor":2,"key":"Toxic Egg 2"},{"floor":6,"key":"Thread and Needle"},{"floor":8,"key":"Toy Ornithopter"},{"floor":9,"key":"Mummified Hand"},{"floor":11,"key":"Peace Pipe"},{"floor":13,"key":"Juzu Bracelet"},{"floor":24,"key":"Blue Candle"},{"floor":26,"key":"Singing Bowl"},{"floor":27,"key":"Ancient Tea Set"}],"event_choices":[{"cards_removed":["Strike_R"],"damage_healed":0,"gold_gain":0,"player_choice":"Card Removal","damage_taken":7,"max_hp_gain":0,"max_hp_loss":0,"event_name":"Golden Wing","floor":7,"gold_loss":0},{"damage_healed":0,"gold_gain":0,"player_choice":"Ignored","damage_taken":0,"max_hp_gain":0,"max_hp_loss":0,"event_name":"Liars Game","floor":12,"gold_loss":0},{"cards_removed":["Strike_R"],"damage_healed":0,"gold_gain":0,"player_choice":"Purged","damage_taken":0,"max_hp_gain":0,"max_hp_loss":0,"event_name":"Purifier","floor":20,"gold_loss":0},{"damage_healed":0,"gold_gain":0,"player_choice":"Smashed Altar","damage_taken":0,"max_hp_gain":0,"max_hp_loss":0,"event_name":"Forgotten Altar","floor":30,"gold_loss":0,"cards_obtained":["Decay"]},{"damage_healed":0,"gold_gain":0,"player_choice":"Became a vampire","damage_taken":0,"max_hp_gain":0,"max_hp_loss":25,"event_name":"Vampires","floor":31,"gold_loss":0,"cards_obtained":["Bite","Bite","Bite","Bite","Bite"]}],"is_beta":false,"boss_relics":[{"not_picked":["Black Blood","SacredBark"],"picked":"Velvet Choker"}],"items_purged_floors":[19,25],"is_endless":false,"potions_floor_spawned":[4,6,10,11,16,18,21,24],"killed_by":"Automaton","ascension_level":7}}