{"host":"juoup3p5tvzzktl5","time":1612007722,"event":{"mods":["ATMod(∞¢Ë™Mod)","Aspiration","BaseMod","Better Vampires","BetterRewards","Colored Map","Colored Powertips","Downfall","Friendly Minions","GifTheSpireLib","Hermit","Hubris","Infinite Spire","KinomotoSakuraMod(ƒæ÷Æ±æ”£)","Koishi","KomeijiMod","Marisa£®ÏF”Í°°ƒß¿Ì…≥£©","Minty Spire (QoL Compilation)","Quick Restart","Reimu£®≤©¿ˆ¡È√Œ£©","Relic Filter Mod","Reliquary","Replay The Spire","Shop Mod","StSLib","The Administrix","The Alterego","The Bug Knight","The Construct","The Cursed","The Jungle","The Mystic","The Runesmith","The Senshi","Youmu£®ªÍ∆«—˝√Œ£©","Yuyuko"],"gold_per_floor":[99,116,116,135,135,135,135,150,175,175,175,207,227,242,261,365,365,265,281,293,393,409,409,409,429,446,461,461,461,461,461,480,585,585,585,600,645,662,662,672,672,292,306,306,206,224,224,243,253,253,253,253],"floor_reached":50,"language":"ZHS","playtime":2732,"items_purged":["bronze:DelayedSlice"],"score":610,"play_id":"d77c0086-b770-486f-9761-47f723413c5f","local_time":"20210130205522","is_ascension_mode":false,"campfire_choices":[{"data":"bronze:Replicate","floor":1.0,"key":"SMITH"},{"data":"bronze:Goto","floor":6.0,"key":"SMITH"},{"data":"bronze:Break","floor":11.0,"key":"SMITH"},{"data":"bronze:HardenedForm","floor":18.0,"key":"SMITH"},{"floor":28.0,"key":"REST"},{"data":"MagicChant","floor":35.0,"key":"SMITH"},{"data":"bronze:ChildClass","floor":45,"key":"SMITH"},{"data":"bronze:WildBeam","floor":47,"key":"SMITH"}],"circlet_count":0,"master_deck":["bronze:Replicate+1","bronze:Goto+1","bronze:ChosenStrike+1","bronze:ChildClass+1","bronze:WildBeam+1","Impatience","bronze:Break+1","bronze:Constructor","bronze:ChildClass","bronze:Turbo","bronze:HardenedForm+1","bronze:DelayedSlice+1","DC+1","bronze:Overheat+1","MeteoricShower","AsteroidBelt","AbsoluteMagnitude","MagicChant+1","bronze:NullPointer","bronze:Flail"],"relics":["bronze:BronzeCore","AT_ATBox","aspiration:FetidBarrel","Replay:Ringing Soul","AT_SilvercatRing","aspiration:MarisaSkillbook","downfall:HeartBlessingGreen","HandDrill","AT_DeathDance","Enchiridion","Pandora\u0027s Box","Ginger","MerchantsRug","reliquary:PartyBalloon","TentaclePot:ReiMu","hubris:SlimyHat","downfall:HeartBlessingBlue"],"acts_visited":["Exordium","TheCity","TheBeyond"],"potions_floor_usage":[43,48,50],"damage_taken":[{"damage":1.0,"enemies":"Jaw Worm","floor":2.0,"turns":3.0},{"damage":0.0,"enemies":"Cultist","floor":4.0,"turns":2.0},{"damage":4.0,"enemies":"2 Louse","floor":8.0,"turns":2.0},{"damage":9.0,"enemies":"3 Sentries","floor":9.0,"turns":6.0},{"damage":26.0,"enemies":"Lagavulin","floor":12.0,"turns":5.0},{"damage":2.0,"enemies":"Exordium Thugs","floor":13.0,"turns":2.0},{"damage":1.0,"enemies":"2 Fungi Beasts","floor":14.0,"turns":2.0},{"damage":0.0,"enemies":"Gremlin Gang","floor":15.0,"turns":2.0},{"damage":11.0,"enemies":"IC_STATUS_ARCHETYPE","floor":16.0,"turns":5.0},{"damage":10.0,"enemies":"Chosen","floor":19.0,"turns":2.0},{"damage":6.0,"enemies":"Spheric Guardian","floor":20.0,"turns":3.0},{"damage":0.0,"enemies":"Cultist and Chosen","floor":22.0,"turns":3.0},{"damage":9.0,"enemies":"Snake Plant","floor":25.0,"turns":2.0},{"damage":2.0,"enemies":"Sentry and Sphere","floor":26.0,"turns":3.0},{"damage":0.0,"enemies":"Centurion and Healer","floor":27.0,"turns":1.0},{"damage":0.0,"enemies":"Snecko","floor":32.0,"turns":2.0},{"damage":0.0,"enemies":"WA_ARCHETYPE_CALM","floor":33.0,"turns":2.0},{"damage":14.0,"enemies":"3 Shapes","floor":36.0,"turns":2.0},{"damage":0.0,"enemies":"2 Orb Walkers","floor":37.0,"turns":2.0},{"damage":7.0,"enemies":"Orb Walker","floor":38.0,"turns":2.0},{"damage":12.0,"enemies":"Jaw Worm Horde","floor":40.0,"turns":2.0},{"damage":0.0,"enemies":"downfall:FleeingMerchant","floor":42.0,"turns":4.0},{"damage":0,"enemies":"Transient","floor":43,"turns":5},{"damage":0,"enemies":"Sphere and 2 Shapes","floor":46,"turns":3},{"damage":0,"enemies":"Maw","floor":48,"turns":4},{"damage":21,"enemies":"3 Darklings","floor":49,"turns":3},{"damage":61,"enemies":"SI_POISON_ARCHETYPE","floor":50,"turns":4}],"seed_played":"8250123637324534267","potions_obtained":[{"floor":2.0,"key":"BlessingOfTheForge"},{"floor":13.0,"key":"SpeedPotion"},{"floor":15.0,"key":"Flashbang"},{"floor":16.0,"key":"construct:ShiftPotion"},{"floor":25.0,"key":"JyouchiReiPotion"},{"floor":40.0,"key":"ZuzhouPotion:ReiMu"},{"floor":43,"key":"Weak Potion"},{"floor":44,"key":"Swift Potion"},{"floor":48,"key":"Elixir"},{"floor":49,"key":"Block Potion"}],"is_trial":false,"path_per_floor":["R","M","?","M","?","R","T","M","E","?","R","E","M","M","M","B",null,"R","M","M","?","M","$","T","M","M","M","R","?","?","?","M","B",null,"R","M","?","M","?","M","T","$","M","?","R","M","R","M","M","B"],"character_chosen":"THE_AUTOMATON","items_purchased":["HandDrill","MerchantsRug","reliquary:PartyBalloon","TentaclePot:ReiMu","hubris:SlimyHat"],"campfire_rested":1,"item_purchase_floors":[23,42,42,42,42],"current_hp_per_floor":[77,76,76,76,76,76,76,72,66,69,69,46,44,46,46,38,92,92,82,79,79,82,72,72,63,64,64,94,94,78,78,78,78,104,104,90,90,83,83,71,71,71,71,71,81,81,81,82,61,0,0,0],"gold":253,"neow_bonus":"TEN_PERCENT_HP_BONUS","is_daily":false,"chose_seed":false,"campfire_upgraded":7,"win_rate":0.0,"timestamp":1612007722,"path_taken":["R","M","?","?","?","R","T","M","E","?","R","E","M","?","M","BOSS","R","M","M","?","M","?","T","M","M","?","R","?","?","?","M","BOSS","R","M","?","M","?","M","T","$","M","?","R","?","R","M","M","BOSS"],"items_purchased_type":["Relic","Relic","Relic","Relic","Relic"],"build_version":"2020-12-22","purchased_purges":1,"victory":false,"max_hp_per_floor":[77,77,77,77,77,77,77,77,80,83,83,86,86,89,89,92,92,92,92,95,95,98,98,98,98,101,101,101,101,101,101,101,101,104,104,104,104,104,104,104,104,104,104,104,114,114,114,114,114,114,114,114],"card_choices":[{"not_picked":["bronze:Deprecate","bronze:Shield"],"picked":"bronze:ChosenStrike","floor":2.0},{"not_picked":["bronze:DelayedGuard","bronze:CloningBeam"],"picked":"bronze:ChildClass","floor":4.0},{"not_picked":["bronze:Boost","bronze:OilSpill","bronze:DelayedGuard"],"picked":"SKIP","floor":8.0},{"not_picked":["bronze:Boost","bronze:OilSpill","bronze:DelayedGuard"],"picked":"SKIP","floor":8.0},{"not_picked":["bronze:OilSpill","bronze:Repair"],"picked":"bronze:WildBeam","floor":9.0},{"not_picked":["bronze:ThunderWave","bronze:OilSpill"],"picked":"bronze:ChildClass","floor":12.0},{"not_picked":["bronze:Repair","bronze:Constructor","bronze:BitShift"],"picked":"SKIP","floor":13.0},{"not_picked":["bronze:InfiniteBeams","bronze:Separator"],"picked":"bronze:Turbo","floor":14.0},{"not_picked":["bronze:CutThrough","bronze:CloningBeam","bronze:Format"],"picked":"SKIP","floor":15.0},{"not_picked":["bronze:Library","bronze:Virus"],"picked":"bronze:HardenedForm","floor":16.0},{"not_picked":["PropBag","SprinkleStarSeal","SporeBomb","AsteroidBelt+1"],"picked":"SKIP","floor":19.0},{"not_picked":["bronze:Branch","bronze:WhirlingStrike+1","bronze:DigitalCarnage"],"picked":"bronze:DelayedSlice+1","floor":20.0},{"not_picked":["bronze:Overload+1","bronze:Repair","bronze:Optimize"],"picked":"DC+1","floor":22.0},{"not_picked":["AsteroidBelt","ChargingUp+1","bronze:ShipIt","bronze:FollowUp"],"picked":"SKIP","floor":25.0},{"not_picked":["DC+1","IllusionStar","bronze:Constructor+1"],"picked":"bronze:Overheat+1","floor":26.0},{"not_picked":["bronze:BronzeOrb","IllusionStar","Singularity","LuminesStrike+1"],"picked":"SKIP","floor":27.0},{"not_picked":["PulseMagic","IllusionStar","bronze:OilSpill","Acceleration"],"picked":"SKIP","floor":32.0},{"not_picked":["bronze:CutThrough","SuperPerseids+1","ManaConvection+1","bronze:BugBarrage+1"],"picked":"SKIP","floor":36.0},{"not_picked":["bronze:Flail+1","DoubleSpark","bronze:Overload","DarkSpark+1"],"picked":"SKIP","floor":38.0},{"not_picked":["bronze:FindAndReplace","UnstableBomb+1","bronze:Shield","bronze:NullPointer+1"],"picked":"SKIP","floor":40.0},{"not_picked":["AsteroidBelt+1","DeepEcoloBomb","ManaRampage","bronze:Shield"],"picked":"SKIP","floor":42.0},{"not_picked":["SporeBomb+1","PowerUp+1","bronze:Overheat","ChargingUp"],"picked":"SKIP","floor":43},{"not_picked":["DoubleSpark","IllusionStar+1","Orbital+1","DC"],"picked":"SKIP","floor":46},{"not_picked":["MilkyWay+1","ShootingEcho+1","Acceleration","SporeBomb"],"picked":"SKIP","floor":48},{"not_picked":["UnstableBomb","WitchOfGreed+1","bronze:BitShift+1","bronze:Separator"],"picked":"SKIP","floor":49}],"player_experience":1146549,"relics_obtained":[{"floor":7.0,"key":"aspiration:FetidBarrel"},{"floor":9.0,"key":"Replay:Ringing Soul"},{"floor":12.0,"key":"AT_SilvercatRing"},{"floor":24.0,"key":"AT_DeathDance"},{"floor":30.0,"key":"Enchiridion"},{"floor":37.0,"key":"Ginger"}],"event_choices":[{"cards_removed":["bronze:Defend"],"damage_healed":0.0,"max_hp_gain":0.0,"max_hp_loss":0.0,"gold_gain":0.0,"event_name":"Bonfire Elementals","player_choice":"Offered Basic","floor":3.0,"gold_loss":0.0,"damage_taken":0.0},{"damage_healed":0.0,"max_hp_gain":0.0,"max_hp_loss":0.0,"gold_gain":0.0,"event_name":"Mysterious Sphere","player_choice":"Fight","floor":37.0,"gold_loss":0.0,"damage_taken":0.0},{"damage_healed":0,"gold_gain":0,"player_choice":"Got Potions","damage_taken":0,"max_hp_gain":0,"max_hp_loss":0,"event_name":"Lab","floor":44,"gold_loss":0}],"is_beta":false,"boss_relics":[{"not_picked":["Busted Crown","Empty Cage"],"picked":"aspiration:MarisaSkillbook"},{"not_picked":["Velvet Choker","AT_TrinityForce"],"picked":"Pandora\u0027s Box"}],"items_purged_floors":[42],"is_endless":false,"potions_floor_spawned":[2,13,15,16,25,26,32,40,43,48,49],"killed_by":"SI_POISON_ARCHETYPE","ascension_level":0}}