{"host":"2zw05eexjythz74b","time":1612018439,"event":{"mods":["AchievementEnabler","BaseMod","Better Altar","Colored Map","Minty Spire (QoL Compilation)","StSLib","everything is the same but u backflip on backflip"],"gold_per_floor":[116,116,136,154,154,154,173,193,193,118,194,208,208,64,64,185,185,206,221,221,221,241,241,241,259,282,282,297,212,212,230,230,230,230],"floor_reached":33,"language":"ENG","playtime":1266,"items_purged":[],"score":289,"play_id":"949dc85b-cf06-44f1-b37c-f2b1f82a27e0","local_time":"20210130085359","is_ascension_mode":false,"campfire_choices":[{"data":"Perfected Strike","floor":6.0,"key":"SMITH"},{"data":"Dual Wield","floor":13.0,"key":"SMITH"},{"data":"Infernal Blade","floor":15.0,"key":"SMITH"},{"floor":23.0,"key":"REST"},{"floor":27.0,"key":"REST"},{"data":"Feed","floor":30.0,"key":"SMITH"},{"floor":32.0,"key":"REST"}],"circlet_count":0,"master_deck":["Strike_R","Strike_R+1","Strike_R","Strike_R","Strike_R","Defend_R","Defend_R","Defend_R","Defend_R+1","Bash","Perfected Strike+1","Dual Wield+1","Wild Strike","Infernal Blade","Infernal Blade+1","Feed+1","Necronomicurse","Twin Strike","Perfected Strike"],"relics":["Burning Blood","Golden Idol","Bottled Lightning","Lee\u0027s Waffle","Black Star","Necronomicon","FaceOfCleric","Blood Vial","Blue Candle"],"acts_visited":["Exordium","TheCity"],"potions_floor_usage":[33],"damage_taken":[{"damage":12.0,"enemies":"Small Slimes","floor":1.0,"turns":3.0},{"damage":3.0,"enemies":"Jaw Worm","floor":3.0,"turns":3.0},{"damage":7.0,"enemies":"2 Louse","floor":4.0,"turns":4.0},{"damage":0.0,"enemies":"Looter","floor":7.0,"turns":1.0},{"damage":5.0,"enemies":"Red Slaver","floor":8.0,"turns":2.0},{"damage":5.0,"enemies":"3 Louse","floor":12.0,"turns":3.0},{"damage":78.0,"enemies":"Hexaghost","floor":16.0,"turns":8.0},{"damage":35.0,"enemies":"3 Byrds","floor":18.0,"turns":7.0},{"damage":43.0,"enemies":"Shell Parasite","floor":19.0,"turns":6.0},{"damage":13.0,"enemies":"Snecko","floor":22.0,"turns":4.0},{"damage":20.0,"enemies":"Cultist and Chosen","floor":25.0,"turns":5.0},{"damage":18.0,"enemies":"Snake Plant","floor":28.0,"turns":3.0},{"damage":28.0,"enemies":"Shelled Parasite and Fungi","floor":31.0,"turns":6.0},{"damage":92,"enemies":"Collector","floor":33,"turns":5}],"seed_played":"3256448979267907146","potions_obtained":[{"floor":3.0,"key":"SteroidPotion"},{"floor":4.0,"key":"Energy Potion"},{"floor":16.0,"key":"Strength Potion"},{"floor":22.0,"key":"PowerPotion"},{"floor":25.0,"key":"PowerPotion"}],"is_trial":false,"path_per_floor":["M","?","M","M","?","R","M","M","T","$","?","M","R","$","R","B",null,"M","M","?","?","M","R","$","M","T","R","M","?","R","M","R","B"],"character_chosen":"IRONCLAD","items_purchased":["Infernal Blade","Lee\u0027s Waffle"],"campfire_rested":3,"item_purchase_floors":[10,14],"current_hp_per_floor":[82,64,67,66,44,44,50,51,51,51,51,52,52,95,95,23,95,75,41,25,25,19,51,51,38,38,70,61,61,61,46,80,0,0],"gold":230,"neow_bonus":"TEN_PERCENT_HP_BONUS","is_daily":false,"chose_seed":false,"campfire_upgraded":4,"win_rate":0.0,"timestamp":1612018439,"path_taken":["M","?","M","M","?","R","M","M","T","$","?","M","R","$","R","BOSS","M","M","?","?","?","R","$","M","T","R","M","?","R","M","R","BOSS"],"items_purchased_type":["Card","Relic"],"build_version":"2020-12-22","purchased_purges":0,"victory":false,"max_hp_per_floor":[88,88,88,88,88,88,88,88,88,88,88,88,88,95,95,95,95,104,107,107,107,108,108,108,109,109,109,110,110,110,115,115,115,115],"card_choices":[{"not_picked":["Havoc","Wild Strike"],"picked":"Perfected Strike","floor":1.0},{"not_picked":["Havoc","Clash"],"picked":"Dual Wield","floor":3.0},{"not_picked":["Heavy Blade","Clash"],"picked":"Wild Strike","floor":4.0},{"not_picked":["Thunderclap","Shrug It Off","Sword Boomerang"],"picked":"SKIP","floor":7.0},{"not_picked":["Shockwave","Second Wind","Clothesline"],"picked":"SKIP","floor":8.0},{"not_picked":["Metallicize","Flex"],"picked":"Infernal Blade","floor":12.0},{"not_picked":["Bludgeon","Juggernaut"],"picked":"Feed","floor":16.0},{"not_picked":["Dropkick+1","True Grit","Entrench+1"],"picked":"SKIP","floor":18.0},{"not_picked":["Cleave+1","Iron Wave","Warcry"],"picked":"SKIP","floor":19.0},{"not_picked":["Burning Pact","Combust"],"picked":"Twin Strike","floor":22.0},{"not_picked":["True Grit","Sword Boomerang+1","Uppercut+1"],"picked":"SKIP","floor":25.0},{"not_picked":["Rage","Flex"],"picked":"Perfected Strike","floor":28.0},{"not_picked":["Iron Wave","Inflame","Sword Boomerang"],"picked":"SKIP","floor":31.0}],"player_experience":238840,"relics_obtained":[{"floor":9.0,"key":"Bottled Lightning"},{"floor":20.0,"key":"Necronomicon"},{"floor":26.0,"key":"Blood Vial"}],"event_choices":[{"damage_healed":0.0,"max_hp_gain":0.0,"max_hp_loss":0.0,"gold_gain":0.0,"event_name":"Shining Light","player_choice":"Entered Light","floor":2.0,"gold_loss":0.0,"damage_taken":18.0,"cards_upgraded":["Defend_R","Strike_R"]},{"damage_healed":0.0,"max_hp_gain":0.0,"max_hp_loss":0.0,"gold_gain":0.0,"event_name":"Golden Idol","player_choice":"Take Damage","floor":5.0,"gold_loss":0.0,"damage_taken":22.0,"relics_obtained":["Golden Idol"]},{"damage_healed":0.0,"max_hp_gain":0.0,"max_hp_loss":0.0,"gold_gain":76.0,"event_name":"Golden Wing","player_choice":"Gained Gold","floor":11.0,"gold_loss":0.0,"damage_taken":0.0},{"damage_healed":0.0,"max_hp_gain":0.0,"max_hp_loss":0.0,"gold_gain":0.0,"event_name":"Cursed Tome","player_choice":"Obtained Book","floor":20.0,"gold_loss":0.0,"damage_taken":16.0},{"damage_healed":0.0,"max_hp_gain":0.0,"max_hp_loss":0.0,"gold_gain":0.0,"event_name":"FaceTrader","player_choice":"Trade","floor":21.0,"gold_loss":0.0,"damage_taken":0.0,"relics_obtained":["FaceOfCleric"]},{"damage_healed":0.0,"max_hp_gain":0.0,"max_hp_loss":0.0,"gold_gain":0.0,"event_name":"Addict","player_choice":"Obtained Relic","floor":29.0,"gold_loss":85.0,"damage_taken":0.0,"relics_obtained":["Blue Candle"]}],"is_beta":false,"boss_relics":[{"not_picked":["Velvet Choker","Sozu"],"picked":"Black Star"}],"items_purged_floors":[],"is_endless":false,"potions_floor_spawned":[3,4,16,22,25],"killed_by":"Collector","ascension_level":0}}