{"host":"bgyhjzqafgkxdxsh","time":1612002539,"event":{"mods":["BaseMod","Colored Map","Downfall","Minty Spire (QoL Compilation)","Relic Stats","StSLib","everything is the same but u backflip on backflip"],"gold_per_floor":[99,116,134,134,154,180,180,80,108,108,142,142,142,169,190,300,359,259,285,285,285,309,343,355,388,400,312,347,378,417,22,48,160,160,160,173,182,282,302,302,302,302,159,174,187,187,221,240,253,253,253,294,125,125,125,125],"floor_reached":57,"language":"ENG","playtime":3216,"items_purged":["Slimebound:CorrosiveSpit","Slimebound:LeechLife","Slimebound:Split+1"],"score":1496,"play_id":"a44092ff-8684-4b10-93de-fc480899e3a8","local_time":"20210130202859","is_ascension_mode":true,"campfire_choices":[{"floor":1,"key":"RECALL"},{"floor":8,"key":"DIG"},{"floor":10,"key":"DIG"},{"floor":18,"key":"DIG"},{"floor":27,"key":"DIG"},{"floor":35,"key":"DIG"},{"floor":40,"key":"DIG"},{"floor":42,"key":"DIG"},{"floor":46,"key":"DIG"},{"floor":54,"key":"DIG"}],"circlet_count":0,"master_deck":["Slimebound:Strike_Slimebound","Slimebound:Strike_Slimebound","Slimebound:Tackle","Slimebound:Defend_Slimebound","Slimebound:Defend_Slimebound","Slimebound:Defend_Slimebound","Slimebound:Defend_Slimebound","Slimebound:GoopSpray+1","Slimebound:ComboTackle","Slimebound:LeechEnergy","Slimebound:MassFeed","Slimebound:LivingWall+1","Slimebound:Equalize","Slimebound:SplitBruiser+1","Slimebound:Darklings+1","Slimebound:DisruptingSlam","Slimebound:LevelUp+1","Slimebound:Teamwork+1","Slimebound:Repurpose+1","Slimebound:PressTheAttack","Slimebound:SamplingLick+1","Slimebound:ItLooksTasty","Slimebound:HauntingLick+1","Slimebound:HauntingLick+1","Slimebound:Teamwork+1","expansioncontent:GuardianWhirl","Slimebound:LevelUp","Slimebound:Gluttony","Slimebound:MinionMaster","Slimebound:Nibble+1","Slimebound:SlimeBrawl+1","Slimebound:PressTheAttack+1"],"relics":["Slimebound:AbsorbEndCombat","Peace Pipe","HornCleat","Shovel","downfall:HeartBlessingRed","Toxic Egg 2","Calipers","Strawberry","CeramicFish","Tiny House","downfall:HeartBlessingGreen","Bottled Lightning","MawBank","downfall:HeartBlessingBlue","Blood Vial","Matryoshka","Strange Spoon","Coffee Dripper","Art of War","Potion Belt","Bag of Marbles","Bronze Scales","PreservedInsect","StrikeDummy","FossilizedHelix","Ancient Tea Set","Molten Egg 2","Pen Nib","Blue Candle"],"acts_visited":["Exordium","TheCity","TheBeyond","TheEnding"],"potions_floor_usage":[9,11,19,30,30,38,43,52,56,56,56,56],"damage_taken":[{"damage":9,"enemies":"Jaw Worm","floor":2,"turns":3},{"damage":0,"enemies":"2 Louse","floor":3,"turns":3},{"damage":0,"enemies":"Small Slimes","floor":5,"turns":3},{"damage":19,"enemies":"Lagavulin","floor":6,"turns":7},{"damage":21,"enemies":"Gremlin Nob","floor":9,"turns":4},{"damage":43,"enemies":"3 Sentries","floor":11,"turns":7},{"damage":3,"enemies":"2 Fungi Beasts","floor":14,"turns":5},{"damage":8,"enemies":"3 Louse","floor":15,"turns":3},{"damage":25,"enemies":"SI_SHIV_ARCHETYPE","floor":16,"turns":10},{"damage":14,"enemies":"3 Byrds","floor":19,"turns":3},{"damage":7,"enemies":"Chosen","floor":22,"turns":4},{"damage":0,"enemies":"Book of Stabbing","floor":23,"turns":4},{"damage":11,"enemies":"Snecko","floor":25,"turns":4},{"damage":12,"enemies":"Shelled Parasite and Fungi","floor":28,"turns":4},{"damage":0,"enemies":"Cultist and Chosen","floor":29,"turns":3},{"damage":27,"enemies":"Slavers","floor":30,"turns":3},{"damage":0,"enemies":"downfall:FleeingMerchant","floor":31,"turns":4},{"damage":0,"enemies":"Sentry and Sphere","floor":32,"turns":3},{"damage":0,"enemies":"WA_ARCHETYPE_CALM","floor":33,"turns":8},{"damage":0,"enemies":"3 Darklings","floor":36,"turns":3},{"damage":0,"enemies":"downfall:LadyInBlue","floor":38,"turns":6},{"damage":0,"enemies":"Orb Walker","floor":39,"turns":2},{"damage":0,"enemies":"downfall:FleeingMerchant","floor":43,"turns":4},{"damage":0,"enemies":"Maw","floor":44,"turns":4},{"damage":0,"enemies":"Jaw Worm Horde","floor":45,"turns":2},{"damage":0,"enemies":"Nemesis","floor":47,"turns":3},{"damage":14,"enemies":"Writhing Mass","floor":48,"turns":3},{"damage":0,"enemies":"Sphere and 2 Shapes","floor":49,"turns":3},{"damage":19,"enemies":"DF_ARCHETYPE_ORBS","floor":50,"turns":5},{"damage":0,"enemies":"downfall:CharBossMerchant","floor":52,"turns":5},{"damage":28,"enemies":"downfall:NeowBoss","floor":55,"turns":11},{"damage":80,"enemies":"downfall:NeowBossFinal","floor":56,"turns":8}],"seed_played":"-1352049958777538473","potions_obtained":[{"floor":3,"key":"DuplicationPotion"},{"floor":6,"key":"SkillPotion"},{"floor":9,"key":"LiquidBronze"},{"floor":11,"key":"champ:CounterPotion"},{"floor":15,"key":"Dexterity Potion"},{"floor":22,"key":"BlessingOfTheForge"},{"floor":25,"key":"champ:CounterPotion"},{"floor":32,"key":"AttackPotion"},{"floor":38,"key":"Weak Potion"},{"floor":38,"key":"Weak Potion"},{"floor":38,"key":"Fire Potion"},{"floor":44,"key":"Weak Potion"},{"floor":45,"key":"SteroidPotion"},{"floor":52,"key":"FearPotion"}],"is_trial":false,"path_per_floor":["R","M","M","?","M","E","T","R","E","R","E","?","?","M","M","B",null,"R","M","?","?","M","E","T","M","?","R","M","M","E","$","M","B",null,"R","M","?","?","M","R","T","R","$","M","M","R","E","M","M","B",null,"E","$","R","B","B",null],"character_chosen":"SLIMEBOUND","items_purchased":["Strange Spoon","Fruit Juice","DistilledChaos","FossilizedHelix","Slimebound:Gluttony","Slimebound:PressTheAttack+1"],"campfire_rested":0,"item_purchase_floors":[31,31,31,43,43,53],"current_hp_per_floor":[71,64,68,68,71,56,56,56,40,47,10,10,10,21,16,10,104,104,90,90,90,87,104,104,98,98,108,100,112,91,105,110,120,120,120,120,120,120,120,120,120,120,120,120,126,126,126,116,118,107,126,129,129,129,108,51],"gold":125,"neow_bonus":"TEN_PERCENT_HP_BONUS","is_daily":false,"chose_seed":false,"campfire_upgraded":0,"win_rate":0.0,"timestamp":1612002539,"path_taken":["R","M","M","?","M","E","T","R","E","R","E","?","?","M","M","BOSS","R","M","?","?","M","E","T","?","?","R","?","M","E","$","M","BOSS","R","M","?","?","M","R","T","R","$","M","M","R","E","M","M","BOSS","E","$","R","BOSS","BOSS"],"items_purchased_type":["Relic","Potion","Potion","Relic","Card","Card"],"build_version":"2020-12-22","purchased_purges":3,"victory":true,"max_hp_per_floor":[71,71,71,71,71,71,71,71,74,81,87,87,87,93,96,99,104,104,104,104,104,104,104,104,107,107,117,117,117,117,117,120,120,120,120,120,120,120,120,120,120,120,120,120,126,126,126,126,126,126,126,129,129,129,129,134],"relic_stats":{"counters":[32,138],"CeramicFish":189,"Blue Candle":[7],"PreservedInsect":147,"Pen Nib":[2],"MawBank":96,"Peace Pipe":0,"Blood Vial":18,"Strange Spoon":[53],"Shovel":9,"Bronze Scales":[92],"Art of War":[12],"obtain_stats":[{"Calipers":9,"Tiny House":17,"CeramicFish":11,"downfall:HeartBlessingGreen":18,"Ancient Tea Set":46,"Blood Vial":27,"HornCleat":6,"Shovel":7,"Matryoshka":30,"downfall:HeartBlessingBlue":27,"Strawberry":10,"Toxic Egg 2":8,"Potion Belt":38,"downfall:HeartBlessingRed":8,"Blue Candle":54,"PreservedInsect":41,"Pen Nib":52,"MawBank":23,"Peace Pipe":4,"Strange Spoon":31,"Bronze Scales":41,"Molten Egg 2":47,"Slimebound:AbsorbEndCombat":0,"Coffee Dripper":34,"Art of War":35,"Bag of Marbles":40,"Bottled Lightning":18,"StrikeDummy":42,"FossilizedHelix":43},{"Calipers":5,"Tiny House":9,"CeramicFish":6,"downfall:HeartBlessingGreen":9,"Ancient Tea Set":25,"Blood Vial":13,"HornCleat":4,"Shovel":4,"Matryoshka":16,"downfall:HeartBlessingBlue":13,"Strawberry":5,"Toxic Egg 2":4,"Potion Belt":21,"downfall:HeartBlessingRed":4,"Blue Candle":30,"PreservedInsect":22,"Pen Nib":30,"MawBank":12,"Peace Pipe":2,"Strange Spoon":17,"Bronze Scales":22,"Molten Egg 2":26,"Slimebound:AbsorbEndCombat":0,"Coffee Dripper":19,"Art of War":19,"Bag of Marbles":22,"Bottled Lightning":9,"StrikeDummy":22,"FossilizedHelix":23},{"Calipers":20,"Tiny House":44,"CeramicFish":27,"downfall:HeartBlessingGreen":44,"Ancient Tea Set":101,"Blood Vial":58,"HornCleat":16,"Shovel":16,"Matryoshka":67,"downfall:HeartBlessingBlue":58,"Strawberry":20,"Toxic Egg 2":16,"Potion Belt":90,"downfall:HeartBlessingRed":16,"Blue Candle":119,"PreservedInsect":92,"Pen Nib":119,"MawBank":54,"Peace Pipe":6,"Strange Spoon":71,"Bronze Scales":92,"Molten Egg 2":104,"Slimebound:AbsorbEndCombat":0,"Coffee Dripper":82,"Art of War":82,"Bag of Marbles":92,"Bottled Lightning":44,"StrikeDummy":92,"FossilizedHelix":95}]},"card_choices":[{"not_picked":["Slimebound:ItLooksTasty","Slimebound:ComboTackle"],"picked":"Slimebound:GoopSpray","floor":2},{"not_picked":["Slimebound:SplitLeeching","Slimebound:MegaLick"],"picked":"Slimebound:ComboTackle","floor":3},{"not_picked":["Slimebound:PressTheAttack","Slimebound:Equalize"],"picked":"Slimebound:LeechEnergy","floor":5},{"not_picked":["Slimebound:LeechEnergy","Slimebound:DisruptingSlam"],"picked":"Slimebound:MassFeed","floor":6},{"not_picked":["Slimebound:GrowthPunch","Slimebound:LeechingTouch"],"picked":"Slimebound:LivingWall+1","floor":9},{"not_picked":["Slimebound:FlameTackle","Slimebound:Grow"],"picked":"Slimebound:Equalize","floor":11},{"not_picked":["Slimebound:SplitAcid+1","Slimebound:Grow"],"picked":"Slimebound:SplitBruiser+1","floor":14},{"not_picked":["Slimebound:MegaLick+1","Slimebound:SpikyOuterGoop"],"picked":"Slimebound:Darklings+1","floor":15},{"not_picked":["Slimebound:Darklings+1","Slimebound:OozeBath+1"],"picked":"Slimebound:LeechLife","floor":16},{"not_picked":["Slimebound:FinishingTackle","Slimebound:LeechEnergy"],"picked":"Slimebound:DisruptingSlam","floor":17},{"not_picked":["Slimebound:SplitAcid+1","Slimebound:LeechingTouch"],"picked":"Slimebound:LevelUp+1","floor":19},{"not_picked":["Slimebound:Grow","Slimebound:AcidTongue"],"picked":"Slimebound:Teamwork+1","floor":22},{"not_picked":["Slimebound:SplitLeeching+1","Slimebound:LivingWall+1"],"picked":"Slimebound:Repurpose+1","floor":23},{"not_picked":["Slimebound:Chomp","Slimebound:RollThrough"],"picked":"Slimebound:PressTheAttack","floor":25},{"not_picked":["Slimebound:HauntingLick+1","Slimebound:AcidTongue"],"picked":"Slimebound:SamplingLick+1","floor":28},{"not_picked":["Slimebound:GoopSpray+1","Slimebound:PressTheAttack"],"picked":"Slimebound:ItLooksTasty","floor":29},{"not_picked":["Slimebound:SplitSpecialist+1","Slimebound:FinishingTackle","Slimebound:MassRepurpose+1"],"picked":"SKIP","floor":30},{"not_picked":["Slimebound:LeechEnergy","Slimebound:Equalize"],"picked":"Slimebound:HauntingLick+1","floor":31},{"not_picked":["Slimebound:SplitBruiser+1","Slimebound:GoopTackle"],"picked":"Slimebound:HauntingLick+1","floor":32},{"not_picked":["Slimebound:WasteNot+1","Slimebound:RallyTheTroops"],"picked":"Slimebound:Teamwork+1","floor":33},{"not_picked":["Slimebound:Chomp+1","Slimebound:SlimeSpikes+1","Slimebound:RollThrough"],"picked":"SKIP","floor":36},{"not_picked":["expansioncontent:Chronoboost","expansioncontent:AwakenDeath"],"picked":"expansioncontent:GuardianWhirl","floor":37},{"not_picked":["Slimebound:SplitSpecialist+1","Slimebound:SlimeSpikes+1"],"picked":"Slimebound:LevelUp","floor":39},{"not_picked":["Slimebound:SamplingLick+1","Slimebound:GoopTackle+1","Slimebound:DivideAndConquer"],"picked":"SKIP","floor":43},{"not_picked":["Slimebound:RollThrough+1","Slimebound:LeechingTouch","Slimebound:SplitLeeching+1"],"picked":"SKIP","floor":44},{"not_picked":["Slimebound:ServeAndProtect+1","Slimebound:SplitSpecialist+1","Slimebound:ItLooksTasty"],"picked":"SKIP","floor":45},{"not_picked":["Slimebound:LeechLife+1","Slimebound:GoopSpray+1"],"picked":"Slimebound:MinionMaster","floor":47},{"not_picked":["Slimebound:SlimeTap+1","Slimebound:SplitSpecialist+1"],"picked":"Slimebound:Nibble+1","floor":48},{"not_picked":["Slimebound:LeechEnergy+1","Slimebound:FlameTackle+1","Slimebound:GoopTackle+1"],"picked":"SKIP","floor":49},{"not_picked":["Slimebound:Chomp+1","Slimebound:PressTheAttack+1"],"picked":"Slimebound:SlimeBrawl+1","floor":52}],"player_experience":494433,"relics_obtained":[{"floor":6,"key":"HornCleat"},{"floor":7,"key":"Shovel"},{"floor":8,"key":"Toxic Egg 2"},{"floor":9,"key":"Calipers"},{"floor":10,"key":"Strawberry"},{"floor":11,"key":"CeramicFish"},{"floor":18,"key":"Bottled Lightning"},{"floor":23,"key":"MawBank"},{"floor":27,"key":"Blood Vial"},{"floor":30,"key":"Matryoshka"},{"floor":35,"key":"Art of War"},{"floor":38,"key":"Potion Belt"},{"floor":40,"key":"Bag of Marbles"},{"floor":41,"key":"Bronze Scales"},{"floor":41,"key":"PreservedInsect"},{"floor":42,"key":"StrikeDummy"},{"floor":46,"key":"Ancient Tea Set"},{"floor":47,"key":"Molten Egg 2"},{"floor":52,"key":"Pen Nib"},{"floor":54,"key":"Blue Candle"}],"event_choices":[{"damage_healed":0,"gold_gain":0,"player_choice":"Grow","damage_taken":0,"max_hp_gain":0,"max_hp_loss":0,"event_name":"Living Wall","floor":13,"gold_loss":0,"cards_upgraded":["Slimebound:Split"]},{"damage_healed":0,"gold_gain":0,"player_choice":"Got Potions","damage_taken":0,"max_hp_gain":0,"max_hp_loss":0,"event_name":"Lab","floor":26,"gold_loss":0}],"is_beta":false,"boss_relics":[{"not_picked":["Fusion Hammer","Pandora\u0027s Box"],"picked":"Tiny House"},{"not_picked":["Velvet Choker","Cursed Key"],"picked":"Coffee Dripper"}],"items_purged_floors":[31,43,53],"is_endless":false,"potions_floor_spawned":[3,6,9,11,15,22,25,32,33,38,44,45,47,48,52],"ascension_level":1}}