{"host":"thn8o1tmql8xszd5","time":1612044897,"event":{"mods":["2.2 Compatiblity","AchievementEnabler","BaseMod","Bestiary","Colored Map","DeckTracker","Downfall","Highlight Path","Minty Spire (QoL Compilation)","Permanent Neow","Quick Restart","Random Character Button","Relic Sorter","Relic Stats","StSLib","The Blue Laboratory"],"gold_per_floor":[99,199,219,236,336,349,372,383,383,409,409,409,421,126,138,234,234,234,247,247,259,273,13,13,24,24,37,37,66,66,82,95,95,95,95],"floor_reached":33,"language":"ENG","playtime":2586,"items_purged":["downfall:Malfunctioning","downfall:Bewildered"],"score":296,"play_id":"61c2e6cc-e44d-4064-997a-faaf7258d978","local_time":"20210130171457","is_ascension_mode":false,"campfire_choices":[{"data":"champ:Taunt","floor":1,"key":"SMITH"},{"floor":9,"key":"REST"},{"data":"champ:StanceDance","floor":11,"key":"SMITH"},{"data":"champ:HoldFirm","floor":18,"key":"SMITH"},{"data":"champ:Improvising","floor":28,"key":"SMITH"},{"data":"champ:RapidStrikes","floor":30,"key":"SMITH"}],"circlet_count":0,"master_deck":["champ:Strike","champ:Strike","champ:Strike","champ:Strike","champ:Defend+1","champ:Defend","champ:Defend","champ:Defend","champ:Execute+1","champ:Taunt+1","champ:Haymaker+1","champ:Haymaker","champ:CrownThrow","champ:StanceDance+1","champ:ShieldSlam+1","champ:FanOfKnives","champ:AdrenalArmor","champ:HoldFirm+1","champ:ShieldWall","champ:Improvising+1","champ:ArenaPreparation","champ:FocusedBerserking","champ:BerserkersShout+1","champ:FocusedBerserking","champ:RapidStrikes+1","downfall:Bewildered","champ:Endure","champ:RecklessLeap+1","champ:Encircle+1"],"relics":["champ:ChampionCrown","Champion Belt","Regal Pillow","Matryoshka","Cursed Key","Bronze Scales","HornCleat","PreservedInsect","Strawberry","hexamod:CandleOfCauterizing"],"acts_visited":["Exordium","TheCity"],"potions_floor_usage":[16,16,22,25,27,32,32],"damage_taken":[{"damage":15,"enemies":"Small Slimes","floor":3,"turns":3},{"damage":13,"enemies":"Jaw Worm","floor":4,"turns":2},{"damage":63,"enemies":"Jaw Worm","floor":5,"turns":6},{"damage":0,"enemies":"Cultist","floor":6,"turns":2},{"damage":10,"enemies":"Red Slaver","floor":8,"turns":3},{"damage":20,"enemies":"Gremlin Nob","floor":10,"turns":4},{"damage":14,"enemies":"2 Fungi Beasts","floor":13,"turns":3},{"damage":10,"enemies":"downfall:FleeingMerchant","floor":14,"turns":4},{"damage":10,"enemies":"Large Slime","floor":15,"turns":5},{"damage":32,"enemies":"SI_SHIV_ARCHETYPE","floor":16,"turns":7},{"damage":22,"enemies":"Spheric Guardian","floor":19,"turns":4},{"damage":13,"enemies":"Chosen and Byrds","floor":21,"turns":3},{"damage":20,"enemies":"Centurion and Healer","floor":22,"turns":5},{"damage":30,"enemies":"downfall:FleeingMerchant","floor":23,"turns":4},{"damage":60,"enemies":"Cultist and Chosen","floor":25,"turns":4},{"damage":41,"enemies":"3 Cultists","floor":27,"turns":4},{"damage":35,"enemies":"Gremlin Leader","floor":29,"turns":3},{"damage":88,"enemies":"Snecko","floor":31,"turns":5},{"damage":20,"enemies":"Centurion and Healer","floor":32,"turns":5},{"damage":89,"enemies":"IC_MUSHROOM_ARCHETYPE","floor":33,"turns":6}],"seed_played":"2758494508799081188","potions_obtained":[{"floor":5,"key":"AttackPotion"},{"floor":8,"key":"Fire Potion"},{"floor":13,"key":"bronze:BurnAndBuffPotion"},{"floor":15,"key":"champ:CounterPotion"},{"floor":16,"key":"blueLaboratory:FruitPunch"},{"floor":19,"key":"Swift Potion"},{"floor":29,"key":"Regen Potion"},{"floor":31,"key":"blueLaboratory:HummingbirdPotion"}],"is_trial":false,"path_per_floor":["R","?","M","M","?","M","T","M","R","E","R","?","M","$","M","B",null,"R","M","T","M","M","$","T","M","?","M","R","E","R","M","M","B"],"character_chosen":"THE_CHAMP","items_purchased":["champ:HoldFirm","champ:ShieldWall","champ:FocusedBerserking","champ:RapidStrikes"],"campfire_rested":1,"item_purchase_floors":[14,14,23,23],"current_hp_per_floor":[90,90,85,82,29,29,29,19,61,41,41,41,27,27,27,5,90,90,83,83,80,82,82,89,74,74,68,68,68,68,50,54,0,0,0],"gold":95,"neow_bonus":"UPGRADE_CARD","is_daily":false,"chose_seed":false,"campfire_upgraded":5,"win_rate":0.0,"timestamp":1612044897,"path_taken":["R","?","M","M","?","M","T","M","R","E","R","?","?","?","M","BOSS","R","M","?","M","M","$","T","M","?","M","R","E","R","?","M","BOSS"],"items_purchased_type":["Card","Card","Card","Card"],"build_version":"2020-12-22","purchased_purges":2,"victory":false,"max_hp_per_floor":[90,90,90,90,90,90,90,90,90,90,90,90,90,90,90,90,90,90,90,90,90,92,92,99,99,99,99,99,99,99,99,99,99,99,99],"relic_stats":{"Regal Pillow":15,"counters":[20,82],"Bronze Scales":[84],"PreservedInsect":45,"Champion Belt":[23],"Cursed Key":2,"obtain_stats":[{"Regal Pillow":7,"hexamod:CandleOfCauterizing":29,"Matryoshka":10,"HornCleat":20,"Bronze Scales":20,"Strawberry":24,"champ:ChampionCrown":0,"PreservedInsect":24,"Champion Belt":5,"Cursed Key":17},{"Regal Pillow":4,"hexamod:CandleOfCauterizing":17,"Matryoshka":6,"HornCleat":11,"Bronze Scales":11,"Strawberry":14,"champ:ChampionCrown":0,"PreservedInsect":14,"Champion Belt":3,"Cursed Key":10},{"Regal Pillow":13,"hexamod:CandleOfCauterizing":66,"Matryoshka":20,"HornCleat":43,"Bronze Scales":43,"Strawberry":55,"champ:ChampionCrown":0,"PreservedInsect":55,"Champion Belt":11,"Cursed Key":39}]},"card_choices":[{"not_picked":["champ:PreemptiveStrike","champ:DefensiveShout"],"picked":"champ:Haymaker","floor":3},{"not_picked":["champ:Backstep","champ:BladeFlurry"],"picked":"champ:Haymaker","floor":4},{"not_picked":["champ:Endure","champ:DefensiveShout"],"picked":"champ:CrownThrow","floor":5},{"not_picked":["champ:PerfectedStrike","champ:PreciseThrust"],"picked":"champ:StanceDance","floor":6},{"not_picked":["champ:SetATrap","champ:PreciseThrust"],"picked":"champ:ShieldSlam","floor":8},{"not_picked":["champ:FocusedDefense","champ:Backstep"],"picked":"champ:FanOfKnives","floor":10},{"not_picked":["champ:FocusedDefense","champ:Shatter","champ:PreciseThrust"],"picked":"SKIP","floor":13},{"not_picked":["champ:Endure","champ:RisingSlash"],"picked":"champ:AdrenalArmor","floor":14},{"not_picked":["champ:ShieldWall","champ:FanOfKnives","champ:RisingSlash"],"picked":"SKIP","floor":15},{"not_picked":["champ:HeavySlash","champ:LastStand"],"picked":"champ:Improvising","floor":16},{"not_picked":["champ:Circumvent","champ:CalledShot+1"],"picked":"champ:ArenaPreparation","floor":19},{"not_picked":["champ:BladeFlurry","champ:Haymaker"],"picked":"champ:FocusedBerserking","floor":21},{"not_picked":["champ:EndlessRage","champ:SkillfulDodge","champ:DefensiveShout"],"picked":"SKIP","floor":22},{"not_picked":["champ:PerfectedStrike","champ:TornadoPunch+1"],"picked":"champ:BerserkersShout+1","floor":23},{"not_picked":["champ:Backstep","champ:GutPunch"],"picked":"champ:Endure","floor":25},{"not_picked":["champ:GutPunch","champ:PreemptiveStrike+1"],"picked":"champ:RecklessLeap+1","floor":27},{"not_picked":["champ:AdrenalArmor","champ:PreciseThrust","champ:StrikeOfGenius"],"picked":"SKIP","floor":29},{"not_picked":["champ:GutPunch","champ:TornadoPunch"],"picked":"champ:Encircle+1","floor":31},{"not_picked":["champ:FocusedDefense","champ:Endure","champ:BladeFlurry"],"picked":"SKIP","floor":32}],"player_experience":829568,"relics_obtained":[{"floor":5,"key":"Champion Belt"},{"floor":7,"key":"Regal Pillow"},{"floor":10,"key":"Matryoshka"},{"floor":20,"key":"Bronze Scales"},{"floor":20,"key":"HornCleat"},{"floor":24,"key":"PreservedInsect"},{"floor":24,"key":"Strawberry"},{"floor":29,"key":"hexamod:CandleOfCauterizing"}],"event_choices":[],"is_beta":false,"boss_relics":[{"not_picked":["Velvet Choker","SlaversCollar"],"picked":"Cursed Key"}],"items_purged_floors":[14,23],"is_endless":false,"potions_floor_spawned":[5,8,13,15,16,19,21,29,31],"killed_by":"IC_MUSHROOM_ARCHETYPE","ascension_level":0}}