{"host":"cd25ms2o8pjhjp7m","time":1612011290,"event":{"mods":["Act Like it!","Ascension Reborn","Aspiration","BaseMod","Bestiary","Better Third Choice","BetterRewards","Curses Come First","Friendly Minions","GifTheSpireLib","Hubris","Hunter ??","Minty Spire (QoL Compilation)","Rare Cards Sparkle","Relic Stats","Reliquary","Replay The Spire","Robot Space Explorer","Say the Spire","StSLib","The Poker Player","Uncapped","??????REMEMod"],"gold_per_floor":[141,30,30,40,40,40,40,40,40,95,95,106,119,162,162,287,287,300,300,300,313,332,332,390,390,442,459,479,298,298,331,331,465,465,485,485,502,502,521,521,9,9,35,35,35,119,119,119,119,149,149,149,101,76,106],"floor_reached":56,"language":"DEU","playtime":5385,"items_purged":["Strike_Giant","TakeAction_Giant"],"score":1331,"play_id":"9c3bd2c2-84e8-40d5-900f-6c0730ae1b2c","local_time":"20210130135450","is_ascension_mode":true,"campfire_choices":[{"data":"PokerPlayerMod:ChangeRules","floor":6.0,"key":"SMITH"},{"data":"Drunk Grant","floor":8.0,"key":"SMITH"},{"data":"GhostForm_Giant","floor":11.0,"key":"SMITH"},{"floor":15.0,"key":"DIG"},{"data":"Recover HP","floor":23.0,"key":"SMITH"},{"floor":25.0,"key":"RECALL"},{"data":"Echo Defend Giant","floor":32.0,"key":"SMITH"},{"data":"CultistPetCall","floor":40.0,"key":"SMITH"},{"data":"GremlinTsunderePetCall","floor":49.0,"key":"SMITH"},{"data":"Protect_Giant","floor":52.0,"key":"SMITH"}],"circlet_count":1,"master_deck":["Defend_Giant","Defend_Giant","Defend_Giant","CultistPetCall+1","EagleFirst","EagleFirst","EagleSecond","PokerPlayerMod:ChangeRules+1","Drunk Grant+1","Infinite Combo+1","Echo Defend Giant+1","Seek","GhostForm_Giant+1","LeftHookFist","Pummel Giant","Recover HP+1","Protect_Giant+1","Sacrifice Summons","Random Death Rattle+1","Combo Connect","Combo Recycle+1","AttackPoison_Giant","Echo Attack","LeftHookFist","EagleThird","Unlimited Combo","CultistPetCall+1","SpikerPetCall+1","Combo Recycle","Double Mana","Rupture Giant","GremlinTsunderePetCall+1","Protect_Giant","Hunter Bow"],"relics":["GiantSoulBox","REME_ComplimentaryCards","NeowsBlessing","Replay:Ringing Soul","aspiration:SeaSaltIceCream","Circlet","GiantSoulStone","Honey Jar","REME_HandOfSuture","hubris:ToyBattleship","REME_LowDesire","reliquary:PartyBalloon","Potion Belt","hubris:AstralHammer","aspiration:ArtOfWarUpgrade","Ring of Peace","ReplayTheSpireMod:Ring of Collecting","hubris:Icosahedron","Boot","hubris:Spice"],"acts_visited":["Exordium","TheCity","TheBeyond","TheEnding"],"potions_floor_usage":[],"damage_taken":[{"damage":0.0,"enemies":"2 Louse","floor":1.0,"turns":1.0},{"damage":0.0,"enemies":"Small Slimes","floor":4.0,"turns":1.0},{"damage":0.0,"enemies":"3 Sentries","floor":10.0,"turns":1.0},{"damage":0.0,"enemies":"Cultist","floor":12.0,"turns":3.0},{"damage":8.0,"enemies":"Exordium Wildlife","floor":13.0,"turns":2.0},{"damage":0.0,"enemies":"Looter","floor":14.0,"turns":2.0},{"damage":40.0,"enemies":"Hexaghost","floor":16.0,"turns":8.0},{"damage":0.0,"enemies":"Chosen","floor":18.0,"turns":3.0},{"damage":2.0,"enemies":"Shell Parasite","floor":21.0,"turns":3.0},{"damage":0.0,"enemies":"Centurion and Healer","floor":22.0,"turns":2.0},{"damage":4.0,"enemies":"REME_1_Revenger","floor":24.0,"turns":3.0},{"damage":0.0,"enemies":"Cultist and Chosen","floor":27.0,"turns":4.0},{"damage":19.0,"enemies":"Sentry and Sphere","floor":28.0,"turns":3.0},{"damage":2.0,"enemies":"Gremlin Leader","floor":31.0,"turns":4.0},{"damage":0.0,"enemies":"Champ","floor":33.0,"turns":6.0},{"damage":1.0,"enemies":"3 Darklings","floor":35.0,"turns":4.0},{"damage":0.0,"enemies":"Orb Walker","floor":37.0,"turns":2.0},{"damage":0.0,"enemies":"Sphere and 2 Shapes","floor":39.0,"turns":4.0},{"damage":0.0,"enemies":"Time Eater","floor":50.0,"turns":6.0},{"damage":0.0,"enemies":"Shield and Spear","floor":54.0,"turns":5.0},{"damage":105,"enemies":"The Heart","floor":55,"turns":9}],"seed_played":"8720272185379422874","potions_obtained":[{"floor":12.0,"key":"LifebloodPotion"},{"floor":13.0,"key":"Adrenaline Potion"},{"floor":21.0,"key":"FearPotion"},{"floor":22.0,"key":"EssenceOfSteel"},{"floor":33.0,"key":"Weak Potion"},{"floor":35.0,"key":"FairyPotion"},{"floor":38.0,"key":"PowerPotion"},{"floor":38.0,"key":"Languid Potion"},{"floor":38.0,"key":"Death Potion"},{"floor":54.0,"key":"ColorlessPotion"}],"is_trial":false,"path_per_floor":["M","$","?","M","?","R","?","R","T","E","R","M","M","M","R","B",null,"M","?","?","M","M","R","E","R","T","M","M","$","?","E","R","B",null,"M","?","M","?","M","R","$","?","T","?","R","?","R","?","R","B",null,"R","$","E","B",null],"character_chosen":"Giant","items_purchased":["Infinite Combo","LeftHookFist","hubris:AstralHammer","Art of War","Combo Recycle","Protect_Giant"],"campfire_rested":0,"item_purchase_floors":[2,29,41,41,41,53],"current_hp_per_floor":[65,65,65,65,56,56,56,56,56,64,64,67,59,67,67,43,92,95,95,98,99,104,104,108,108,108,115,99,102,105,116,116,128,135,138,138,141,141,141,141,144,144,144,144,144,147,147,150,150,155,155,155,158,169,153],"gold":106,"neow_bonus":"THREE_ENEMY_KILL","is_daily":false,"chose_seed":false,"campfire_upgraded":8,"win_rate":0.0,"timestamp":1612011290,"path_taken":["M","$","?","M","?","R","?","R","T","E","R","?","M","M","R","BOSS","M","?","?","M","M","R","E","R","T","M","M","?","?","E","R","BOSS","M","?","M","?","?","R","$","?","T","?","R","?","R","?","R","BOSS","R","$","E","BOSS"],"items_purchased_type":["Card","Card","Relic","Relic","Card","Card"],"build_version":"2020-12-22","purchased_purges":2,"victory":true,"max_hp_per_floor":[65,65,65,65,65,65,65,65,65,73,73,76,76,84,84,92,92,95,95,98,101,104,104,112,112,112,115,118,121,124,127,127,135,135,138,138,141,141,141,141,144,144,144,144,144,147,147,150,150,155,155,155,158,169,174],"relic_stats":{"counters":[21,76],"Boot":[2],"obtain_stats":[{"Bromod:ArcaneUltimatum":15,"Potion Belt":34,"Bromod:AscarisDevice":10,"NeowsBlessing":0,"reliquary:PartyBalloon":34,"Circlet":0,"aspiration:SeaSaltIceCream":10,"Boot":46,"Bromod:ArcaneMomentum":43,"Replay:Ringing Soul":9,"hubris:Icosahedron":44,"hubris:AstralHammer":41,"hubris:Spice":54,"GiantSoulStone":16,"Ring of Peace":42,"ReplayTheSpireMod:Ring of Collecting":42,"Honey Jar":17,"aspiration:ArtOfWarUpgrade":47,"REME_HandOfSuture":24,"hubris:ToyBattleship":31,"Art of War":41,"GiantSoulBox":0,"REME_LowDesire":34,"REME_ComplimentaryCards":0},{"Bromod:ArcaneUltimatum":6,"Potion Belt":15,"Bromod:AscarisDevice":3,"NeowsBlessing":0,"reliquary:PartyBalloon":15,"Circlet":0,"aspiration:SeaSaltIceCream":3,"Boot":18,"Bromod:ArcaneMomentum":18,"Replay:Ringing Soul":2,"hubris:Icosahedron":18,"hubris:AstralHammer":18,"hubris:Spice":20,"GiantSoulStone":7,"Ring of Peace":18,"ReplayTheSpireMod:Ring of Collecting":18,"Honey Jar":7,"aspiration:ArtOfWarUpgrade":18,"REME_HandOfSuture":11,"hubris:ToyBattleship":14,"Art of War":18,"GiantSoulBox":0,"REME_LowDesire":15,"REME_ComplimentaryCards":0},{"Bromod:ArcaneUltimatum":10,"Potion Belt":46,"Bromod:AscarisDevice":3,"NeowsBlessing":0,"reliquary:PartyBalloon":46,"Circlet":0,"aspiration:SeaSaltIceCream":3,"Boot":56,"Bromod:ArcaneMomentum":56,"Replay:Ringing Soul":2,"hubris:Icosahedron":56,"hubris:AstralHammer":56,"hubris:Spice":67,"GiantSoulStone":18,"Ring of Peace":56,"ReplayTheSpireMod:Ring of Collecting":56,"Honey Jar":18,"aspiration:ArtOfWarUpgrade":56,"REME_HandOfSuture":29,"hubris:ToyBattleship":40,"Art of War":56,"GiantSoulBox":0,"REME_LowDesire":46,"REME_ComplimentaryCards":0}]},"card_choices":[{"not_picked":["Combo Recycle","HPGrowth_Giant"],"picked":"Drunk Grant","floor":1.0},{"not_picked":["Duplicate Hand","Backflip Giant"],"picked":"Echo Defend Giant","floor":4.0},{"not_picked":["Combo Recycle","EagleSecond"],"picked":"GhostForm_Giant","floor":10.0},{"not_picked":["Revenge Attack","Discover Combo"],"picked":"LeftHookFist","floor":12.0},{"not_picked":["Pummel Giant","Ready_Giant","Trace_Giant"],"picked":"SKIP","floor":13.0},{"not_picked":["EagleSecond","Backflip Giant"],"picked":"Pummel Giant","floor":14.0},{"not_picked":["TakeAll_Giant","Storm Of Blood"],"picked":"Recover HP","floor":16.0},{"not_picked":["Combo Recycle","Death Explode","Infinite Combo+1"],"picked":"Protect_Giant","floor":18.0},{"not_picked":["Combo Recycle","Struggle Attack","Protect_Giant"],"picked":"Random Death Rattle+1","floor":21.0},{"not_picked":["Echo Defend Giant","Backflip Giant+1","Fanatic Cultist"],"picked":"Combo Connect","floor":22.0},{"not_picked":["Echo Defend Giant","Protect_Giant","EagleSecond"],"picked":"Combo Recycle+1","floor":24.0},{"not_picked":["Combo Defend+1","Pummel Giant","Random Death Rattle"],"picked":"AttackPoison_Giant","floor":27.0},{"not_picked":["Ready_Giant+1","Clone Minion","Mana Growth+1"],"picked":"Echo Attack","floor":28.0},{"not_picked":["Drunk Grant+1","Fanatic Cultist","MultiTurn_Giant"],"picked":"Death Prophecy","floor":31.0},{"not_picked":["Storm Of Blood","Double Mana","SnakeForm"],"picked":"Unlimited Combo","floor":33.0},{"not_picked":["Backflip Giant+1","Echo Defend Giant+1","Spirit Of Beast","Flash of Steel"],"picked":"CultistPetCall","floor":35.0},{"not_picked":["Calmness Giant","Heal Wind","Bloody Giant","Transmutation"],"picked":"SpikerPetCall+1","floor":37.0},{"not_picked":["Struggle Attack","EagleSecond","LeftHookFist","Revenge Attack+1","HandOfGreed"],"picked":"SKIP","floor":39.0},{"not_picked":["Calmness Giant+1","Combo Defend+1","Fanatic Cultist","Metamorphosis"],"picked":"Double Mana","floor":46.0},{"not_picked":["Backflip Giant+1","Clone Minion+1","EagleThird","REME_MawOfCthun"],"picked":"Rupture Giant","floor":46.0},{"not_picked":["Seek Pet","Clone Minion+1","Struggle Attack","Forethought+1"],"picked":"Hunter Bow","floor":54.0}],"player_experience":438240,"relics_obtained":[{"floor":9.0,"key":"Replay:Ringing Soul"},{"floor":10.0,"key":"aspiration:SeaSaltIceCream"},{"floor":15.0,"key":"Bromod:ArcaneUltimatum"},{"floor":16.0,"key":"GiantSoulStone"},{"floor":24.0,"key":"REME_HandOfSuture"},{"floor":31.0,"key":"hubris:ToyBattleship"},{"floor":34.0,"key":"reliquary:PartyBalloon"},{"floor":34.0,"key":"Potion Belt"},{"floor":42.0,"key":"Ring of Peace"},{"floor":42.0,"key":"ReplayTheSpireMod:Ring of Collecting"},{"floor":43.0,"key":"Bromod:ArcaneMomentum"},{"floor":46.0,"key":"Boot"},{"floor":54.0,"key":"hubris:Spice"}],"event_choices":[{"damage_healed":0.0,"max_hp_gain":0.0,"max_hp_loss":0.0,"gold_gain":0.0,"event_name":"Living Wall","player_choice":"Grow","floor":3.0,"gold_loss":0.0,"damage_taken":0.0,"cards_upgraded":["Infinite Combo"]},{"damage_healed":0.0,"max_hp_gain":0.0,"max_hp_loss":0.0,"gold_gain":0.0,"event_name":"betterThird:BetterScrap","player_choice":"Card ","floor":5.0,"gold_loss":0.0,"damage_taken":9.0,"cards_obtained":["Seek"]},{"damage_healed":0.0,"max_hp_gain":0.0,"max_hp_loss":0.0,"gold_gain":0.0,"event_name":"Accursed Blacksmith","player_choice":"Forge","floor":7.0,"gold_loss":0.0,"damage_taken":0.0,"cards_upgraded":["CultistPetCall"]},{"damage_healed":0.0,"max_hp_gain":0.0,"max_hp_loss":0.0,"gold_gain":0.0,"event_name":"Vampires","player_choice":"Ignored","floor":19.0,"gold_loss":0.0,"damage_taken":0.0},{"damage_healed":0.0,"max_hp_gain":0.0,"max_hp_loss":0.0,"gold_gain":0.0,"cards_transformed":["Strike_Giant","Defend_Giant"],"event_name":"Drug Dealer","player_choice":"Became Test Subject","floor":20.0,"gold_loss":0.0,"damage_taken":0.0,"cards_obtained":["TakeAction_Giant","Sacrifice Summons"]},{"damage_healed":0.0,"max_hp_gain":0.0,"max_hp_loss":0.0,"gold_gain":0.0,"event_name":"The Library","player_choice":"Read","floor":30.0,"gold_loss":0.0,"damage_taken":0.0,"cards_obtained":["EagleThird"]},{"cards_removed":["Death Prophecy"],"damage_healed":0.0,"max_hp_gain":0.0,"max_hp_loss":0.0,"gold_gain":0.0,"event_name":"Falling","player_choice":"Removed Skill","floor":36.0,"gold_loss":0.0,"damage_taken":0.0},{"damage_healed":0.0,"max_hp_gain":0.0,"max_hp_loss":0.0,"gold_gain":0.0,"event_name":"Lab","player_choice":"Got Potions","floor":38.0,"gold_loss":0.0,"damage_taken":0.0}],"is_beta":false,"boss_relics":[{"not_picked":["aspiration:SecretTechniqueScroll","aspiration:DefectSkillbook"],"picked":"Honey Jar"},{"not_picked":["Astrolabe","Philosopher\u0027s Stone"],"picked":"REME_LowDesire"}],"items_purged_floors":[2,29],"is_endless":false,"potions_floor_spawned":[12,13,16,21,22,33,35,54],"ascension_level":0}}