{"host":"5p9hybygolzp0efr","time":1612007460,"event":{"mods":["AchievementEnabler","BaseMod","Bestiary","Colored Map","Minty Spire (QoL Compilation)","Permanent Neow","Relic Stats","StSLib"],"gold_per_floor":[167,177,189,206,206,206,240,240,265,280,315,325,343,358,358,358,358],"floor_reached":16,"language":"ENG","playtime":929,"items_purged":[],"score":174,"play_id":"9261fd32-eb59-481b-9582-652b68424310","local_time":"20210130195100","is_ascension_mode":true,"campfire_choices":[{"data":"True Grit","floor":6,"key":"SMITH"},{"floor":8,"key":"REST"},{"floor":15,"key":"REST"}],"circlet_count":0,"master_deck":["AscendersBane","Strike_R","Strike_R","Strike_R","Strike_R","Strike_R","Defend_R+1","Defend_R","Defend_R","Defend_R","Bash","Sword Boomerang","True Grit+1","Disarm","Whirlwind","Impervious","Cleave"],"relics":["Tiny House","Toy Ornithopter","Bag of Marbles","Centennial Puzzle","Pantograph"],"acts_visited":["Exordium"],"potions_floor_usage":[4,7,11,16],"damage_taken":[{"damage":3,"enemies":"2 Louse","floor":1,"turns":3},{"damage":1,"enemies":"Cultist","floor":2,"turns":3},{"damage":11,"enemies":"Small Slimes","floor":3,"turns":4},{"damage":6,"enemies":"Red Slaver","floor":4,"turns":4},{"damage":57,"enemies":"3 Sentries","floor":7,"turns":15},{"damage":7,"enemies":"Large Slime","floor":10,"turns":10},{"damage":18,"enemies":"Lagavulin","floor":11,"turns":9},{"damage":3,"enemies":"3 Louse","floor":12,"turns":4},{"damage":17,"enemies":"Blue Slaver","floor":13,"turns":5},{"damage":1,"enemies":"2 Fungi Beasts","floor":14,"turns":2},{"damage":63,"enemies":"Hexaghost","floor":16,"turns":14}],"seed_played":"668662653133113762","potions_obtained":[{"floor":0,"key":"SkillPotion"},{"floor":2,"key":"LiquidMemories"},{"floor":3,"key":"BloodPotion"},{"floor":7,"key":"AttackPotion"},{"floor":12,"key":"Ancient Potion"},{"floor":13,"key":"Strength Potion"}],"is_trial":false,"path_per_floor":["M","M","M","M","?","R","E","R","T","M","E","M","M","M","R","B"],"character_chosen":"IRONCLAD","items_purchased":[],"campfire_rested":2,"item_purchase_floors":[],"current_hp_per_floor":[74,73,62,56,56,56,21,46,46,39,26,23,6,5,30,0,0],"gold":358,"neow_bonus":"BOSS_RELIC","is_daily":false,"chose_seed":false,"campfire_upgraded":1,"win_rate":0.0,"timestamp":1612007460,"path_taken":["M","M","M","M","?","R","E","R","T","M","E","?","M","?","R","BOSS"],"items_purchased_type":[],"build_version":"2020-12-22","purchased_purges":0,"victory":false,"max_hp_per_floor":[85,85,85,85,85,85,85,85,85,85,85,85,85,85,85,85,85],"relic_stats":{"Centennial Puzzle":[18],"counters":[11,73],"Pantograph":25,"obtain_stats":[{"Centennial Puzzle":9,"Tiny House":0,"Pantograph":11,"Bag of Marbles":7,"Burning Blood":0,"Toy Ornithopter":5},{"Centennial Puzzle":5,"Tiny House":0,"Pantograph":7,"Bag of Marbles":5,"Burning Blood":0,"Toy Ornithopter":4},{"Centennial Puzzle":29,"Tiny House":0,"Pantograph":48,"Bag of Marbles":29,"Burning Blood":0,"Toy Ornithopter":14}],"Toy Ornithopter":15},"card_choices":[{"not_picked":["Body Slam","Warcry"],"picked":"Sword Boomerang","floor":1},{"not_picked":["Feel No Pain","Flex","Sever Soul"],"picked":"SKIP","floor":2},{"not_picked":["Second Wind","Pommel Strike"],"picked":"True Grit","floor":3},{"not_picked":["Second Wind","Body Slam"],"picked":"Disarm","floor":4},{"not_picked":["Iron Wave","Body Slam"],"picked":"Whirlwind","floor":7},{"not_picked":["Twin Strike","Headbutt"],"picked":"Impervious","floor":10},{"not_picked":["Rampage","Twin Strike","Thunderclap"],"picked":"SKIP","floor":11},{"not_picked":["Armaments","Limit Break"],"picked":"Cleave","floor":12},{"not_picked":["True Grit","Armaments","Entrench"],"picked":"SKIP","floor":13},{"not_picked":["Iron Wave","Shrug It Off","Clash"],"picked":"SKIP","floor":14}],"player_experience":572248,"relics_obtained":[{"floor":7,"key":"Bag of Marbles"},{"floor":9,"key":"Centennial Puzzle"},{"floor":11,"key":"Pantograph"}],"event_choices":[{"damage_healed":0,"gold_gain":0,"player_choice":"Gave Potion","damage_taken":0,"relics_obtained":["Toy Ornithopter"],"max_hp_gain":0,"max_hp_loss":0,"event_name":"WeMeetAgain","floor":5,"gold_loss":0}],"is_beta":false,"boss_relics":[],"items_purged_floors":[],"is_endless":false,"potions_floor_spawned":[2,3,7,12,13],"killed_by":"Hexaghost","ascension_level":10}}