{"host":"2qyxu97h6u4ukicb","time":1612031857,"event":{"mods":["AchievementEnabler","BaseMod","BetterRewards","Colored Map","Colored Powertips","Minty Spire (QoL Compilation)","Replay The Spire","Shop Mod","StSLib"],"gold_per_floor":[109,109,109,125,196,196,196,196,196,196,222,246,246,286,286,412,412,435,451,451,451,471,471,489,489,489,489,535,535,450,400,414,439,439,439,439],"floor_reached":35,"language":"ENG","playtime":1927,"items_purged":[],"score":278,"play_id":"eba2503f-e6de-407e-af8c-9832f573d53d","local_time":"20210130123737","is_ascension_mode":false,"campfire_choices":[{"floor":6,"key":"REST"},{"floor":8,"key":"REST"},{"data":"ReplayUltimateDefense","floor":10,"key":"SMITH"},{"floor":13,"key":"REST"},{"data":"Eruption","floor":15,"key":"SMITH"},{"floor":23,"key":"REST"},{"data":"WindmillStrike","floor":25,"key":"SMITH"},{"floor":34,"key":"REST"}],"circlet_count":0,"master_deck":["Strike_P","Strike_P","Strike_P","Strike_P","Defend_P","Defend_P","Defend_P","Defend_P","Eruption+1","Vigilance","ReplayUltimateDefense+1","WindmillStrike+1","ReachHeaven","Prostrate","JustLucky","DevaForm","PathToVictory","CutThroughFate","Shame","FlyingSleeves+1","SashWhip+1","BowlingBash"],"relics":["PureWater","Golden Idol","ReplayTheSpireMod:TigerMarble","Bronze Scales","Odd Mushroom","Strawberry","Empty Cage","ReplayTheSpireMod:Ring of Addiction","Chameleon Ring","Toy Ornithopter","Ring of Searing","MealTicket","Vajra","ReplayTheSpireMod:Shallot"],"acts_visited":["Exordium","TheCity"],"potions_floor_usage":[11,14,16,18,22,32,32],"damage_taken":[{"damage":5,"enemies":"2 Louse","floor":1,"turns":5},{"damage":10,"enemies":"Small Slimes","floor":4,"turns":3},{"damage":21,"enemies":"The Mushroom Lair","floor":11,"turns":5},{"damage":4,"enemies":"Jaw Worm","floor":12,"turns":6},{"damage":1,"enemies":"Gremlin Nob","floor":14,"turns":5},{"damage":51,"enemies":"Hexaghost","floor":16,"turns":10},{"damage":10,"enemies":"2 Thieves","floor":18,"turns":4},{"damage":30,"enemies":"3 Byrds","floor":19,"turns":5},{"damage":24,"enemies":"Snake Plant","floor":22,"turns":4},{"damage":0,"enemies":"Snecko","floor":24,"turns":3},{"damage":0,"enemies":"Sentry and Sphere","floor":32,"turns":3},{"damage":8,"enemies":"3 Cultists","floor":33,"turns":5},{"damage":76,"enemies":"Collector","floor":35,"turns":3}],"seed_played":"-3202664703364624237","potions_obtained":[{"floor":4,"key":"BottledMiracle"},{"floor":5,"key":"Dexterity Potion"},{"floor":5,"key":"LifebloodPotion"},{"floor":16,"key":"ColorlessPotion"},{"floor":20,"key":"Swift Potion"},{"floor":20,"key":"FearPotion"},{"floor":20,"key":"Explosive Potion"},{"floor":22,"key":"LiquidMemories"}],"is_trial":false,"path_per_floor":["M","?","?","M","?","R","$","R","T","R","?","M","R","E","R","B",null,"M","M","?","?","M","R","M","R","PTL","PTL","T","T","?","?","M","M","R","B"],"character_chosen":"WATCHER","items_purchased":[],"campfire_rested":5,"item_purchase_floors":[],"current_hp_per_floor":[67,67,64,54,26,47,47,68,68,68,47,43,64,70,70,19,79,69,39,39,39,20,43,43,43,43,43,43,43,43,43,53,45,66,0,0],"gold":439,"neow_bonus":"RANDOM_COLORLESS_2","is_daily":false,"chose_seed":false,"campfire_upgraded":3,"win_rate":0.0,"timestamp":1612031857,"path_taken":["M","?","?","?","?","R","$","R","T","R","?","M","R","E","R","BOSS","M","M","?","?","?","R","M","R","PTL","PTL","T","?","?","?","M","M","R","BOSS"],"items_purchased_type":[],"build_version":"2020-12-22","purchased_purges":0,"victory":false,"max_hp_per_floor":[72,72,72,72,72,72,72,72,72,72,72,72,72,79,79,79,79,79,79,79,79,79,79,79,79,77,77,77,75,75,75,73,73,73,73,73],"card_choices":[{"not_picked":["HandOfGreed","Master of Strategy"],"picked":"ReplayUltimateDefense","floor":0},{"not_picked":["WaveOfTheHand","FlurryOfBlows"],"picked":"WindmillStrike","floor":1},{"not_picked":["Meditate","Prostrate"],"picked":"ReachHeaven","floor":4},{"not_picked":["Evaluate","Wallop"],"picked":"Prostrate","floor":11},{"not_picked":["EmptyMind","Weave"],"picked":"JustLucky","floor":12},{"not_picked":["Nirvana","EmptyFist","Weave"],"picked":"SKIP","floor":14},{"not_picked":["LessonLearned","Ragnarok"],"picked":"DevaForm","floor":16},{"not_picked":["EmptyBody+1","Evaluate"],"picked":"PathToVictory","floor":18},{"not_picked":["BattleHymn","Crescendo+1"],"picked":"CutThroughFate","floor":19},{"not_picked":["JustLucky+1","DeceiveReality"],"picked":"FlyingSleeves+1","floor":22},{"not_picked":["JustLucky","InnerPeace","TalkToTheHand"],"picked":"SKIP","floor":24},{"not_picked":["Prostrate","WreathOfFlame"],"picked":"SashWhip+1","floor":32},{"not_picked":["Halt","Nirvana+1"],"picked":"BowlingBash","floor":33}],"player_experience":754185,"relics_obtained":[{"floor":5,"key":"Bronze Scales"},{"floor":11,"key":"Odd Mushroom"},{"floor":14,"key":"Strawberry"},{"floor":20,"key":"ReplayTheSpireMod:Ring of Addiction"},{"floor":20,"key":"Chameleon Ring"},{"floor":20,"key":"Toy Ornithopter"},{"floor":20,"key":"Ring of Searing"},{"floor":28,"key":"MealTicket"},{"floor":29,"key":"Vajra"}],"event_choices":[{"damage_healed":0,"gold_gain":0,"player_choice":"Take Wound","damage_taken":0,"relics_obtained":["Golden Idol"],"max_hp_gain":0,"max_hp_loss":0,"event_name":"Golden Idol","floor":2,"gold_loss":0,"cards_obtained":["Injury"]},{"damage_healed":0,"gold_gain":0,"player_choice":"Success","damage_taken":3,"relics_obtained":["ReplayTheSpireMod:TigerMarble"],"max_hp_gain":0,"max_hp_loss":0,"event_name":"Scrap Ooze","floor":3,"gold_loss":0},{"damage_healed":0,"gold_gain":0,"player_choice":"Fought Mushrooms","damage_taken":0,"max_hp_gain":0,"max_hp_loss":0,"event_name":"Mushrooms","floor":11,"gold_loss":0},{"damage_healed":0,"gold_gain":0,"player_choice":"Ignored","damage_taken":0,"max_hp_gain":0,"max_hp_loss":0,"event_name":"NoteForYourself","floor":21,"gold_loss":0},{"damage_healed":0,"gold_gain":0,"player_choice":"Obtained Relic","damage_taken":0,"relics_obtained":["ReplayTheSpireMod:Shallot"],"max_hp_gain":0,"max_hp_loss":0,"event_name":"Addict","floor":30,"gold_loss":85},{"damage_healed":0,"gold_gain":0,"player_choice":"Bet on Murderer","damage_taken":0,"max_hp_gain":0,"max_hp_loss":0,"event_name":"The Joust","floor":31,"gold_loss":50}],"is_beta":false,"boss_relics":[{"not_picked":["Pandora\u0027s Box","Velvet Choker"],"picked":"Empty Cage"}],"items_purged_floors":[],"is_endless":false,"potions_floor_spawned":[4,16,22],"killed_by":"Collector","ascension_level":0}}