{"host":"takgv9cv6xf64vhq","time":1612003270,"event":{"mods":["BaseMod","Colored Powertips","Downfall","Hubris","LagranYue(拉格朗・月)","Marisa（F雨　魔理沙）","Minty Spire (QoL Compilation)","Replay The Spire","StSLib","The Animator","The Cursed","The Jungle","TheHeartMod"],"gold_per_floor":[109,109,119,119,294,329,347,367,394,394,394],"floor_reached":10,"language":"ZHS","playtime":388,"items_purged":[],"score":75,"play_id":"fe831fed-f85b-470b-98ad-abdb8865b693","local_time":"20210130184110","is_ascension_mode":true,"campfire_choices":[],"circlet_count":0,"master_deck":["Strike_G","Strike_G","Strike_G","Strike_G","Defend_G","Defend_G","Defend_G","Defend_G","Defend_G","Survivor","Neutralize","Poisoned Stab","Bane","Doubt","Malaise","Calculated Gamble","ReplayTheSpireMod:Speed Training","Pot Of Greed","Pot Of Greed"],"relics":["Sozu","Centennial Puzzle","Grinning Jar"],"acts_visited":["Exordium"],"potions_floor_usage":[],"damage_taken":[{"damage":3,"enemies":"2 Louse","floor":1,"turns":3},{"damage":0,"enemies":"Cultist","floor":3,"turns":4},{"damage":29,"enemies":"Lagavulin","floor":6,"turns":11},{"damage":3,"enemies":"Small Slimes","floor":7,"turns":3},{"damage":10,"enemies":"3 Louse","floor":8,"turns":5},{"damage":23,"enemies":"Gremlin Nob","floor":10,"turns":4}],"seed_played":"-25690901488813323","potions_obtained":[],"is_trial":false,"path_per_floor":["M","?","M","?","?","E","M","M","T","E"],"character_chosen":"THE_SILENT","items_purchased":[],"campfire_rested":0,"item_purchase_floors":[],"current_hp_per_floor":[67,67,67,60,60,31,28,18,18,0,0],"gold":394,"neow_bonus":"BOSS_RELIC","is_daily":false,"chose_seed":false,"campfire_upgraded":0,"win_rate":0.0,"timestamp":1612003270,"path_taken":["M","?","?","?","?","E","M","?","T","E"],"items_purchased_type":[],"build_version":"2020-12-22","purchased_purges":0,"victory":false,"max_hp_per_floor":[70,70,70,70,70,70,70,70,70,70,70],"card_choices":[{"not_picked":["Deadly Poison","Acrobatics"],"picked":"Poisoned Stab","floor":1},{"not_picked":["Quick Slash","Dagger Throw"],"picked":"Bane","floor":3},{"not_picked":["Catalyst","Concentrate"],"picked":"Malaise","floor":6},{"not_picked":["Accuracy","Bane"],"picked":"Calculated Gamble","floor":7},{"not_picked":["Outmaneuver","Sucker Punch"],"picked":"ReplayTheSpireMod:Speed Training","floor":8}],"player_experience":232378,"relics_obtained":[{"floor":6,"key":"Centennial Puzzle"},{"floor":9,"key":"Grinning Jar"}],"event_choices":[{"damage_healed":0,"gold_gain":0,"player_choice":"0 cards matched","damage_taken":0,"max_hp_gain":0,"max_hp_loss":0,"event_name":"Match and Keep!","floor":2,"gold_loss":0,"cards_obtained":[]},{"cards_removed":["Strike_G"],"damage_healed":0,"gold_gain":0,"player_choice":"Card Removal","damage_taken":7,"max_hp_gain":0,"max_hp_loss":0,"event_name":"Golden Wing","floor":4,"gold_loss":0},{"damage_healed":0,"gold_gain":175,"player_choice":"AGREE","damage_taken":0,"max_hp_gain":0,"max_hp_loss":0,"event_name":"Liars Game","floor":5,"gold_loss":0,"cards_obtained":["Doubt"]}],"is_beta":false,"boss_relics":[],"items_purged_floors":[],"is_endless":false,"potions_floor_spawned":[3,7],"killed_by":"Gremlin Nob","ascension_level":2}}