{"host":"d52brwsy6af8zvaq","time":1612026011,"event":{"mods":["AchievementEnabler","BaseMod","Bestiary","Highlight Path","Minty Spire (QoL Compilation)","Quick Restart","Relic Stats","ojb\u0027s Better Paths Mod"],"gold_per_floor":[110,126,126,146,34,34,61,61,142,168,178,178,188,198,198,277,277,287,305,86,105,123,123,123,123],"floor_reached":24,"language":"ENG","playtime":1193,"items_purged":["Strike_G","Strike_G"],"score":470,"play_id":"ed5ca722-1c91-462e-8265-bc847c127e75","local_time":"20210130100011","is_ascension_mode":true,"campfire_choices":[{"data":"Skewer","floor":6.0,"key":"SMITH"},{"data":"Bouncing Flask","floor":8.0,"key":"SMITH"},{"data":"Wraith Form v2","floor":12.0,"key":"SMITH"},{"data":"Predator","floor":15.0,"key":"SMITH"}],"circlet_count":0,"master_deck":["AscendersBane","Defend_G","Defend_G","Defend_G","Defend_G","Defend_G","Survivor","Neutralize","Skewer+1","Bouncing Flask+1","Deadly Poison","Predator+1","Backstab","Calculated Gamble","Wraith Form v2+1","Dagger Spray","Riddle With Holes+1","Infinite Blades+1","Outmaneuver+1","PiercingWail","Acrobatics","Noxious Fumes","Predator","Prepared","Die Die Die","Caltrops"],"relics":["Ring of the Snake","Lantern","Mercury Hourglass","Astrolabe"],"acts_visited":["Exordium","TheCity"],"potions_floor_usage":[24],"damage_taken":[{"damage":0.0,"enemies":"Jaw Worm","floor":1.0,"turns":5.0},{"damage":0.0,"enemies":"Cultist","floor":2.0,"turns":4.0},{"damage":8.0,"enemies":"Small Slimes","floor":4.0,"turns":3.0},{"damage":0.0,"enemies":"Gremlin Nob","floor":7.0,"turns":2.0},{"damage":17.0,"enemies":"Lagavulin","floor":10.0,"turns":4.0},{"damage":0.0,"enemies":"2 Fungi Beasts","floor":11.0,"turns":3.0},{"damage":1.0,"enemies":"Large Slime","floor":13.0,"turns":4.0},{"damage":0.0,"enemies":"Gremlin Gang","floor":14.0,"turns":3.0},{"damage":16.0,"enemies":"The Guardian","floor":16.0,"turns":8.0},{"damage":0.0,"enemies":"Chosen","floor":18.0,"turns":4.0},{"damage":4.0,"enemies":"2 Thieves","floor":19.0,"turns":3.0},{"damage":3.0,"enemies":"Snake Plant","floor":21.0,"turns":5.0},{"damage":7.0,"enemies":"Centurion and Healer","floor":22.0,"turns":6.0},{"damage":42,"enemies":"Book of Stabbing","floor":24,"turns":5}],"seed_played":"3540844162449277271","potions_obtained":[{"floor":1.0,"key":"SteroidPotion"},{"floor":2.0,"key":"AttackPotion"},{"floor":3.0,"key":"Poison Potion"},{"floor":7.0,"key":"Strength Potion"},{"floor":13.0,"key":"EntropicBrew"}],"is_trial":false,"path_per_floor":["M","M","?","M","$","R","E","R","T","E","M","R","M","M","R","B",null,"M","M","$","M","M","?","E"],"character_chosen":"THE_SILENT","items_purchased":["Backstab","Noxious Fumes","Predator"],"campfire_rested":0,"item_purchase_floors":[5,20,20],"current_hp_per_floor":[59,59,59,51,51,51,51,51,51,34,34,34,33,33,33,17,54,54,50,50,47,40,40,0,0],"gold":123,"neow_bonus":"THREE_CARDS","is_daily":false,"chose_seed":false,"campfire_upgraded":4,"win_rate":0.0,"timestamp":1612026011,"path_taken":["M","M","?","M","$","R","E","R","T","E","M","R","?","M","R","BOSS","M","M","$","M","M","?","E"],"items_purchased_type":["Card","Card","Card"],"build_version":"2020-12-22","purchased_purges":2,"victory":false,"max_hp_per_floor":[66,66,66,66,66,66,66,66,66,66,66,66,66,66,66,66,66,66,66,66,66,66,66,66,66],"relic_stats":{"counters":[14,59],"Astrolabe":["Riddle With Holes","Infinite Blades","Outmaneuver"],"obtain_stats":[{"Lantern":7,"Astrolabe":17,"Ring of the Snake":0,"Mercury Hourglass":10},{"Lantern":4,"Astrolabe":9,"Ring of the Snake":0,"Mercury Hourglass":5},{"Lantern":14,"Astrolabe":36,"Ring of the Snake":0,"Mercury Hourglass":18}],"Ring of the Snake":[28],"Mercury Hourglass":[146]},"card_choices":[{"not_picked":["Cloak And Dagger","Crippling Poison"],"picked":"Skewer","floor":0.0},{"not_picked":["Accuracy","Underhanded Strike"],"picked":"Bouncing Flask","floor":1.0},{"not_picked":["Deflect","Quick Slash"],"picked":"Deadly Poison","floor":2.0},{"not_picked":["Deadly Poison","Underhanded Strike"],"picked":"Predator","floor":4.0},{"not_picked":["Poisoned Stab","Flechettes","Endless Agony"],"picked":"SKIP","floor":7.0},{"not_picked":["Poisoned Stab","Flechettes","Endless Agony"],"picked":"SKIP","floor":7.0},{"not_picked":["Riddle With Holes","Flechettes"],"picked":"Calculated Gamble","floor":10.0},{"not_picked":["Dagger Spray","Heel Hook"],"picked":"Wraith Form v2","floor":11.0},{"not_picked":["Backstab","Caltrops"],"picked":"Outmaneuver","floor":13.0},{"not_picked":["Tactician","Dagger Throw"],"picked":"Dagger Spray","floor":14.0},{"not_picked":["Envenom","Storm of Steel"],"picked":"Doppelganger","floor":16.0},{"not_picked":["Dodge and Roll","Predator+1"],"picked":"PiercingWail","floor":18.0},{"not_picked":["Slice","Quick Slash"],"picked":"Acrobatics","floor":19.0},{"not_picked":["Cloak And Dagger","Blade Dance","Flying Knee+1"],"picked":"SKIP","floor":21.0},{"not_picked":["Skewer+1","Bane"],"picked":"Prepared","floor":22.0}],"player_experience":2071341,"relics_obtained":[{"floor":7.0,"key":"Lantern"},{"floor":10.0,"key":"Mercury Hourglass"}],"event_choices":[{"damage_healed":0.0,"max_hp_gain":0.0,"max_hp_loss":0.0,"gold_gain":0.0,"event_name":"Lab","player_choice":"Got Potions","floor":3.0,"gold_loss":0.0,"damage_taken":0.0},{"damage_healed":0,"gold_gain":0,"cards_transformed":["Outmaneuver","Doppelganger"],"player_choice":"Became Test Subject","damage_taken":0,"max_hp_gain":0,"max_hp_loss":0,"event_name":"Drug Dealer","floor":23,"gold_loss":0,"cards_obtained":["Die Die Die","Caltrops"]}],"is_beta":false,"boss_relics":[{"not_picked":["Runic Dome","Ectoplasm"],"picked":"Astrolabe"}],"items_purged_floors":[5,20],"is_endless":false,"potions_floor_spawned":[1,2,7,13,14],"killed_by":"Book of Stabbing","ascension_level":20}}