{"host":"1ecbliur7lfoj0sl","time":1612017040,"event":{"mods":["BaseMod","Downfall","Minty Spire (QoL Compilation)","StSLib","Waifu the Spire"],"gold_per_floor":[99,117,176,189,189,201,252,52,87,105,131,41,41,69,83,183,183,83,93,0,16,16,26,26,51,62,93,111,196,196,81,101,205,205,205,218,235,250,327,327,327,177,208,208,239,250,278,103,123,123,123,154,154,154,154,154],"floor_reached":57,"language":"ZHS","playtime":3923,"items_purged":["champ:Strike","champ:Defend","champ:Defend","champ:Defend","champ:Execute"],"score":1721,"play_id":"1f7d11ef-31ca-4382-ac6d-5d741a57baff","local_time":"20210130223040","is_ascension_mode":true,"campfire_choices":[{"floor":1.0,"key":"RECALL"},{"data":"champ:ShieldSlam","floor":8.0,"key":"SMITH"},{"data":"1","floor":18.0,"key":"LIFT"},{"data":"champ:FancyFootwork","floor":30.0,"key":"SMITH"},{"data":"champ:RapidStrikes","floor":35.0,"key":"SMITH"},{"data":"2","floor":44.0,"key":"LIFT"},{"data":"3","floor":54.0,"key":"LIFT"}],"circlet_count":0,"master_deck":["champ:Taunt","champ:BringItOn","champ:HoldFirm+1","champ:VampiricStrike","champ:ShieldSlam+1","champ:IgnorePain","champ:GladiatorForm","champ:FocusedBerserking+1","champ:SkillfulDodge","champ:FocusedDefense","champ:RapidStrikes+1","champ:FancyFootwork+1","champ:FocusedDefense+1","champ:HoldFirm+1","champ:DefensiveShout+1","champ:CalledShot+1","champ:FocusedBerserking+1","champ:FaceSlap","champ:FocusedDefense"],"relics":["Philosopher\u0027s Stone","Dream Catcher","downfall:HeartBlessingRed","downfall:HeartBlessingBlue","Incense Burner","Girya","Bird Faced Urn","expansioncontent:StudyCardRelic","downfall:HeartBlessingGreen","Sundial","Kunai","Letter Opener","Astrolabe","bronze:BronzeIdol","Calipers","champ:GladiatorsBookOfMartialProwess","Pen Nib","War Paint","Bronze Scales"],"acts_visited":["Exordium","TheCity","TheBeyond","TheEnding"],"potions_floor_usage":[56,56,56,56,56],"damage_taken":[{"damage":10.0,"enemies":"Small Slimes","floor":2.0,"turns":3.0},{"damage":45.0,"enemies":"Gremlin Nob","floor":3.0,"turns":5.0},{"damage":10.0,"enemies":"Jaw Worm","floor":4.0,"turns":3.0},{"damage":10.0,"enemies":"Cultist","floor":6.0,"turns":3.0},{"damage":10.0,"enemies":"Gremlin Nob","floor":9.0,"turns":3.0},{"damage":12.0,"enemies":"3 Louse","floor":10.0,"turns":3.0},{"damage":20.0,"enemies":"Lagavulin","floor":11.0,"turns":8.0},{"damage":10.0,"enemies":"downfall:FleeingMerchant","floor":12.0,"turns":4.0},{"damage":35.0,"enemies":"3 Sentries","floor":14.0,"turns":7.0},{"damage":10.0,"enemies":"Large Slime","floor":15.0,"turns":4.0},{"damage":61.0,"enemies":"DF_ARCHETYPE_STREAMLINE","floor":16.0,"turns":10.0},{"damage":16.0,"enemies":"Chosen","floor":19.0,"turns":4.0},{"damage":10.0,"enemies":"downfall:FleeingMerchant","floor":20.0,"turns":4.0},{"damage":39.0,"enemies":"3 Byrds","floor":21.0,"turns":7.0},{"damage":4.0,"enemies":"Snake Plant","floor":23.0,"turns":4.0},{"damage":5.0,"enemies":"Slavers","floor":25.0,"turns":4.0},{"damage":16.0,"enemies":"Centurion and Healer","floor":26.0,"turns":6.0},{"damage":50.0,"enemies":"Gremlin Leader","floor":27.0,"turns":7.0},{"damage":5.0,"enemies":"Sentry and Sphere","floor":28.0,"turns":3.0},{"damage":0.0,"enemies":"downfall:FleeingMerchant","floor":31.0,"turns":4.0},{"damage":15.0,"enemies":"Cultist and Chosen","floor":32.0,"turns":6.0},{"damage":30.0,"enemies":"WA_ARCHETYPE_CALM","floor":33.0,"turns":11.0},{"damage":15.0,"enemies":"3 Shapes","floor":36.0,"turns":3.0},{"damage":5.0,"enemies":"Orb Walker","floor":37.0,"turns":3.0},{"damage":15.0,"enemies":"Jaw Worm Horde","floor":38.0,"turns":3.0},{"damage":10.0,"enemies":"downfall:FleeingMerchant","floor":39.0,"turns":3.0},{"damage":20.0,"enemies":"Nemesis","floor":43.0,"turns":3.0},{"damage":20.0,"enemies":"Giant Head","floor":45.0,"turns":5.0},{"damage":20.0,"enemies":"Sphere and 2 Shapes","floor":46.0,"turns":4.0},{"damage":48.0,"enemies":"Nemesis","floor":47.0,"turns":7.0},{"damage":9.0,"enemies":"4 Shapes","floor":49.0,"turns":2.0},{"damage":26.0,"enemies":"IC_BLOCK_ARCHETYPE","floor":50.0,"turns":5.0},{"damage":45.0,"enemies":"downfall:CharBossMerchant","floor":52.0,"turns":6.0},{"damage":102,"enemies":"downfall:NeowBoss","floor":55,"turns":12},{"damage":117,"enemies":"downfall:NeowBossFinal","floor":56,"turns":6}],"seed_played":"650367726596106154","potions_obtained":[{"floor":4.0,"key":"Block Potion"},{"floor":11.0,"key":"EntropicBrew"},{"floor":14.0,"key":"champ:CounterPotion"},{"floor":28.0,"key":"EntropicBrew"},{"floor":38.0,"key":"champ:UltimateStancePotion"},{"floor":47.0,"key":"DistilledChaos"}],"is_trial":false,"path_per_floor":["R","M","?","M","?","M","T","R","E","M","E","$","?","E","M","B",null,"R","M","$","M","?","M","T","E","M","E","M","?","R","$","M","B",null,"R","M","M","M","$","?","T","$","E","R","E","M","E","?","M","B",null,"E","$","R","B","B",null],"character_chosen":"THE_CHAMP","items_purchased":["champ:FocusedBerserking","bronze:BronzeIdol"],"campfire_rested":0,"item_purchase_floors":[20,39],"current_hp_per_floor":[90,90,65,65,65,65,65,75,75,73,73,73,73,68,68,57,100,100,94,100,88,88,97,97,100,100,73,77,59,59,63,69,87,100,100,95,99,100,100,100,100,100,100,100,100,100,100,100,96,100,100,100,100,100,100,100],"gold":154,"neow_bonus":"BOSS_RELIC","is_daily":false,"chose_seed":false,"campfire_upgraded":3,"win_rate":0.0,"timestamp":1612017040,"path_taken":["R","M","?","M","?","?","T","R","E","M","E","$","?","E","M","BOSS","R","M","$","M","?","M","T","E","M","E","M","?","R","$","M","BOSS","R","M","M","M","$","?","T","$","E","R","E","?","E","?","M","BOSS","E","$","R","BOSS","BOSS"],"items_purchased_type":["Card","Relic"],"build_version":"2020-12-22","purchased_purges":5,"victory":true,"max_hp_per_floor":[90,90,90,90,90,90,90,100,100,100,100,100,100,100,100,100,100,100,100,100,100,100,100,100,100,100,100,100,100,100,100,100,100,100,100,100,100,100,100,100,100,100,100,100,100,100,100,100,100,100,100,100,100,100,100,100],"card_choices":[{"not_picked":["champ:BerserkersShout","champ:PerfectedStrike"],"picked":"champ:BringItOn","floor":2.0},{"not_picked":["champ:FlashCut","champ:Haymaker"],"picked":"champ:HoldFirm","floor":4.0},{"not_picked":["champ:CrownThrow","champ:Backstep","champ:TornadoPunch"],"picked":"SKIP","floor":6.0},{"not_picked":["champ:AdrenalArmor","champ:DefensiveShout","champ:TornadoPunch"],"picked":"SKIP","floor":9.0},{"not_picked":["champ:EnGarde","champ:BerserkersShout","champ:StanceDance"],"picked":"SKIP","floor":10.0},{"not_picked":["champ:StanceDance","champ:DefensiveShout","champ:BringItOn"],"picked":"SKIP","floor":11.0},{"not_picked":["champ:Devastate","champ:PerfectedStrike","champ:ViciousMockery"],"picked":"SKIP","floor":12.0},{"not_picked":["champ:FocusedDefense","champ:PerfectedStrike","champ:StanceDance"],"picked":"SKIP","floor":14.0},{"not_picked":["champ:CrownThrow","champ:EndlessRage","champ:BerserkerStyle"],"picked":"SKIP","floor":15.0},{"not_picked":["champ:SteelEdge","champ:Devastate"],"picked":"champ:IgnorePain","floor":16.0},{"not_picked":["champ:FanOfKnives","champ:ShieldSigil","champ:FalseCounter"],"picked":"SKIP","floor":19.0},{"not_picked":["champ:AdrenalArmor","champ:Shatter"],"picked":"champ:GladiatorForm","floor":20.0},{"not_picked":["champ:FanOfKnives","champ:CrownThrow"],"picked":"champ:SkillfulDodge","floor":21.0},{"not_picked":["champ:StanceDance","champ:Lariat"],"picked":"champ:FocusedDefense","floor":23.0},{"not_picked":["champ:GladiatorStyle","champ:CrookedStrike+1","champ:Backstep"],"picked":"SKIP","floor":25.0},{"not_picked":["champ:EnGarde","champ:PreciseThrust"],"picked":"champ:RapidStrikes","floor":26.0},{"not_picked":["champ:FaceSlap","champ:Shatter"],"picked":"champ:FancyFootwork","floor":27.0},{"not_picked":["champ:FanOfKnives","champ:PreemptiveStrike","champ:PreciseThrust+1"],"picked":"SKIP","floor":28.0},{"not_picked":["champ:PreciseThrust","champ:ShieldSlam","champ:BringItOn"],"picked":"SKIP","floor":31.0},{"not_picked":["champ:PerfectedStrike","champ:Circumvent+1","champ:Shatter+1"],"picked":"SKIP","floor":32.0},{"not_picked":["champ:BerserkerStyle+1","champ:Endure+1"],"picked":"champ:CalledShot+1","floor":36.0},{"not_picked":["champ:Haymaker","champ:Backstep+1","champ:AdrenalArmor"],"picked":"SKIP","floor":37.0},{"not_picked":["champ:SkillfulDodge","champ:GladiatorStyle","champ:RapidStrikes+1"],"picked":"SKIP","floor":38.0},{"not_picked":["champ:StanceDance+1","champ:AdrenalArmor+1"],"picked":"champ:FocusedBerserking+1","floor":39.0},{"not_picked":["champ:IgnorePain","champ:Endure"],"picked":"champ:FocusedDefense","floor":43.0},{"not_picked":["champ:Shatter","champ:ViciousMockery+1","champ:Haymaker+1"],"picked":"SKIP","floor":45.0},{"not_picked":["champ:FocusedDefense","champ:Shatter","champ:AdrenalArmor"],"picked":"SKIP","floor":46.0},{"not_picked":["champ:DefensiveStyle","champ:Circumvent","champ:PreciseThrust+1"],"picked":"SKIP","floor":47.0},{"not_picked":["champ:IronFortress+1","champ:BringItOn+1","champ:ShieldSigil"],"picked":"SKIP","floor":49.0},{"not_picked":["champ:StanceDance","champ:Encircle","champ:FanOfKnives"],"picked":"SKIP","floor":52.0}],"player_experience":107907,"relics_obtained":[{"floor":9.0,"key":"Incense Burner"},{"floor":11.0,"key":"Girya"},{"floor":14.0,"key":"Bird Faced Urn"},{"floor":24.0,"key":"Sundial"},{"floor":25.0,"key":"Kunai"},{"floor":27.0,"key":"Letter Opener"},{"floor":41.0,"key":"Calipers"},{"floor":43.0,"key":"champ:GladiatorsBookOfMartialProwess"},{"floor":45.0,"key":"Pen Nib"},{"floor":47.0,"key":"War Paint"},{"floor":52.0,"key":"Bronze Scales"}],"event_choices":[],"is_beta":false,"boss_relics":[{"not_picked":["SacredBark","Calling Bell"],"picked":"expansioncontent:StudyCardRelic"},{"not_picked":["SlaversCollar","Tiny House"],"picked":"Astrolabe"}],"items_purged_floors":[12,31,39,42,48],"is_endless":false,"potions_floor_spawned":[4,11,14,15,21,23,28,32,36,38,43,46,47,52],"ascension_level":1}}