{"host":"juoup3p5tvzzktl5","time":1612000110,"event":{"mods":["ATMod(∞¢Ë™Mod)","Aspiration","BaseMod","Better Vampires","BetterRewards","Colored Map","Colored Powertips","Downfall","Friendly Minions","GifTheSpireLib","Hermit","Hubris","Infinite Spire","KinomotoSakuraMod(ƒæ÷Æ±æ”£)","Koishi","KomeijiMod","Marisa£®ÏF”Í°°ƒß¿Ì…≥£©","Minty Spire (QoL Compilation)","Quick Restart","Reimu£®≤©¿ˆ¡È√Œ£©","Relic Filter Mod","Reliquary","Replay The Spire","Shop Mod","StSLib","The Administrix","The Alterego","The Bug Knight","The Construct","The Cursed","The Jungle","The Mystic","The Runesmith","The Senshi","Youmu£®ªÍ∆«—˝√Œ£©","Yuyuko"],"gold_per_floor":[0,20,20,20,120,132,132,147,147,175,191,56,74,92,105,200,200,200,212,212,224,242,242,268,268,288,298,312,329,329,341,358,460,460,460,480,499,515,515,515,515],"floor_reached":39,"language":"ZHS","playtime":3751,"items_purged":["hexamod:Strike"],"score":568,"play_id":"e936d098-d55b-4bdb-bfc1-7c583387058b","local_time":"20210130184830","is_ascension_mode":false,"campfire_choices":[{"data":"hexamod:Float","floor":1.0,"key":"SMITH"},{"data":"hexamod:RetreatToShadows","floor":18,"key":"SMITH"},{"data":"hexamod:UnlimitedPower","floor":25,"key":"SMITH"},{"data":"hexamod:ShieldOfDarkness","floor":35,"key":"SMITH"}],"circlet_count":0,"master_deck":["hexamod:Strike","hexamod:Strike","hexamod:Defend","hexamod:Defend","hexamod:Defend","hexamod:Sear","hexamod:PowerFromBeyond","ReplayTheSpireMod:Book of Names","hexamod:AdvancingGuard","hexamod:FirstSeal","hexamod:ShieldOfDarkness+1","Survivor+1","Deadly Poison","Crippling Poison","Poisoned Stab","hexamod:RetreatToShadows+1","hexamod:ApocalypseNow","hexamod:UnlimitedPower+1","hexamod:EmpoweredFlame+1","hexamod:ApocalypticArmor","Noxious Fumes"],"relics":["AT_ATBox","champ:DuelingGlove","Toy Ornithopter","Replay:Rubber Ducky","m_HexaRing","reliquary:BallBearing","Runesmith:UraniumAnvil","Akabeko","ShirouKen","hubris:Backtick","hubris:DisguiseKit"],"acts_visited":["TheCity","TheBeyond"],"potions_floor_usage":[15,15,16,16,22,29,31,31,33,33],"damage_taken":[{"damage":1.0,"enemies":"2 Louse","floor":2.0,"turns":4.0},{"damage":10.0,"enemies":"downfall:LadyInBlue","floor":5.0,"turns":11.0},{"damage":0.0,"enemies":"Small Slimes","floor":6.0,"turns":3.0},{"damage":0.0,"enemies":"Cultist","floor":8.0,"turns":3.0},{"damage":0.0,"enemies":"Lagavulin","floor":10.0,"turns":7.0},{"damage":12.0,"enemies":"3 Louse","floor":11.0,"turns":4.0},{"damage":0.0,"enemies":"downfall:FleeingMerchant","floor":12.0,"turns":4.0},{"damage":0.0,"enemies":"Exordium Wildlife","floor":13.0,"turns":4.0},{"damage":2,"enemies":"Blue Slaver","floor":14,"turns":4},{"damage":7,"enemies":"Exordium Thugs","floor":15,"turns":4},{"damage":13,"enemies":"WA_ARCHETYPE_RETAIN","floor":16,"turns":8},{"damage":6,"enemies":"Spheric Guardian","floor":19,"turns":4},{"damage":4,"enemies":"Shell Parasite","floor":21,"turns":5},{"damage":22,"enemies":"Centurion and Healer","floor":22,"turns":5},{"damage":16,"enemies":"Sentry and Sphere","floor":26,"turns":6},{"damage":14,"enemies":"3 Cultists","floor":27,"turns":4},{"damage":3,"enemies":"Centurion and Healer","floor":28,"turns":5},{"damage":7,"enemies":"Cultist and Chosen","floor":29,"turns":6},{"damage":29,"enemies":"Shelled Parasite and Fungi","floor":31,"turns":5},{"damage":0,"enemies":"Snecko","floor":32,"turns":4},{"damage":37,"enemies":"SI_MIRROR_ARCHETYPE","floor":33,"turns":11},{"damage":31,"enemies":"3 Darklings","floor":36,"turns":7},{"damage":27,"enemies":"Orb Walker","floor":37,"turns":5},{"damage":14,"enemies":"4 Shapes","floor":38,"turns":3},{"damage":12,"enemies":"Spire Growth","floor":39,"turns":5}],"seed_played":"-8931580666867890192","potions_obtained":[{"floor":5.0,"key":"Fire Potion"},{"floor":5.0,"key":"Explosive Potion"},{"floor":5.0,"key":"Elixir"},{"floor":13.0,"key":"Weak Potion"},{"floor":15,"key":"Languid Potion"},{"floor":16,"key":"AttackPotion"},{"floor":19,"key":"ZuzhouPotion:ReiMu"},{"floor":22,"key":"Weak Potion"},{"floor":28,"key":"Weak Potion"},{"floor":32,"key":"Fire Potion"},{"floor":33,"key":"SteroidPotion"},{"floor":38,"key":"Block Potion"}],"is_trial":false,"path_per_floor":["R","M","?","?","?","M","T","M","?","E","M","$","M","M","M","B",null,"R","M","?","M","M","?","T","R","M","M","M","M","T","M","M","B",null,"R","M","M","M","M"],"character_chosen":"THE_SPIRIT","items_purchased":["Poisoned Stab"],"campfire_rested":0,"item_purchase_floors":[12],"current_hp_per_floor":[70,69,53,53,43,43,43,50,50,57,45,52,52,50,53,57,70,70,70,70,70,55,55,55,55,46,39,43,41,41,22,29,9,70,70,39,19,12,0,0,0],"gold":515,"neow_bonus":"REMOVE_TWO","is_daily":false,"chose_seed":false,"campfire_upgraded":4,"win_rate":0.0,"timestamp":1612000110,"path_taken":["R","M","?","?","?","M","T","?","?","E","M","?","M","?","M","BOSS","R","M","?","?","M","?","T","R","M","?","M","M","?","?","M","BOSS","R","M","M","M","M"],"items_purchased_type":["Card"],"build_version":"2020-12-22","purchased_purges":1,"victory":false,"max_hp_per_floor":[70,70,70,70,70,70,70,70,70,70,70,70,70,70,70,70,70,70,70,70,70,70,70,70,70,70,70,70,70,70,70,70,70,70,70,70,70,70,70,70,70],"card_choices":[{"not_picked":["hexamod:Firestarter","hexamod:HeatMetal"],"picked":"hexamod:PowerFromBeyond","floor":2.0},{"not_picked":["infinitespire:DeathsTouch","infinitespire:Fortify"],"picked":"ReplayTheSpireMod:Book of Names","floor":3.0},{"not_picked":["hexamod:NightmareGuise","hexamod:RainOfEmbers"],"picked":"hexamod:AdvancingGuard","floor":5.0},{"not_picked":["hexamod:SuperheatedStrike","hexamod:Rewind"],"picked":"hexamod:FirstSeal","floor":6.0},{"not_picked":["hexamod:HeatMetal","hexamod:CatchUp"],"picked":"hexamod:ShieldOfDarkness","floor":8.0},{"not_picked":["hexamod:BurningTouch","hexamod:AdvancingGuard"],"picked":"Deadly Poison","floor":10.0},{"not_picked":["Bouncing Flask","hexamod:NightmareGuise"],"picked":"Crippling Poison","floor":11.0},{"not_picked":["hexamod:HeatMetal","hexamod:FourthSeal","hexamod:GhostflameBarrier"],"picked":"SKIP","floor":12.0},{"not_picked":["hexamod:RecurringNightmare","hexamod:SpectersWail"],"picked":"hexamod:RetreatToShadows","floor":13.0},{"not_picked":["hexamod:CatchUp","hexamod:ChargedBarrage","hexamod:SpectersWail"],"picked":"SKIP","floor":14},{"not_picked":["hexamod:SoulSteal","hexamod:HauntingEcho"],"picked":"hexamod:ApocalypseNow","floor":15},{"not_picked":["hexamod:SixthSeal","hexamod:VolcanoVisage"],"picked":"hexamod:UnlimitedPower","floor":16},{"not_picked":["hexamod:HauntingEcho+1","hexamod:FlamesFromBeyond","hexamod:ThirdSeal"],"picked":"SKIP","floor":19},{"not_picked":["hexamod:InspiringFlames+1","hexamod:NightmareStrike","hexamod:CatchUp"],"picked":"SKIP","floor":21},{"not_picked":["hexamod:SoulSteal","hexamod:BacktrackSmack+1","hexamod:InspiringFlames+1"],"picked":"SKIP","floor":22},{"not_picked":["hexamod:Firestarter","hexamod:SuperheatedStrike","hexamod:SkipABeat"],"picked":"SKIP","floor":26},{"not_picked":["hexamod:PhantomFireball","hexamod:Rewind","hexamod:HeatMetal"],"picked":"SKIP","floor":27},{"not_picked":["hexamod:RecurringNightmare","hexamod:ShieldOfDarkness","hexamod:UnleashSpirits"],"picked":"SKIP","floor":28},{"not_picked":["hexamod:FastForward","hexamod:ThermalTransfer","hexamod:ThirdSeal"],"picked":"SKIP","floor":29},{"not_picked":["hexamod:Hexaguard","hexamod:InspiringFlames"],"picked":"hexamod:EmpoweredFlame+1","floor":31},{"not_picked":["hexamod:Hexaguard+1","hexamod:NightmareGuise","hexamod:ShieldOfDarkness"],"picked":"SKIP","floor":32},{"not_picked":["hexamod:FlameSwitch","hexamod:UnleashSpirits"],"picked":"hexamod:ApocalypticArmor","floor":33},{"not_picked":["hexamod:HeatMetal+1","hexamod:NightmareGuise+1","hexamod:SpectralSpark","PiercingWail"],"picked":"SKIP","floor":36},{"not_picked":["hexamod:NightmareGuise","hexamod:SecondSeal","hexamod:Firestarter+1","Deflect"],"picked":"SKIP","floor":37},{"not_picked":["hexamod:SoulSteal+1","hexamod:NightmareGuise","hexamod:SpectersWail+1"],"picked":"Noxious Fumes","floor":38}],"player_experience":1141132,"relics_obtained":[{"floor":4.0,"key":"champ:DuelingGlove"},{"floor":5.0,"key":"Toy Ornithopter"},{"floor":7.0,"key":"Replay:Rubber Ducky"},{"floor":10.0,"key":"reliquary:BallBearing"},{"floor":24,"key":"Akabeko"},{"floor":30,"key":"ShirouKen"}],"event_choices":[{"damage_healed":0,"gold_gain":0,"player_choice":"Ignored","damage_taken":0,"max_hp_gain":0,"max_hp_loss":0,"event_name":"NoteForYourself","floor":20,"gold_loss":0}],"is_beta":false,"boss_relics":[{"not_picked":["sneckomod:SneckoTalon","Philosopher\u0027s Stone"],"picked":"Runesmith:UraniumAnvil"},{"not_picked":["aspiration:RandomNobGenerator","construct:WeddingRing"],"picked":"hubris:Backtick"}],"items_purged_floors":[12],"is_endless":false,"potions_floor_spawned":[8,13,14,15,16,19,22,28,32,33,38],"killed_by":"Spire Growth","ascension_level":0}}