{"host":"aceejw9th3i5ney6","time":1612038214,"event":{"mods":["2.2 Compatiblity","A Penny For Your Troubles","Abigail Mod","AchievementEnabler","Act Like it!","Alarm Clock","AlwaysNeverKeys","Ascension Unlocker","Aspiration","BaseMod","Better Synergies","Better Third Choice","Better-Laid Plans","BetterRewards","Block Reminder","Card Forge","Chen","Colored Map","Colored Powertips","Conspire","Curses Come First","Defuse TimeMaze Blight","Downfall","Emptier Cage","Energized Spire","Evolution","Exacting","Friendly Minions","Gensokyo","Gold Saver","Gremlin Mod","HololiveMod","Hubris","Koishi","Luminous","Minty Spire (QoL Compilation)","Onozuka Komachi Mod","Permanent Neow","Practice Mode","Railgun Mod","Random Character Button","Reimu??????","Relic Filter","Relic Sorter","Relic Stats","Remilia_Scarlet Moed?????·?????3.3.5","Reorder Act Four","SIMod","Shop Mod","StSLib","Trackpad","Unceasing Turn Reminder","Yuyuko","slay the spire mod where everything is the same but ironclad has a cowboy hat","??????REMEMod"],"gold_per_floor":[476,492,506,205,247,263,263,263,9,9,25,58,58,58,91,187,187,187,200,211,254,254,254,254,179,198,216,216,16,16,16,31,127,127,127,154,154,296,296,296,364,391,408,433,497,529,529,559,583,597],"floor_reached":51,"language":"ENG","playtime":3970,"items_purged":[],"score":1486,"play_id":"3eb375a2-ef11-4556-aa8d-e02ca77af8ab","local_time":"20210130152334","is_ascension_mode":false,"campfire_choices":[{"data":"Hololive_CallHoshimachiSuisei","floor":1,"key":"SMITH"},{"data":"Hololive_Recruit","floor":8,"key":"SMITH"},{"data":"Hololive_CallNekomataOkayu","floor":13,"key":"SMITH"},{"data":"Hololive_CallShiroganeNoel","floor":18,"key":"SMITH"},{"data":"Hololive_DevilCharm","floor":23,"key":"SMITH"},{"data":"Hololive_WolfAndLamb","floor":30,"key":"SMITH"},{"data":"Hololive_Recruit","floor":35,"key":"SMITH"}],"circlet_count":0,"master_deck":["Hololive_Strike","Hololive_Defend","Hololive_SoulCatcher","Hololive_CallAkaiHaato","Hololive_CallFriendA","Hololive_CallTokinoSora","Hololive_CallInugamiKorone","Gensokyo:MorningMist","Hololive_CallAZKi","Hololive_CallShiroganeNoel+1","Hololive_CallUruhaRushia","hubris:DuctTapeCard","Hololive_FlyingPonyTail","Hololive_CallNekomataOkayu+1","Hololive_CandyCastle","Hololive_Rebirth","Hololive_DevilCharm+1","Hololive_OvertimeWork","Hololive_LuckPotion","Hololive_ILoveYou+1","Hololive_CallHoshimachiSuisei","Hololive_WolfAndLamb+1","Hololive_CallNekomataOkayu","Hololive_FlyingPonyTail","Hololive_Recruit+1","Hololive_CallNatsuiroMatsuri","Hololive_OvertimeWork","Hololive_DevilCharm","Hololive_DevilCharm","Hololive_CallSpadeEcho","Hololive_HighAtkLowDef","Hololive_Teleport+1","Hololive_DDD","Hololive_CallUsadaPekora","Hololive_CallOmaruPolka+1"],"relics":["Hololive_TheStar","REME_ComplimentaryCards","Hammer of Thor","Seething Fire","Anvil of the Gods","EVO:Axolotl","Toolbox","Bottled Tornado","hubris:DuctTape","Gensokyo:Mercy","conspire:InfiniteJournal","Meat on the Bone","Gensokyo:Companionship","aspiration:SecretTechniqueScroll","Gensokyo:ChorusOfJoy","trackpad:ByrdBGone","Smiling Mask","Strange Spoon","hubris:Towel","hubris:Spice","conspire:SpecialSausage","trackpad:WritersBlock","Blue Candle","trackpad:DisasterInABottle","Boot","Turnip"],"acts_visited":["Exordium","Gensokyo:Gensokyo","Gensokyo:Gensokyoer"],"potions_floor_usage":[27,29,29,33,45,49],"damage_taken":[{"damage":0,"enemies":"Gensokyo:3_Fairies","floor":2,"turns":3},{"damage":0,"enemies":"Gensokyo:Gryphon","floor":3,"turns":3},{"damage":0,"enemies":"Gensokyo:2_Kodama","floor":5,"turns":2},{"damage":0,"enemies":"Gensokyo:LivingMonolith","floor":6,"turns":3},{"damage":0,"enemies":"downfall:FleeingMerchant","floor":9,"turns":4},{"damage":0,"enemies":"Gensokyo:Python_and_Kodama","floor":11,"turns":3},{"damage":0,"enemies":"Gensokyo:Mamizou","floor":12,"turns":5},{"damage":0,"enemies":"Gensokyo:Gryphon_and_Rabbit","floor":15,"turns":3},{"damage":0,"enemies":"WA_ARCHETYPE_RETAIN","floor":16,"turns":5},{"damage":0,"enemies":"Gensokyo:Chomper","floor":19,"turns":3},{"damage":0,"enemies":"Gensokyo:CosmicMonolith","floor":20,"turns":3},{"damage":0,"enemies":"Gensokyo:Slime_Group","floor":21,"turns":4},{"damage":0,"enemies":"Gensokyo:Chomper_and_Gloop","floor":26,"turns":4},{"damage":0,"enemies":"Gensokyo:Mirror_and_Dog","floor":27,"turns":4},{"damage":0,"enemies":"downfall:FleeingMerchant","floor":29,"turns":4},{"damage":0,"enemies":"Gensokyo:Wraith","floor":32,"turns":3},{"damage":16,"enemies":"DF_ARCHETYPE_CLAW","floor":33,"turns":8},{"damage":0,"enemies":"Gensokyo:3_Boulders","floor":36,"turns":6},{"damage":0,"enemies":"downfall:FleeingMerchant","floor":38,"turns":2},{"damage":0,"enemies":"Gensokyo:Kasen","floor":42,"turns":8},{"damage":0,"enemies":"Gensokyo:AncientGuardian","floor":43,"turns":4},{"damage":0,"enemies":"Gensokyo:Dusk_and_Dawn","floor":44,"turns":5},{"damage":0,"enemies":"Gensokyo:Marisa","floor":45,"turns":4},{"damage":0,"enemies":"Gensokyo:4_Bats","floor":46,"turns":4},{"damage":0,"enemies":"Gensokyo:Rafflesia","floor":48,"turns":5},{"damage":0,"enemies":"Gensokyo:Sharpion","floor":49,"turns":6},{"damage":0,"enemies":"SI_POISON_ARCHETYPE","floor":50,"turns":7}],"seed_played":"-6934145977153794342","potions_obtained":[{"floor":2,"key":"AttackPotion"},{"floor":2,"key":"sneckomod:MuddlingPotion"},{"floor":6,"key":"champ:CounterPotion"},{"floor":27,"key":"Explosive Potion"},{"floor":32,"key":"SpeedPotion"},{"floor":36,"key":"REME_GoldPotion"},{"floor":43,"key":"FearPotion"},{"floor":46,"key":"Weak Potion"},{"floor":48,"key":"ZuzhouPotion:ReiMu"}],"is_trial":false,"path_per_floor":["R","M","M","COS","M","M","T","R","$","?","M","E","R","?","M","B",null,"R","M","M","M","?","R","T","COS","M","M","?","$","R","?","M","B",null,"R","M","?","$","?","?","T","E","M","M","E","M","?","M","M","B",null],"character_chosen":"Hololive_HololiveCharacter","items_purchased":["hubris:DuctTape","Strange Spoon","Hololive_CallNekomataOkayu","trackpad:WritersBlock","Hololive_DevilCharm"],"campfire_rested":0,"item_purchase_floors":[9,29,29,38,38],"current_hp_per_floor":[35,35,35,35,35,35,35,35,35,35,35,35,35,35,35,35,35,35,35,35,35,35,35,35,35,35,35,33,33,33,33,33,25,41,41,41,41,41,36,40,40,40,40,40,40,41,41,41,41,41],"gold":597,"neow_bonus":"HUNDRED_GOLD","is_daily":false,"chose_seed":false,"campfire_upgraded":7,"win_rate":0.0,"timestamp":1612038214,"path_taken":["R","M","M","COS","M","M","T","R","$","?","M","E","R","?","M","BOSS","R","M","M","M","?","R","T","COS","M","M","?","?","R","?","M","BOSS","R","M","?","$","?","?","T","E","M","?","E","?","?","?","M","BOSS"],"items_purchased_type":["Relic","Relic","Card","Relic","Card"],"build_version":"2020-12-22","purchased_purges":0,"victory":true,"max_hp_per_floor":[35,35,35,35,35,35,35,35,35,35,35,35,35,35,35,35,35,35,35,35,35,35,35,35,35,35,35,33,33,33,33,33,41,41,41,41,41,41,41,41,41,41,41,41,41,41,41,41,41,41],"relic_stats":{"Strange Spoon":[46],"counters":[27,114],"Blue Candle":[0],"Turnip":[8],"Smiling Mask":0,"Boot":[168],"obtain_stats":[{"Gensokyo:ChorusOfJoy":22,"conspire:SpecialSausage":34,"Hammer of Thor":0,"trackpad:ByrdBGone":24,"EVO:Axolotl":0,"Bottled Tornado":7,"Smiling Mask":28,"trackpad:DisasterInABottle":41,"Boot":42,"conspire:InfiniteJournal":12,"Gensokyo:Companionship":16,"Toolbox":4,"trackpad:WritersBlock":38,"hubris:DuctTape":9,"Blue Candle":39,"Seething Fire":0,"aspiration:SecretTechniqueScroll":17,"hubris:Towel":31,"Strange Spoon":29,"Gensokyo:Mercy":10,"Anvil of the Gods":0,"hubris:Spice":33,"Hololive_TheStar":0,"Turnip":45,"REME_ComplimentaryCards":0,"Meat on the Bone":12},{"Gensokyo:ChorusOfJoy":12,"conspire:SpecialSausage":17,"Hammer of Thor":0,"trackpad:ByrdBGone":12,"EVO:Axolotl":0,"Bottled Tornado":4,"Smiling Mask":14,"trackpad:DisasterInABottle":19,"Boot":20,"conspire:InfiniteJournal":7,"Gensokyo:Companionship":9,"Toolbox":2,"trackpad:WritersBlock":19,"hubris:DuctTape":5,"Blue Candle":19,"Seething Fire":0,"aspiration:SecretTechniqueScroll":9,"hubris:Towel":15,"Strange Spoon":15,"Gensokyo:Mercy":5,"Anvil of the Gods":0,"hubris:Spice":17,"Hololive_TheStar":0,"Turnip":23,"REME_ComplimentaryCards":0,"Meat on the Bone":7},{"Gensokyo:ChorusOfJoy":41,"conspire:SpecialSausage":64,"Hammer of Thor":0,"trackpad:ByrdBGone":41,"EVO:Axolotl":0,"Bottled Tornado":11,"Smiling Mask":49,"trackpad:DisasterInABottle":71,"Boot":79,"conspire:InfiniteJournal":19,"Gensokyo:Companionship":27,"Toolbox":6,"trackpad:WritersBlock":71,"hubris:DuctTape":15,"Blue Candle":71,"Seething Fire":0,"aspiration:SecretTechniqueScroll":31,"hubris:Towel":53,"Strange Spoon":53,"Gensokyo:Mercy":15,"Anvil of the Gods":0,"hubris:Spice":62,"Hololive_TheStar":0,"Turnip":92,"REME_ComplimentaryCards":0,"Meat on the Bone":23}],"Meat on the Bone":0},"card_choices":[{"not_picked":["Hololive_CallShishiroBotan","Hololive_StrengthChampion","Hololive_RevenueBasedLive"],"picked":"Hololive_CallAZKi","floor":2},{"not_picked":["Hololive_CallNakiriAyame","Hololive_Drill","Hololive_Trident"],"picked":"Hololive_CallShiroganeNoel","floor":3},{"not_picked":["Hololive_Trident","Hololive_CallSakuraMiko","Hololive_CallAkaiHaato"],"picked":"Hololive_CallUruhaRushia","floor":5},{"not_picked":["Hololive_Sequa","Hololive_Breathe","Hololive_CallMinatoAqua"],"picked":"Hololive_Recruit","floor":6},{"not_picked":["Hololive_Rebound","Hololive_Trident","Hololive_StrengthChampion"],"picked":"Hololive_OvertimeWork","floor":9},{"not_picked":["Hololive_OvertimeWork","Hololive_Psychosis","Hololive_CallMinatoAqua"],"picked":"Hololive_FlyingPonyTail","floor":11},{"not_picked":["Hololive_CocoNews","Hololive_Watashimo","Hololive_CallMomosuzuNene"],"picked":"Hololive_CallNekomataOkayu","floor":12},{"not_picked":["Hololive_StrengthChampion","Hololive_RevenueBasedLive","Hololive_CallNakiriAyame"],"picked":"Hololive_CandyCastle","floor":15},{"not_picked":["Hololive_FlareMind","Hololive_BeCareful","Hololive_OpenUp"],"picked":"Hololive_Rebirth","floor":16},{"not_picked":["Hololive_StrengthChampion","Hololive_Trident","Hololive_HuntDinosaur"],"picked":"Hololive_DevilCharm","floor":19},{"not_picked":["Hololive_Rebound+1","Hololive_CallTokinoSora","Hololive_CallHoushouMarine"],"picked":"Hololive_OvertimeWork","floor":20},{"not_picked":["Hololive_CallShishiroBotan","Hololive_CallYozoraMel","Hololive_Sequa"],"picked":"Hololive_LuckPotion","floor":21},{"not_picked":["Hololive_Breathe","Hololive_LuckPotion","Hololive_OvertimeWork+1"],"picked":"Hololive_ILoveYou+1","floor":26},{"not_picked":["Hololive_Psychosis","Hololive_LuckPotion","Hololive_RevenueBasedLive"],"picked":"Hololive_CallHoshimachiSuisei","floor":27},{"not_picked":["Hololive_StrengthChampion","Hololive_CallMinatoAqua","Hololive_Rebound+1"],"picked":"Hololive_WolfAndLamb","floor":29},{"not_picked":["Hololive_HuntDinosaur","Hololive_RevenueBasedLive","Hololive_CallHimemoriLuna"],"picked":"Hololive_FlyingPonyTail","floor":32},{"not_picked":["Hololive_BeCareful","Hololive_HighAtkLowDef","Hololive_AWSL"],"picked":"Hololive_Recruit","floor":33},{"not_picked":["Hololive_Drill","Hololive_CallHimemoriLuna","Hololive_Trident"],"picked":"Hololive_CallNatsuiroMatsuri","floor":36},{"not_picked":["Hololive_Rebound","Hololive_Teleport","Hololive_RevenueBasedLive+1"],"picked":"Hololive_OvertimeWork","floor":38},{"not_picked":["Hololive_CallAkaiHaato","Hololive_CallFriendA+1","Hololive_Drill+1"],"picked":"Hololive_DevilCharm","floor":42},{"not_picked":["Hololive_CallNekomataOkayu","Hololive_BringToTrial","Hololive_StrengthChampion+1"],"picked":"Hololive_CallSpadeEcho","floor":43},{"not_picked":["Hololive_CallHoshimachiSuisei","Hololive_Psychosis","Hololive_StrengthChampion"],"picked":"Hololive_HighAtkLowDef","floor":44},{"not_picked":["Hololive_LuckPotion+1","Hololive_Breathe","Hololive_ILoveYou+1","Hololive_RevenueBasedLive"],"picked":"SKIP","floor":45},{"not_picked":["Hololive_StrengthChampion","Hololive_Rebound","Hololive_CallAyundaRisu+1"],"picked":"Hololive_Teleport+1","floor":46},{"not_picked":["Hololive_FlyingPonyTail+1","Hololive_Drill+1","Hololive_Rebound+1"],"picked":"Hololive_CallUsadaPekora","floor":48},{"not_picked":["Hololive_CallUruhaRushia+1","Hololive_CallAiraniIofifteen+1","Hololive_Trident+1"],"picked":"Hololive_CallOmaruPolka+1","floor":49}],"player_experience":248862,"relics_obtained":[{"floor":7,"key":"Bottled Tornado"},{"floor":12,"key":"Meat on the Bone"},{"floor":24,"key":"trackpad:ByrdBGone"},{"floor":41,"key":"trackpad:DisasterInABottle"},{"floor":42,"key":"Boot"},{"floor":45,"key":"Turnip"}],"event_choices":[],"is_beta":false,"boss_relics":[{"not_picked":["trackpad:StolenKidneys","REME_ChargedStone"],"picked":"aspiration:SecretTechniqueScroll"},{"not_picked":["Fusion Hammer","hubris:Spice"],"picked":"conspire:SpecialSausage"}],"items_purged_floors":[],"is_endless":false,"potions_floor_spawned":[2,6,12,16,26,27,32,36,43,44,46,48],"ascension_level":0}}