{"host":"g1wmg2w41xhsnw8g","time":1612046514,"event":{"mods":["2.2 Compatiblity","Act Like it!","Aspiration","BaseMod","Better Altar","Better Match","Better Note","Better Sensory Stone","Better Skull","Better Third Choice","BetterRewards","Booster Modes","CapriCore","Clawfect","Colored Map","Colored Powertips","Defuse TimeMaze Blight","Displayed Cursed Tome","Evolution","Fox Events","Friendly Minions","GifTheSpireLib","Good Game Mod","Googly Eyes","Hubris","Infinite Spire","Jedi Mod","Minty Spire (QoL Compilation)","Monster B Gone","Red Circlet Mod","Relic Filter Mod","Relic Sorter","Reliquary","SCP261 Mod","Shop Mod","Smile Girya","Spicy Shops","Spikes Relics","StSLib","The Blackbeard","The Runesmith","The Sage","Trackpad","Transform Curses","Wandering Minibosses","Weighted Paths","????"],"gold_per_floor":[115,115,126,126,126,126,141,176,223,240,13,39,55,65,65,162,162,172,172,172,76,26,62,84,123,123,151,151,9,9,51,51,155,155,178,196,296,296,377,377,421,54,54,77,105,105,105,144,42,42],"floor_reached":51,"language":"ENG","playtime":2713,"items_purged":[],"score":1298,"play_id":"3976e3d5-0ce9-416f-809a-ef879d4ef18e","local_time":"20210130174154","is_ascension_mode":true,"campfire_choices":[{"data":"sagemod:How_To_Feed_Apes","floor":6,"key":"SMITH"},{"data":"Chill","floor":15,"key":"SMITH"},{"floor":30,"key":"RECALL"},{"data":"Rainbow","floor":32,"key":"SMITH"},{"data":"DiskWipe","floor":40,"key":"SMITH"}],"circlet_count":0,"master_deck":["jedi:collectorvenom+1","Gash","Gash","Gash+1","Gash","Gash","Leap+1","Conserve Battery+1","jedi:blockon","jedi:BurstFrost","Clawfect:Clawter+1","Clawfect:ClawLightning","sagemod:How_To_Feed_Apes+1","Clawfect:ClawSnap","DiskWipe+1","Defragment","Clawfect:Clawline","Chill+1","Rainbow+1","blackbeard:CaptainsHat","Darkness","Clawfect:ClawCell+1","Clawfect:Clawrage+1","Double Energy+1","hubris:PowerSurge","Clawfect:ClawAndGloom+1","Static Discharge"],"relics":["REME:ComplimentaryCards","MerchantsRug","infinitespire:EmpoweringShard","Eternal Feather","Vajra","CultistMask","HandDrill","trackpad:CultistFigurine","trackpad:SappingStone","Darkstone Periapt","aspiration:SneckoTail","Blood Vial","Membership Card","trackpad:AdjectivePendant","CeramicFish","DataDisk","Sling","Juzu Bracelet","AncientExoskeleton","wanderingMiniBosses:ThiefScarf","EVO:Axolotl","infinitespire:Lychee Nut","MealTicket","jedi:Pinwheel","jedi:fakemustache","reliquary:RoseTintedGlasses","reliquary:Aerogel","jedi:superconductor","reliquary:Knoch"],"acts_visited":["Exordium","TheCity","TheBeyond"],"potions_floor_usage":[7,8,12,14,16,16,25,25,27,33,33,35,35,41,41,44,48],"damage_taken":[{"damage":4,"enemies":"Small Slimes","floor":1,"turns":2},{"damage":0,"enemies":"Cultist","floor":3,"turns":2},{"damage":0,"enemies":"2 Louse","floor":7,"turns":3},{"damage":14,"enemies":"Gremlin Nob","floor":8,"turns":3},{"damage":0,"enemies":"Looter","floor":10,"turns":1},{"damage":8,"enemies":"3 Sentries","floor":12,"turns":4},{"damage":0,"enemies":"Red Slaver","floor":13,"turns":1},{"damage":5,"enemies":"Exordium Thugs","floor":14,"turns":3},{"damage":10,"enemies":"Slime Boss","floor":16,"turns":4},{"damage":0,"enemies":"Chosen","floor":18,"turns":3},{"damage":14,"enemies":"Book of Stabbing","floor":23,"turns":5},{"damage":2,"enemies":"Shell Parasite","floor":24,"turns":2},{"damage":17,"enemies":"Slavers","floor":25,"turns":4},{"damage":12,"enemies":"Snake Plant","floor":27,"turns":3},{"damage":22,"enemies":"Gremlin Leader","floor":31,"turns":3},{"damage":80,"enemies":"Collector","floor":33,"turns":6},{"damage":0,"enemies":"Orb Walker","floor":35,"turns":7},{"damage":0,"enemies":"3 Darklings","floor":39,"turns":4},{"damage":0,"enemies":"Nemesis","floor":41,"turns":5},{"damage":0,"enemies":"Jaw Worm Horde","floor":44,"turns":4},{"damage":0,"enemies":"Transient","floor":45,"turns":5},{"damage":0,"enemies":"Giant Head","floor":48,"turns":5},{"damage":0,"enemies":"Donu and Deca","floor":50,"turns":6}],"seed_played":"6285710945408067581","potions_obtained":[{"floor":7,"key":"LiquidBronze"},{"floor":10,"key":"SCP261:ThunderBarPotion"},{"floor":12,"key":"jedi:tentaclejuice"},{"floor":14,"key":"FocusPotion"},{"floor":23,"key":"SCP261:ThunderBarPotion"},{"floor":31,"key":"Fire Potion"},{"floor":33,"key":"Block Potion"},{"floor":35,"key":"SkillPotion"},{"floor":45,"key":"Explosive Potion"}],"is_trial":false,"path_per_floor":["M","?","M","?","?","R","M","E","T","M","$","E","M","M","R","B",null,"M","?","?","$","?","E","M","E","T","M","?","$","R","E","R","B",null,"M","?","?","?","M","R","E","R","T","M","M","?","?","E","R","B",null],"character_chosen":"DEFECT","items_purchased":["MerchantsRug","infinitespire:EmpoweringShard","HandDrill","Defragment","Membership Card","trackpad:AdjectivePendant","Whetstone","Sling","MealTicket","jedi:Pinwheel","jedi:fakemustache","reliquary:RoseTintedGlasses","hubris:PowerSurge","jedi:superconductor","reliquary:Knoch","Static Discharge"],"campfire_rested":0,"item_purchase_floors":[0,0,11,11,21,21,29,29,42,42,42,42,42,49,49,49],"current_hp_per_floor":[84,84,84,81,81,87,92,78,78,78,78,70,70,65,74,78,93,93,93,93,93,93,79,79,64,64,72,72,72,84,64,76,3,98,103,103,103,113,113,113,84,84,84,89,89,119,119,119,119,119],"gold":42,"neow_bonus":"","is_daily":false,"chose_seed":false,"campfire_upgraded":4,"win_rate":0.0,"timestamp":1612046514,"path_taken":["M","?","?","?","?","R","?","E","T","M","?","E","M","M","R","BOSS","M","?","?","$","?","E","M","E","T","?","?","?","R","E","R","BOSS","M","?","?","?","M","R","E","R","T","M","M","?","?","E","R","BOSS"],"items_purchased_type":["Relic","Relic","Relic","Card","Relic","Relic","Relic","Relic","Relic","Relic","Relic","Relic","Card","Relic","Relic","Card"],"build_version":"2020-12-22","purchased_purges":0,"victory":true,"max_hp_per_floor":[88,88,88,88,88,88,93,93,93,93,93,93,93,93,93,93,93,93,93,93,93,93,93,93,93,93,93,93,93,93,93,93,98,98,103,103,103,113,113,113,84,84,84,89,89,119,119,119,119,119],"card_choices":[{"not_picked":["jedi:blockon","Clawfect:Clawline"],"picked":"Clawfect:ClawLightning","floor":1},{"not_picked":["jedi:collectorvenom+1","Steam"],"picked":"Clawfect:ClawSnap","floor":3},{"not_picked":["Heatsinks","Redo"],"picked":"jedi:collectorvenom+1","floor":7},{"not_picked":["Coolheaded","jedi:BurstFrost"],"picked":"jedi:collectorvenom+1","floor":8},{"not_picked":["jedi:collectorvenom+1","Clawfect:Clawline"],"picked":"DiskWipe","floor":10},{"not_picked":["Reboot","jedi:BurstFrost"],"picked":"jedi:collectorvenom+1","floor":12},{"not_picked":["jedi:collectorvenom+1","Defragment"],"picked":"Clawfect:Clawline","floor":13},{"not_picked":["jedi:collectorvenom+1","Skim"],"picked":"Chill","floor":14},{"not_picked":["Reboot","jedi:collectorvenom+1"],"picked":"Rainbow","floor":16},{"not_picked":["DiskWipe","Clawfect:ClawForTheEyes"],"picked":"jedi:collectorvenom+1","floor":18},{"not_picked":["Gash","hubris:PowerSurge"],"picked":"jedi:collectorvenom+1","floor":23},{"not_picked":["jedi:collectorvenom+1","Capacitor"],"picked":"Darkness","floor":24},{"not_picked":["Clawfect:ClawpileDriver","Clawfect:ScrapingClaw"],"picked":"jedi:collectorvenom+1","floor":25},{"not_picked":["Recycle","Rebound"],"picked":"jedi:collectorvenom+1","floor":27},{"not_picked":["Coolheaded","Clawfect:ClawpileDriver"],"picked":"Clawfect:ClawCell+1","floor":31},{"not_picked":["Reboot","hubris:Prefetch"],"picked":"hubris:DoWhile","floor":33},{"not_picked":["Leap","Turbo"],"picked":"jedi:collectorvenom+1","floor":35},{"not_picked":["Clawfect:Clawline+1","jedi:BurstFrost+1"],"picked":"Clawfect:Clawrage+1","floor":36},{"not_picked":["Force Field+1","Defragment+1"],"picked":"Double Energy+1","floor":36},{"not_picked":["Redo+1","Lockon+1"],"picked":"jedi:collectorvenom+1","floor":39},{"not_picked":["hubris:PowerSurge+1","Rainbow"],"picked":"jedi:collectorvenom+1","floor":41},{"not_picked":["Coolheaded+1","jedi:collectorvenom+1"],"picked":"Clawfect:ClawAndGloom+1","floor":44},{"not_picked":["Clawfect:Clawrage+1","Skim+1"],"picked":"jedi:collectorvenom+1","floor":45},{"not_picked":["jedi:overflow+1","Clawfect:Clawter+1"],"picked":"jedi:collectorvenom+1","floor":48}],"player_experience":1094023,"relics_obtained":[{"floor":8,"key":"Peace Pipe"},{"floor":9,"key":"Omamori"},{"floor":12,"key":"trackpad:CultistFigurine"},{"floor":17,"key":"trackpad:SappingStone"},{"floor":17,"key":"Darkstone Periapt"},{"floor":17,"key":"aspiration:SneckoTail"},{"floor":20,"key":"Blood Vial"},{"floor":23,"key":"CeramicFish"},{"floor":25,"key":"War Paint"},{"floor":26,"key":"DataDisk"},{"floor":31,"key":"Juzu Bracelet"},{"floor":35,"key":"wanderingMiniBosses:ThiefScarf"},{"floor":35,"key":"EVO:Axolotl"},{"floor":41,"key":"infinitespire:Lychee Nut"},{"floor":48,"key":"reliquary:Aerogel"}],"event_choices":[{"cards_removed":["Leap"],"damage_healed":0,"gold_gain":0,"player_choice":"Purged","damage_taken":0,"max_hp_gain":0,"max_hp_loss":0,"event_name":"Purifier","floor":2,"gold_loss":0},{"damage_healed":0,"gold_gain":0,"player_choice":"Relic ","damage_taken":3,"max_hp_gain":0,"max_hp_loss":0,"event_name":"betterThird:BetterScrap","floor":4,"gold_loss":0,"cards_obtained":["Blood for Blood"]},{"damage_healed":0,"gold_gain":0,"player_choice":"Trade","damage_taken":0,"relics_obtained":["CultistMask"],"max_hp_gain":0,"max_hp_loss":0,"event_name":"FaceTrader","floor":5,"gold_loss":0},{"cards_removed":["sagemod:How_To_Feed_Apes"],"damage_healed":0,"gold_gain":0,"player_choice":"Take \u0026 Give","damage_taken":0,"max_hp_gain":0,"max_hp_loss":0,"event_name":"betterNote:BetterNote","floor":19,"gold_loss":0,"cards_obtained":["blackbeard:CaptainsHat"]},{"damage_healed":0,"gold_gain":0,"player_choice":"Bet on Murderer","damage_taken":0,"max_hp_gain":0,"max_hp_loss":0,"event_name":"The Joust","floor":22,"gold_loss":50},{"damage_healed":0,"gold_gain":0,"player_choice":"Ignored","damage_taken":0,"max_hp_gain":0,"max_hp_loss":0,"event_name":"Vampires","floor":28,"gold_loss":0},{"damage_healed":0,"gold_gain":0,"player_choice":"2","damage_taken":0,"max_hp_gain":0,"max_hp_loss":0,"event_name":"betterMatch:BetterMatch","floor":36,"gold_loss":0,"cards_obtained":["betterMatch:CommonCard","betterMatch:UncommonCard"]},{"damage_healed":0,"gold_gain":100,"player_choice":"Pray","damage_taken":0,"max_hp_gain":0,"max_hp_loss":0,"event_name":"Golden Shrine","floor":37,"gold_loss":0},{"cards_removed":["hubris:DoWhile"],"damage_healed":0,"gold_gain":0,"player_choice":"Offered Rare","damage_taken":0,"max_hp_gain":10,"max_hp_loss":0,"event_name":"Bonfire Elementals","floor":38,"gold_loss":0}],"is_beta":false,"boss_relics":[{"not_picked":["Coffee Dripper","jedi:paperlyon"],"picked":"Calling Bell"},{"not_picked":["Empty Cage","Snecko Eye"],"picked":"AncientExoskeleton"}],"items_purged_floors":[],"is_endless":false,"potions_floor_spawned":[7,10,12,14,23,31,33,35,45],"ascension_level":1}}