{"host":"udyc8f81k2jocuhg","time":1612033855,"event":{"mods":["2.2 Compatiblity","BaseMod","Better Third Choice","Colored Powertips","Conspire","Custom Start","GifTheSpireLib","Hermit","Minty Spire (QoL Compilation)","Permanent Neow","Quick Restart","Relic Filter","Relic Stats","Replay The Spire","Shop Mod","Spikes Relics","StSLib","Stuff the Spire"],"gold_per_floor":[112,130,147,163,182,209,209,237,262,272,272,301,301,301,301,377,377,395,413,430,450,461,492,492,517,541,567,567,580,600,618,618,692,692,703,714,728,744,764,764,794,794,871,903,918,918,938,694,694,694,694,694,694,84,111,111],"floor_reached":57,"language":"ENG","playtime":2890,"items_purged":["Pain","Parasite"],"score":2929,"play_id":"ce235e09-e57b-4170-b9c7-c7b0d4b6d1a3","local_time":"20210130201055","is_ascension_mode":true,"campfire_choices":[{"data":"Glacier","floor":7.0,"key":"SMITH"},{"data":"Consume","floor":11.0,"key":"SMITH"},{"data":"Zap","floor":13.0,"key":"SMITH"},{"data":"Zap","floor":15.0,"key":"SMITH"},{"data":"Chill","floor":24.0,"key":"SMITH"},{"data":"Self Repair","floor":28.0,"key":"SMITH"},{"data":"Defragment","floor":32.0,"key":"SMITH"},{"data":"Coolheaded","floor":40.0,"key":"SMITH"},{"data":"ReplayTheSpireMod:Calculation Training","floor":42.0,"key":"SMITH"},{"floor":49.0,"key":"RECALL"},{"data":"Coolheaded","floor":53.0,"key":"SMITH"}],"circlet_count":0,"master_deck":["AscendersBane","Strike_B+1","Strike_B","Defend_B","Defend_B","Defend_B","Defend_B","Zap+1","Dualcast","Cold Snap+1","Self Repair+1","Coolheaded+1","Ball Lightning","Glacier+1","Consume+1","Electrodynamics","Zap+1","Steam","Conserve Battery","Conserve Battery","Chill+1","Undo","Defragment+1","Coolheaded+1","ReplayTheSpireMod:Calculation Training+1","Glacier","Sadistic Nature"],"relics":["AncientExoskeleton","conspire:DecoderRing","RollingBoulder","StuffTheSpire:Experiment12","Empty Cage","DataDisk","StuffTheSpire:HeavyRock","Regal Pillow","Gremlin Food","Inserter","conspire:TopHat","Divine Protection","Ice Cream","WarpedTongs","Whetstone","Membership Card","BrokenLever","StuffTheSpire:OldFever","Bronze Scales"],"acts_visited":["Exordium","TheCity","TheBeyond","TheEnding"],"potions_floor_usage":[56,56],"damage_taken":[{"damage":0.0,"enemies":"Jaw Worm","floor":1.0,"turns":4.0},{"damage":0.0,"enemies":"Cultist","floor":2.0,"turns":4.0},{"damage":0.0,"enemies":"Small Slimes","floor":3.0,"turns":4.0},{"damage":0.0,"enemies":"Red Slaver","floor":4.0,"turns":5.0},{"damage":3.0,"enemies":"Exordium Wildlife","floor":5.0,"turns":5.0},{"damage":3.0,"enemies":"Lagavulin","floor":6.0,"turns":7.0},{"damage":12.0,"enemies":"3 Sentries","floor":8.0,"turns":9.0},{"damage":0.0,"enemies":"3 Louse","floor":10.0,"turns":5.0},{"damage":4.0,"enemies":"Gremlin Nob","floor":12.0,"turns":4.0},{"damage":14.0,"enemies":"Hexaghost","floor":16.0,"turns":8.0},{"damage":2.0,"enemies":"Spheric Guardian","floor":18.0,"turns":4.0},{"damage":0.0,"enemies":"Shell Parasite","floor":19.0,"turns":5.0},{"damage":0.0,"enemies":"Snake Plant","floor":20.0,"turns":4.0},{"damage":19.0,"enemies":"Cultist and Chosen","floor":21.0,"turns":6.0},{"damage":12.0,"enemies":"Chosen and Byrds","floor":22.0,"turns":7.0},{"damage":28.0,"enemies":"Slavers","floor":23.0,"turns":6.0},{"damage":7.0,"enemies":"Book of Stabbing","floor":25.0,"turns":7.0},{"damage":8.0,"enemies":"Gremlin Leader","floor":27.0,"turns":7.0},{"damage":0.0,"enemies":"Centurion and Healer","floor":29.0,"turns":4.0},{"damage":0.0,"enemies":"Snake Plant","floor":30.0,"turns":4.0},{"damage":0.0,"enemies":"Cultist and Chosen","floor":31.0,"turns":7.0},{"damage":21.0,"enemies":"Champ","floor":33.0,"turns":21.0},{"damage":0.0,"enemies":"3 Darklings","floor":35.0,"turns":5.0},{"damage":0.0,"enemies":"3 Shapes","floor":36.0,"turns":4.0},{"damage":7.0,"enemies":"Writhing Mass","floor":37.0,"turns":6.0},{"damage":0.0,"enemies":"Jaw Worm Horde","floor":38.0,"turns":4.0},{"damage":0.0,"enemies":"4 Shapes","floor":39.0,"turns":3.0},{"damage":0.0,"enemies":"R_Hoarder","floor":41.0,"turns":11.0},{"damage":0.0,"enemies":"Nemesis","floor":44.0,"turns":9.0},{"damage":8.0,"enemies":"Maw","floor":45.0,"turns":7.0},{"damage":0.0,"enemies":"3 Darklings","floor":47.0,"turns":5.0},{"damage":46.0,"enemies":"conspire:OrnateMirror","floor":50.0,"turns":17.0},{"damage":0.0,"enemies":"Time Eater","floor":51.0,"turns":14.0},{"damage":41,"enemies":"Shield and Spear","floor":55,"turns":9},{"damage":3,"enemies":"The Heart","floor":56,"turns":14}],"seed_played":"-3859805856893002201","potions_obtained":[{"floor":3.0,"key":"Adrenaline Potion"},{"floor":5.0,"key":"Fire Potion"},{"floor":23.0,"key":"LifebloodPotion"},{"floor":25.0,"key":"FearPotion"},{"floor":30.0,"key":"Toxic Potion"},{"floor":38.0,"key":"CultistPotion"},{"floor":47.0,"key":"SkillPotion"}],"is_trial":false,"path_per_floor":["M","M","M","M","M","E","R","E","T","M","R","E","R","?","R","B",null,"M","M","M","M","M","E","R","E","T","E","R","M","M","M","R","B",null,"M","M","M","M","M","R","E","R","T","E","M","?","M","$","R","B","B",null,"R","$","E","B",null],"character_chosen":"DEFECT","items_purchased":["Whetstone","Membership Card","BrokenLever","StuffTheSpire:OldFever","Sadistic Nature","Dexterity Potion","GamblersBrew"],"campfire_rested":0,"item_purchase_floors":[48,54,54,54,54,54,54],"current_hp_per_floor":[64,64,71,71,71,71,71,66,66,71,71,71,71,71,71,64,69,71,71,71,59,54,33,33,33,33,32,32,42,42,52,52,41,64,64,71,71,71,71,71,71,71,71,71,71,71,71,71,71,35,45,65,65,65,34,41],"gold":111,"neow_bonus":"BOSS_RELIC","is_daily":false,"chose_seed":false,"campfire_upgraded":10,"win_rate":0.0,"timestamp":1612033855,"path_taken":["M","M","M","M","M","E","R","E","T","M","R","E","R","?","R","BOSS","M","M","M","M","M","E","R","E","T","E","R","M","M","M","R","BOSS","M","M","M","?","M","R","E","R","T","E","M","?","?","$","R","BOSS","BOSS","R","$","E","BOSS"],"items_purchased_type":["Relic","Relic","Relic","Relic","Card","Potion","Potion"],"build_version":"2020-12-22","purchased_purges":2,"victory":true,"max_hp_per_floor":[71,71,71,71,71,71,71,71,71,71,71,71,71,71,71,71,71,71,71,71,71,71,71,71,71,71,71,71,71,71,71,71,71,71,71,71,71,71,71,71,71,71,71,71,71,71,71,71,71,71,71,71,71,68,68,68],"relic_stats":{"Regal Pillow":0,"Inserter":[54],"counters":[35,245],"Bronze Scales":[192],"Whetstone":["Cold Snap","Strike_B"],"obtain_stats":[{"Gremlin Food":27,"Ice Cream":44,"Divine Protection":43,"Regal Pillow":26,"Inserter":34,"AncientExoskeleton":0,"BrokenLever":54,"Whetstone":48,"Empty Cage":17,"conspire:TopHat":41,"WarpedTongs":46,"StuffTheSpire:Experiment12":12,"DataDisk":23,"conspire:DecoderRing":6,"StuffTheSpire:HeavyRock":25,"Bronze Scales":55,"RollingBoulder":8,"Membership Card":54,"Cracked Core":0,"StuffTheSpire:OldFever":54},{"Gremlin Food":18,"Ice Cream":29,"Divine Protection":28,"Regal Pillow":17,"Inserter":22,"AncientExoskeleton":0,"BrokenLever":33,"Whetstone":31,"Empty Cage":10,"conspire:TopHat":28,"WarpedTongs":30,"StuffTheSpire:Experiment12":9,"DataDisk":16,"conspire:DecoderRing":6,"StuffTheSpire:HeavyRock":17,"Bronze Scales":34,"RollingBoulder":7,"Membership Card":33,"Cracked Core":0,"StuffTheSpire:OldFever":33},{"Gremlin Food":101,"Ice Cream":179,"Divine Protection":170,"Regal Pillow":94,"Inserter":137,"AncientExoskeleton":0,"BrokenLever":222,"Whetstone":191,"Empty Cage":55,"conspire:TopHat":170,"WarpedTongs":186,"StuffTheSpire:Experiment12":47,"DataDisk":87,"conspire:DecoderRing":29,"StuffTheSpire:HeavyRock":94,"Bronze Scales":231,"RollingBoulder":38,"Membership Card":222,"Cracked Core":0,"StuffTheSpire:OldFever":222}],"WarpedTongs":[52]},"card_choices":[{"not_picked":["Turbo","Redo"],"picked":"Cold Snap","floor":1.0},{"not_picked":["Storm","Beam Cell"],"picked":"Self Repair","floor":2.0},{"not_picked":["BasicCrystalCard","Skim"],"picked":"Coolheaded","floor":3.0},{"not_picked":["All For One","Coolheaded"],"picked":"Ball Lightning","floor":4.0},{"not_picked":["StuffTheSpire:Plugnplay","Stack","Panic Button"],"picked":"SKIP","floor":5.0},{"not_picked":["Chill","Compile Driver"],"picked":"Glacier","floor":6.0},{"not_picked":["Auto Shields","StuffTheSpire:LoadUp","Beam Cell"],"picked":"SKIP","floor":8.0},{"not_picked":["Sweeping Beam","Coolheaded"],"picked":"Consume","floor":10.0},{"not_picked":["Darkness","Stack","ReplayTheSpireMod:Repulse"],"picked":"SKIP","floor":12.0},{"not_picked":["Hello World","Storm"],"picked":"Steam","floor":18.0},{"not_picked":["Gash","Beam Cell"],"picked":"Conserve Battery","floor":19.0},{"not_picked":["Rebound","Ball Lightning","Go for the Eyes"],"picked":"SKIP","floor":20.0},{"not_picked":["StuffTheSpire:LoadUp","Lockon"],"picked":"Conserve Battery","floor":21.0},{"not_picked":["Rebound+1","Auto Shields"],"picked":"Chill","floor":22.0},{"not_picked":["Rebound","Panic Button","BootSequence"],"picked":"SKIP","floor":23.0},{"not_picked":["Beam Cell","Lockon","Rebound"],"picked":"SKIP","floor":25.0},{"not_picked":["StuffTheSpire:EventHorizon","ReplayTheSpireMod:Dual Polarity"],"picked":"Undo","floor":27.0},{"not_picked":["Storm","Streamline"],"picked":"Defragment","floor":29.0},{"not_picked":["Melter","Barrage+1"],"picked":"Coolheaded","floor":30.0},{"not_picked":["Auto Shields","Streamline","Ball Lightning"],"picked":"SKIP","floor":31.0},{"not_picked":["Cold Snap","Panic Button+1","Leap"],"picked":"SKIP","floor":35.0},{"not_picked":["StuffTheSpire:Rend","Ball Lightning"],"picked":"ReplayTheSpireMod:Calculation Training","floor":36.0},{"not_picked":["Consume","Sweeping Beam"],"picked":"Glacier","floor":37.0},{"not_picked":["BasicCrystalCard","ReplayTheSpireMod:Repulse","Steam+1"],"picked":"SKIP","floor":38.0},{"not_picked":["Heatsinks","Stack","Turbo"],"picked":"SKIP","floor":39.0},{"not_picked":["conspire:SharedLibrary","Sweeping Beam","Gash+1"],"picked":"SKIP","floor":41.0},{"not_picked":["Darkness","Time Bomb","Cold Snap"],"picked":"SKIP","floor":44.0},{"not_picked":["ReplayTheSpireMod:Repulse","Go for the Eyes","Consume"],"picked":"SKIP","floor":45.0},{"not_picked":["Meteor Strike","Rebound","Ball Lightning"],"picked":"SKIP","floor":47.0},{"not_picked":["Redo","Rip and Tear+1","White Noise"],"picked":"SKIP","floor":55}],"player_experience":2032592,"relics_obtained":[{"floor":6.0,"key":"conspire:DecoderRing"},{"floor":8.0,"key":"RollingBoulder"},{"floor":12.0,"key":"StuffTheSpire:Experiment12"},{"floor":23.0,"key":"DataDisk"},{"floor":25.0,"key":"StuffTheSpire:HeavyRock"},{"floor":26.0,"key":"Regal Pillow"},{"floor":27.0,"key":"Gremlin Food"},{"floor":41.0,"key":"conspire:TopHat"},{"floor":43.0,"key":"Divine Protection"},{"floor":44.0,"key":"Ice Cream"},{"floor":55,"key":"Bronze Scales"}],"event_choices":[{"damage_healed":0.0,"max_hp_gain":0.0,"max_hp_loss":0.0,"gold_gain":0.0,"event_name":"Match and Keep!","player_choice":"2 cards matched","floor":14.0,"gold_loss":0.0,"damage_taken":0.0,"cards_obtained":["Electrodynamics","Zap"]},{"damage_healed":0.0,"max_hp_gain":0.0,"max_hp_loss":0.0,"gold_gain":0.0,"event_name":"Accursed Blacksmith","player_choice":"Rummage","floor":46.0,"gold_loss":0.0,"damage_taken":0.0,"relics_obtained":["WarpedTongs"],"cards_obtained":["Pain"]}],"is_beta":false,"boss_relics":[{"not_picked":["conspire:SlowCooker","Astrolabe"],"picked":"Empty Cage"},{"not_picked":["conspire:SeveredTorchhead","Replay:Ancient Bell"],"picked":"Inserter"}],"items_purged_floors":[48,54],"is_endless":false,"potions_floor_spawned":[3,5,6,10,18,21,23,25,30,38,41,47,55],"ascension_level":20}}