{"host":"kkntor5wdjky96yl","time":1612019368,"event":{"mods":["AchievementEnabler","BaseMod","Colored Map","KOR Keyword Fix","Minty Spire (QoL Compilation)","Shop Mod","StSLib","SuperFastMode","Swap Starting Deck Mod"],"gold_per_floor":[115,135,135,153,171,196,210,234,234,260,260,276,308,7,7,106,106,124,124,124,138,138,169,169,65,65,96,112,112,211,228,228,228,228],"floor_reached":33,"language":"KOR","playtime":1008,"items_purged":[],"score":431,"play_id":"d80cb37f-bf49-4a4b-9a6a-72df003566dd","local_time":"20210131000928","is_ascension_mode":true,"campfire_choices":[{"data":"Carnage","floor":11,"key":"SMITH"},{"data":"Seeing Red","floor":15,"key":"SMITH"},{"data":"Spot Weakness","floor":24,"key":"SMITH"},{"floor":29,"key":"REST"},{"floor":32,"key":"REST"}],"circlet_count":0,"master_deck":["Carnage","Carnage+1","Carnage","Carnage+1","Ghostly Armor","Ghostly Armor","Ghostly Armor","Ghostly Armor+1","Feel No Pain","Intimidate","Inflame","Power Through","Seeing Red+1","Fiend Fire","Spot Weakness+1","Berserk","Seeing Red+1"],"relics":["Burning Blood","swapstartingdeckmod:DeadBlossom","MealTicket","Odd Mushroom","Pen Nib","Omamori","Kunai","Charon\u0027s Ashes","Mark of Pain","Nunchaku","Anchor","MerchantsRug","Gremlin Horn","TungstenRod"],"acts_visited":["Exordium","TheCity"],"potions_floor_usage":[33],"damage_taken":[{"damage":0,"enemies":"2 Louse","floor":1,"turns":2},{"damage":0,"enemies":"Jaw Worm","floor":2,"turns":4},{"damage":0,"enemies":"Cultist","floor":4,"turns":3},{"damage":0,"enemies":"Looter","floor":5,"turns":2},{"damage":7,"enemies":"Lagavulin","floor":6,"turns":5},{"damage":4,"enemies":"Exordium Thugs","floor":7,"turns":3},{"damage":7,"enemies":"The Mushroom Lair","floor":8,"turns":5},{"damage":12,"enemies":"Gremlin Nob","floor":10,"turns":4},{"damage":0,"enemies":"3 Louse","floor":12,"turns":3},{"damage":1,"enemies":"3 Sentries","floor":13,"turns":5},{"damage":8,"enemies":"Slime Boss","floor":16,"turns":9},{"damage":4,"enemies":"Spheric Guardian","floor":18,"turns":4},{"damage":11,"enemies":"2 Thieves","floor":21,"turns":3},{"damage":23,"enemies":"Book of Stabbing","floor":23,"turns":5},{"damage":10,"enemies":"Slavers","floor":27,"turns":5},{"damage":18,"enemies":"Centurion and Healer","floor":28,"turns":5},{"damage":5,"enemies":"Cultist and Chosen","floor":31,"turns":5},{"damage":42,"enemies":"Collector","floor":33,"turns":9}],"seed_played":"-6056311741107799065","potions_obtained":[{"floor":1,"key":"Strength Potion"},{"floor":5,"key":"Dexterity Potion"},{"floor":6,"key":"Fire Potion"},{"floor":16,"key":"Explosive Potion"},{"floor":21,"key":"Fire Potion"},{"floor":27,"key":"Fire Potion"},{"floor":31,"key":"HeartOfIron"}],"is_trial":false,"path_per_floor":["M","M","?","M","M","E","M","?","T","E","R","M","E","$","R","B",null,"M","?","?","M","?","E","R","$","T","E","M","R","?","M","R","B"],"character_chosen":"IRONCLAD","items_purchased":["Charon\u0027s Ashes","MerchantsRug"],"campfire_rested":2,"item_purchase_floors":[14,25],"current_hp_per_floor":[80,80,64,67,70,66,65,61,61,52,52,55,57,65,65,60,68,67,67,67,59,53,33,33,41,41,34,19,31,31,29,41,0,0],"gold":228,"neow_bonus":"","is_daily":false,"chose_seed":false,"campfire_upgraded":3,"win_rate":0.0,"timestamp":1612019368,"path_taken":["M","M","?","M","M","E","M","?","T","E","R","M","E","$","R","BOSS","M","?","?","?","?","E","R","?","T","E","M","R","?","M","R","BOSS"],"items_purchased_type":["Relic","Relic"],"build_version":"2020-12-22","purchased_purges":0,"victory":false,"max_hp_per_floor":[80,80,80,80,80,80,80,80,80,80,80,80,80,80,80,80,80,80,80,80,80,80,80,80,80,80,80,80,80,80,80,80,80,80],"card_choices":[{"not_picked":["Shrug It Off","Hemokinesis","Havoc"],"picked":"SKIP","floor":1},{"not_picked":["Fire Breathing","Headbutt"],"picked":"Intimidate","floor":2},{"not_picked":["Sword Boomerang","Body Slam"],"picked":"Inflame","floor":4},{"not_picked":["Pommel Strike","Wild Strike","Havoc"],"picked":"SKIP","floor":5},{"not_picked":["Reckless Charge","Clothesline","Pummel"],"picked":"SKIP","floor":6},{"not_picked":["Pummel","Heavy Blade"],"picked":"Power Through","floor":7},{"not_picked":["Twin Strike","Offering","Shrug It Off"],"picked":"SKIP","floor":10},{"not_picked":["Sever Soul","Flame Barrier","Whirlwind"],"picked":"SKIP","floor":12},{"not_picked":["Perfected Strike","Anger"],"picked":"Seeing Red","floor":13},{"not_picked":["Exhume","Berserk"],"picked":"Fiend Fire","floor":16},{"not_picked":["Combust+1","Flex","Wild Strike+1"],"picked":"SKIP","floor":18},{"not_picked":["Feel No Pain","Body Slam","Headbutt"],"picked":"SKIP","floor":21},{"not_picked":["Searing Blow","Twin Strike"],"picked":"Spot Weakness","floor":23},{"not_picked":["Reckless Charge+1","Entrench+1"],"picked":"Berserk","floor":27},{"not_picked":["Clothesline","Warcry","Havoc+1"],"picked":"SKIP","floor":28},{"not_picked":["True Grit","Iron Wave"],"picked":"Seeing Red+1","floor":31}],"player_experience":120305,"relics_obtained":[{"floor":6,"key":"MealTicket"},{"floor":8,"key":"Odd Mushroom"},{"floor":9,"key":"Pen Nib"},{"floor":10,"key":"Omamori"},{"floor":13,"key":"Kunai"},{"floor":23,"key":"Anchor"},{"floor":26,"key":"Gremlin Horn"},{"floor":27,"key":"TungstenRod"}],"event_choices":[{"damage_healed":0,"gold_gain":0,"player_choice":"Entered Light","damage_taken":16,"max_hp_gain":0,"max_hp_loss":0,"event_name":"Shining Light","floor":3,"gold_loss":0,"cards_upgraded":["Carnage","Ghostly Armor"]},{"damage_healed":0,"gold_gain":0,"player_choice":"Fought Mushrooms","damage_taken":0,"max_hp_gain":0,"max_hp_loss":0,"event_name":"Mushrooms","floor":8,"gold_loss":0},{"cards_removed":["Ghostly Armor"],"damage_healed":0,"gold_gain":0,"player_choice":"Elegance","damage_taken":0,"max_hp_gain":0,"max_hp_loss":0,"event_name":"Back to Basics","floor":19,"gold_loss":0},{"damage_healed":0,"gold_gain":0,"player_choice":"Gave Potion","damage_taken":0,"relics_obtained":["Nunchaku"],"max_hp_gain":0,"max_hp_loss":0,"event_name":"WeMeetAgain","floor":20,"gold_loss":0},{"damage_healed":0,"gold_gain":0,"player_choice":"","damage_taken":6,"max_hp_gain":0,"max_hp_loss":0,"event_name":"Knowing Skull","floor":22,"potions_obtained":[],"gold_loss":0,"cards_obtained":[]},{"damage_healed":0,"gold_gain":99,"player_choice":"Stole From Cult","damage_taken":0,"max_hp_gain":0,"max_hp_loss":0,"event_name":"Nest","floor":30,"gold_loss":0}],"is_beta":false,"boss_relics":[{"not_picked":["Snecko Eye","SacredBark"],"picked":"Mark of Pain"}],"items_purged_floors":[],"is_endless":false,"potions_floor_spawned":[1,5,6,7,16,21,27,31],"killed_by":"Collector","ascension_level":5}}