{"host":"f0gpob8hq9vgebej","time":1612017411,"event":{"mods":["AchievementEnabler","BaseMod","Minty Spire (QoL Compilation)","Quick Restart","SuperFastMode"],"gold_per_floor":[116,116,137,153,172,192,192,225,225,243,243,263,293,293,293,412,412,433,433,358,372,387,297,122,166,166,166,166,185,185,185,185],"floor_reached":31,"language":"KOR","playtime":583,"items_purged":["Strike_B","Defend_B"],"score":476,"play_id":"ed100686-314c-4c45-98df-b15d67ac5abf","local_time":"20210130233651","is_ascension_mode":true,"campfire_choices":[{"floor":7.0,"key":"REST"},{"data":"Zap","floor":11.0,"key":"SMITH"},{"data":"Ball Lightning","floor":15.0,"key":"SMITH"},{"floor":27,"key":"REST"},{"data":"Storm","floor":30,"key":"SMITH"}],"circlet_count":0,"master_deck":["AscendersBane","Defend_B","Defend_B","Defend_B","Zap+1","Dualcast","Barrage","Ball Lightning+1","Double Energy","White Noise","Consume","Conserve Battery","Steam Power","Parasite","Electrodynamics","Turbo","Beam Cell+1","Beam Cell","Skim","Storm+1"],"relics":["FrozenCore","DataDisk","Golden Idol","Blue Candle","Pear","Juzu Bracelet","Ornamental Fan"],"acts_visited":["Exordium","TheCity"],"potions_floor_usage":[25],"damage_taken":[{"damage":0.0,"enemies":"Small Slimes","floor":1.0,"turns":2.0},{"damage":6.0,"enemies":"2 Louse","floor":3.0,"turns":3.0},{"damage":2.0,"enemies":"Jaw Worm","floor":4.0,"turns":2.0},{"damage":6.0,"enemies":"Blue Slaver","floor":5.0,"turns":3.0},{"damage":20.0,"enemies":"Exordium Thugs","floor":6.0,"turns":4.0},{"damage":10.0,"enemies":"Gremlin Nob","floor":8.0,"turns":4.0},{"damage":11.0,"enemies":"Looter","floor":10.0,"turns":2.0},{"damage":17.0,"enemies":"Exordium Wildlife","floor":12.0,"turns":3.0},{"damage":0.0,"enemies":"Slime Boss","floor":16.0,"turns":7.0},{"damage":2.0,"enemies":"Chosen","floor":18.0,"turns":4.0},{"damage":19.0,"enemies":"2 Thieves","floor":21.0,"turns":3.0},{"damage":5.0,"enemies":"Snecko","floor":22.0,"turns":6.0},{"damage":43,"enemies":"Gremlin Leader","floor":25,"turns":6},{"damage":12,"enemies":"Shelled Parasite and Fungi","floor":29,"turns":6},{"damage":17,"enemies":"Chosen and Byrds","floor":31,"turns":3}],"seed_played":"5204633639266005968","potions_obtained":[{"floor":5.0,"key":"CultistPotion"},{"floor":6.0,"key":"Weak Potion"},{"floor":10.0,"key":"EssenceOfSteel"},{"floor":16.0,"key":"GamblersBrew"},{"floor":22.0,"key":"BlessingOfTheForge"},{"floor":29,"key":"SkillPotion"}],"is_trial":false,"path_per_floor":["M","?","M","M","M","M","R","E","T","M","R","M","?","?","R","B",null,"M","?","$","M","M","?","$","E","T","R","?","M","R","M"],"character_chosen":"DEFECT","items_purchased":["Storm"],"campfire_rested":2,"item_purchase_floors":[24],"current_hp_per_floor":[68,50,44,42,36,16,38,28,38,27,27,10,10,31,31,31,72,70,70,70,51,46,46,46,3,3,28,28,16,16,0,0],"gold":185,"neow_bonus":"RANDOM_COMMON_RELIC","is_daily":false,"chose_seed":false,"campfire_upgraded":3,"win_rate":0.0,"timestamp":1612017411,"path_taken":["M","?","M","M","M","M","R","E","T","M","R","M","?","?","R","BOSS","M","?","$","M","M","?","$","E","T","R","?","M","R","M"],"items_purchased_type":["Card"],"build_version":"2020-12-22","purchased_purges":2,"victory":false,"max_hp_per_floor":[75,75,75,75,75,75,75,75,85,85,85,85,85,85,85,85,85,85,85,85,85,85,85,85,85,85,85,85,85,85,85,85],"card_choices":[{"not_picked":["Go for the Eyes","Turbo"],"picked":"Barrage","floor":1.0},{"not_picked":["Lockon","Coolheaded"],"picked":"Ball Lightning","floor":3.0},{"not_picked":["Steam","Gash","Melter"],"picked":"SKIP","floor":4.0},{"not_picked":["Blizzard","Streamline"],"picked":"Double Energy","floor":5.0},{"not_picked":["Beam Cell","Leap"],"picked":"White Noise","floor":6.0},{"not_picked":["All For One","Barrage"],"picked":"Consume","floor":8.0},{"not_picked":["Tempest","Sweeping Beam"],"picked":"Conserve Battery","floor":10.0},{"not_picked":["Barrage","Reinforced Body"],"picked":"Steam Power","floor":12.0},{"not_picked":["Buffer","Meteor Strike"],"picked":"Electrodynamics","floor":16.0},{"not_picked":["Streamline","Turbo","Conserve Battery"],"picked":"SKIP","floor":18.0},{"not_picked":["Streamline","Conserve Battery"],"picked":"Turbo","floor":18.0},{"not_picked":["Doom and Gloom+1","Go for the Eyes+1"],"picked":"Skim","floor":21.0},{"not_picked":["Recycle","Undo","Hello World"],"picked":"SKIP","floor":22.0},{"not_picked":["Turbo","Stack","Skim+1"],"picked":"SKIP","floor":25},{"not_picked":["Genetic Algorithm","Rip and Tear","Hyperbeam"],"picked":"SKIP","floor":29}],"player_experience":291098,"relics_obtained":[{"floor":8.0,"key":"Blue Candle"},{"floor":9.0,"key":"Pear"},{"floor":25,"key":"Juzu Bracelet"},{"floor":26,"key":"Ornamental Fan"}],"event_choices":[{"damage_healed":0.0,"max_hp_gain":0.0,"max_hp_loss":0.0,"gold_gain":0.0,"event_name":"Golden Idol","player_choice":"Take Damage","floor":2.0,"gold_loss":0.0,"damage_taken":18.0,"relics_obtained":["Golden Idol"]},{"damage_healed":0.0,"max_hp_gain":0.0,"max_hp_loss":0.0,"gold_gain":30.0,"event_name":"Dead Adventurer","player_choice":"Searched \u00271\u0027 times","floor":13.0,"gold_loss":0.0,"damage_taken":0.0},{"damage_healed":21.0,"max_hp_gain":0.0,"max_hp_loss":0.0,"gold_gain":0.0,"event_name":"Mushrooms","player_choice":"Healed and dodged fight","floor":14.0,"gold_loss":0.0,"damage_taken":0.0,"cards_obtained":["Parasite"]},{"damage_healed":0.0,"max_hp_gain":0.0,"max_hp_loss":0.0,"gold_gain":0.0,"cards_transformed":["Strike_B","Strike_B"],"event_name":"Drug Dealer","player_choice":"Became Test Subject","floor":19.0,"gold_loss":0.0,"damage_taken":0.0,"cards_obtained":["Beam Cell","Beam Cell"]},{"cards_removed":["Strike_B"],"damage_healed":0.0,"max_hp_gain":0.0,"max_hp_loss":0.0,"gold_gain":0.0,"event_name":"Designer","player_choice":"Upgrade and Remove","floor":23.0,"gold_loss":90.0,"damage_taken":0.0,"cards_upgraded":["Beam Cell"]},{"damage_healed":0,"gold_gain":0,"player_choice":"Ignored","damage_taken":0,"max_hp_gain":0,"max_hp_loss":0,"event_name":"Vampires","floor":28,"gold_loss":0}],"is_beta":false,"boss_relics":[{"not_picked":["Velvet Choker","Fusion Hammer"],"picked":"FrozenCore"}],"items_purged_floors":[20,24],"is_endless":false,"potions_floor_spawned":[5,6,10,12,16,22,29],"killed_by":"Chosen and Byrds","ascension_level":11}}