{"host":"9qk11wtevf51xvhl","time":1612026593,"event":{"mods":["BaseMod","Minty Spire (QoL Compilation)"],"gold_per_floor":[109,284,284,302,322,347,21,21,48,48,73,73,103,123,123,123,123],"floor_reached":16,"language":"ENG","playtime":1167,"items_purged":["Regret"],"score":171,"play_id":"47192a16-f1ce-4353-9447-5391a34663fd","local_time":"20210130180953","is_ascension_mode":true,"campfire_choices":[{"floor":8,"key":"REST"},{"data":"Venomology","floor":10,"key":"SMITH"},{"data":"Crippling Poison","floor":12,"key":"SMITH"},{"floor":15,"key":"REST"}],"circlet_count":0,"master_deck":["Strike_G","Strike_G","Strike_G","Strike_G","Strike_G","Defend_G","Defend_G","Defend_G","Defend_G","Defend_G","Survivor","Neutralize","Dash","Doubt","Acrobatics","Venomology+1","Tools of the Trade","Crippling Poison+1","Prepared","Footwork"],"relics":["Ring of the Snake","Bag of Preparation","Lizard Tail","Molten Egg 2","Tiny Chest","Matryoshka","Ninja Scroll"],"acts_visited":["Exordium"],"potions_floor_usage":[6,6,11,11,13,13,16,16],"damage_taken":[{"damage":0,"enemies":"2 Louse","floor":1,"turns":3},{"damage":2,"enemies":"Small Slimes","floor":4,"turns":6},{"damage":3,"enemies":"Jaw Worm","floor":5,"turns":4},{"damage":44,"enemies":"Lagavulin","floor":6,"turns":10},{"damage":5,"enemies":"Gremlin Nob","floor":11,"turns":5},{"damage":25,"enemies":"Lagavulin","floor":13,"turns":8},{"damage":11,"enemies":"Large Slime","floor":14,"turns":6},{"damage":75,"enemies":"Slime Boss","floor":16,"turns":13}],"seed_played":"-278056074697516159","potions_obtained":[{"floor":4,"key":"SteroidPotion"},{"floor":5,"key":"DuplicationPotion"},{"floor":6,"key":"Block Potion"}],"is_trial":false,"path_per_floor":["M","?","?","M","M","E","$","R","T","R","E","R","E","M","R","B"],"character_chosen":"THE_SILENT","items_purchased":["Molten Egg 2"],"campfire_rested":2,"item_purchase_floors":[7],"current_hp_per_floor":[70,70,70,68,65,21,21,44,44,44,39,39,14,3,26,0,0],"gold":123,"neow_bonus":"TEN_PERCENT_HP_BONUS","is_daily":false,"chose_seed":false,"campfire_upgraded":2,"win_rate":0.0,"timestamp":1612026593,"path_taken":["M","?","?","M","M","E","?","R","T","R","E","R","E","M","R","BOSS"],"items_purchased_type":["Relic"],"build_version":"2020-12-22","purchased_purges":1,"victory":false,"max_hp_per_floor":[77,77,77,77,77,77,77,77,77,77,77,77,77,77,77,77,77],"card_choices":[{"not_picked":["Deadly Poison","Calculated Gamble"],"picked":"Dash","floor":1},{"not_picked":["Underhanded Strike","Calculated Gamble"],"picked":"Acrobatics","floor":4},{"not_picked":["Bane","Backflip"],"picked":"Venomology","floor":5},{"not_picked":["Finisher","Bane"],"picked":"Tools of the Trade","floor":6},{"not_picked":["Terror","Slice+1"],"picked":"Crippling Poison","floor":11},{"not_picked":["Slice+1","Masterful Stab+1"],"picked":"Prepared","floor":13},{"not_picked":["Accuracy","Cloak And Dagger"],"picked":"Footwork","floor":14}],"player_experience":553040,"relics_obtained":[{"floor":6,"key":"Lizard Tail"},{"floor":9,"key":"Tiny Chest"},{"floor":11,"key":"Matryoshka"},{"floor":13,"key":"Ninja Scroll"}],"event_choices":[{"damage_healed":0,"gold_gain":175,"player_choice":"AGREE","damage_taken":0,"max_hp_gain":0,"max_hp_loss":0,"event_name":"Liars Game","floor":2,"gold_loss":0,"cards_obtained":["Doubt"]},{"damage_healed":0,"gold_gain":0,"player_choice":"Box","damage_taken":0,"relics_obtained":["Bag of Preparation"],"max_hp_gain":0,"max_hp_loss":0,"event_name":"Big Fish","floor":3,"gold_loss":0,"cards_obtained":["Regret"]}],"is_beta":false,"boss_relics":[],"items_purged_floors":[7],"is_endless":false,"potions_floor_spawned":[4,5,6],"killed_by":"Slime Boss","ascension_level":9}}