{"host":"7s9cy3ihj997zbmc","time":1612006248,"event":{"mods":["Act Like it!","BaseMod","Card Filter","Custom Start","Downfall","Highlight Path","Minty Spire (QoL Compilation)","Permanent Neow","Quick Restart","Relic Filter","Relic Sorter","StSLib","SuperFastMode"],"gold_per_floor":[349,359,377,392,410,159,259,273,273,273,273,289,289,301,321,49,68,68,99,119,19,71,87,98,199,199,199,211,211,224,243,343,428,428,428,451,478,497,528,546,559,459,319,319,339,239,280,298,396,396,396,408,164,214,214,228,228,228,228,228,248,248,248,274,309,334,351,366,376,396,416,416,416,442,6,6,6,6],"floor_reached":79,"language":"ZHS","playtime":3713,"items_purged":["champ:Strike","champ:Strike","champ:Defend","champ:Defend"],"score":1511,"play_id":"8cef8087-ce16-43d7-9dd6-e906608557a9","local_time":"20210130193048","is_ascension_mode":false,"campfire_choices":[{"data":"champ:Taunt","floor":1.0,"key":"SMITH"},{"data":"champ:SteelEdge","floor":13.0,"key":"SMITH"},{"data":"champ:Backstep","floor":18.0,"key":"SMITH"},{"floor":21.0,"key":"REST"},{"data":"champ:IronFortress","floor":27.0,"key":"SMITH"},{"floor":34.0,"key":"REST"},{"floor":42.0,"key":"RECALL"},{"data":"J.A.X.","floor":46.0,"key":"SMITH"},{"data":"champ:UltimateStance","floor":51.0,"key":"SMITH"},{"data":"champ:Improvising","floor":63.0,"key":"SMITH"},{"data":"champ:IronFortress","floor":76,"key":"SMITH"}],"circlet_count":0,"master_deck":["champ:Defend","champ:Defend+1","champ:Execute","champ:Taunt+1","champ:CrownThrow","champ:SteelEdge+1","champ:FaceSlap","Impatience+1","champ:Endure","champ:Backstep+1","champ:IronFortress+1","champ:StanceDance","champ:CalledShot","champ:LastStand","champ:FalseCounter","J.A.X.+1","champ:Improvising+1","champ:UltimateStance+1","champ:CalledShot+1","champ:ShieldSlam+1","champ:GladiatorForm","champ:IronFortress+1"],"relics":["champ:ChampionCrown","Champion Belt","Calipers","Ornamental Fan","Medical Kit","Happy Flower","downfall:HeartBlessingGreen","Philosopher\u0027s Stone","Enchiridion","MutagenicStrength","downfall:RedIOU","Orichalcum","Pear","downfall:HeartBlessingBlue","downfall:HeartBlessingRed","Chemical X","SlaversCollar","Pantograph","StoneCalendar","Bird Faced Urn","TungstenRod","Vajra","champ:GladiatorsBookOfMartialProwess","Blood Vial","Toy Ornithopter","Guardian:PocketSentry","ClockworkSouvenir"],"acts_visited":["Exordium","TheCity","TheBeyond","TheEnding"],"potions_floor_usage":[78,78],"damage_taken":[{"damage":15.0,"enemies":"Small Slimes","floor":2.0,"turns":3.0},{"damage":11.0,"enemies":"Cultist","floor":3.0,"turns":3.0},{"damage":4.0,"enemies":"2 Louse","floor":4.0,"turns":3.0},{"damage":7.0,"enemies":"2 Fungi Beasts","floor":5.0,"turns":4.0},{"damage":0.0,"enemies":"downfall:FleeingMerchant","floor":6.0,"turns":4.0},{"damage":23.0,"enemies":"downfall:FleeingMerchant","floor":7.0,"turns":3.0},{"damage":15.0,"enemies":"Large Slime","floor":8.0,"turns":7.0},{"damage":19.0,"enemies":"Exordium Wildlife","floor":12.0,"turns":5.0},{"damage":20.0,"enemies":"2 Fungi Beasts","floor":14.0,"turns":3.0},{"damage":2.0,"enemies":"Blue Slaver","floor":15.0,"turns":3.0},{"damage":6.0,"enemies":"downfall:FleeingMerchant","floor":16.0,"turns":4.0},{"damage":8.0,"enemies":"Large Slime","floor":17.0,"turns":4.0},{"damage":25.0,"enemies":"3 Sentries","floor":19.0,"turns":8.0},{"damage":11.0,"enemies":"3 Louse","floor":20.0,"turns":5.0},{"damage":0.0,"enemies":"Red Slaver","floor":23.0,"turns":3.0},{"damage":1.0,"enemies":"Blue Slaver","floor":24.0,"turns":2.0},{"damage":15.0,"enemies":"IC_STATUS_ARCHETYPE","floor":25.0,"turns":6.0},{"damage":20.0,"enemies":"Spheric Guardian","floor":28.0,"turns":5.0},{"damage":10.0,"enemies":"Chosen","floor":30.0,"turns":3.0},{"damage":20.0,"enemies":"Snake Plant","floor":31.0,"turns":3.0},{"damage":19.0,"enemies":"downfall:Augmenter","floor":32.0,"turns":5.0},{"damage":51.0,"enemies":"Centurion and Healer","floor":38.0,"turns":6.0},{"damage":6.0,"enemies":"Book of Stabbing","floor":39.0,"turns":4.0},{"damage":26.0,"enemies":"Sentry and Sphere","floor":40.0,"turns":7.0},{"damage":19.0,"enemies":"Shelled Parasite and Fungi","floor":41.0,"turns":8.0},{"damage":39.0,"enemies":"downfall:FleeingMerchant","floor":43.0,"turns":4.0},{"damage":10.0,"enemies":"Snecko","floor":45.0,"turns":4.0},{"damage":13.0,"enemies":"downfall:FleeingMerchant","floor":47.0,"turns":3.0},{"damage":13.0,"enemies":"Sentry and Sphere","floor":48.0,"turns":3.0},{"damage":67.0,"enemies":"SI_MIRROR_ARCHETYPE","floor":49.0,"turns":8.0},{"damage":15.0,"enemies":"3 Shapes","floor":52.0,"turns":4.0},{"damage":18.0,"enemies":"3 Shapes","floor":54.0,"turns":3.0},{"damage":0.0,"enemies":"Orb Walker","floor":56.0,"turns":4.0},{"damage":37.0,"enemies":"4 Shapes","floor":61.0,"turns":6.0},{"damage":51,"enemies":"Reptomancer","floor":65,"turns":5},{"damage":29,"enemies":"Jaw Worm Horde","floor":67,"turns":4},{"damage":28,"enemies":"Writhing Mass","floor":68,"turns":3},{"damage":15,"enemies":"Maw","floor":69,"turns":5},{"damage":29,"enemies":"4 Shapes","floor":70,"turns":6},{"damage":39,"enemies":"Writhing Mass","floor":71,"turns":3},{"damage":46,"enemies":"WA_ARCHETYPE_DIVINITY","floor":72,"turns":5},{"damage":64,"enemies":"downfall:CharBossMerchant","floor":74,"turns":7},{"damage":49,"enemies":"downfall:NeowBoss","floor":77,"turns":11},{"damage":41,"enemies":"downfall:NeowBossFinal","floor":78,"turns":10}],"seed_played":"4238393224608462506","potions_obtained":[{"floor":5.0,"key":"Fire Potion"},{"floor":8.0,"key":"Swift Potion"},{"floor":11.0,"key":"DistilledChaos"},{"floor":23.0,"key":"Fruit Juice"},{"floor":24.0,"key":"GamblersBrew"},{"floor":31.0,"key":"Fruit Juice"},{"floor":38.0,"key":"Swift Potion"},{"floor":68,"key":"Dexterity Potion"}],"is_trial":false,"path_per_floor":["R","M","M","M","M","$","?","M","T","T","?","M","R","M","M","$","M","R","E","M","R","T","M","M","B",null,"R","M","?","M","M","?","?","R","?","T","T","M","E","M","M","R","$","?","M","R","$","M","B",null,"R","M","$","?","?","M","?","$","T","T","M","$","R","T","E","T","M","M","M","M","M","B",null,"E","$","R","B","B",null],"character_chosen":"THE_CHAMP","items_purchased":["Impatience","champ:Endure","Medical Kit","Chemical X","Pantograph","Guardian:PocketSentry","champ:IronFortress","ClockworkSouvenir","BlessingOfTheForge"],"campfire_rested":2,"item_purchase_floors":[6,6,16,47,53,75,75,75,75],"current_hp_per_floor":[63,58,57,53,51,51,38,38,38,38,38,34,34,29,27,26,23,23,23,17,44,44,49,48,33,95,95,95,79,79,84,75,57,87,87,87,87,66,70,64,60,70,56,56,56,56,53,50,28,120,120,120,120,117,117,117,117,117,117,117,105,105,105,105,85,85,84,89,95,84,73,112,120,120,120,120,120,103],"gold":6,"neow_bonus":"TWO_FIFTY_GOLD","is_daily":false,"chose_seed":false,"campfire_upgraded":8,"win_rate":0.0,"timestamp":1612006248,"path_taken":["R","M","M","M","M","$","?","M","T","T","?","M","R","M","?","?","M","R","E","M","R","?","M","M","BOSS","R","M","?","M","M","?","?","R","?","T","?","M","E","M","?","R","$","?","M","R","$","M","BOSS","R","M","$","?","?","M","?","$","T","T","M","?","R","?","E","?","M","M","M","?","M","BOSS","E","$","R","BOSS","BOSS"],"items_purchased_type":["Card","Card","Relic","Relic","Relic","Relic","Card","Relic","Potion"],"build_version":"2020-12-22","purchased_purges":4,"victory":true,"max_hp_per_floor":[90,90,90,90,90,90,90,90,90,90,90,90,90,90,90,90,90,90,90,90,90,90,95,95,95,95,95,95,95,95,100,100,100,100,100,100,100,100,110,110,110,120,120,120,120,120,120,120,120,120,120,120,120,120,120,120,120,120,120,120,120,120,120,120,120,120,120,120,120,120,120,120,120,120,120,120,120,120],"card_choices":[{"not_picked":["champ:PreciseThrust","champ:TornadoPunch"],"picked":"champ:CrownThrow","floor":2.0},{"not_picked":["champ:BringItOn","champ:FancyFootwork"],"picked":"champ:SteelEdge","floor":3.0},{"not_picked":["champ:StanceDance","champ:Lariat","champ:EnGarde"],"picked":"SKIP","floor":4.0},{"not_picked":["champ:IronFortress","champ:DeathBlow"],"picked":"champ:FaceSlap","floor":5.0},{"not_picked":["champ:PreciseThrust","champ:CrownThrow","champ:RapidStrikes"],"picked":"SKIP","floor":6.0},{"not_picked":["champ:IronFortress","champ:GladiatorStyle"],"picked":"champ:Backstep","floor":7.0},{"not_picked":["champ:DeathBlow","champ:HeavySlash"],"picked":"champ:IronFortress","floor":8.0},{"not_picked":["champ:EnragedBash","champ:PerfectedStrike","champ:BerserkersShout"],"picked":"SKIP","floor":12.0},{"not_picked":["champ:Shatter","champ:GutPunch"],"picked":"champ:StanceDance","floor":14.0},{"not_picked":["champ:Circumvent","champ:DefensiveShout","champ:BringItOn"],"picked":"SKIP","floor":15.0},{"not_picked":["champ:StanceDance","champ:GutPunch","champ:Backstep"],"picked":"SKIP","floor":16.0},{"not_picked":["champ:FaceSlap","champ:FocusedDefense","champ:CrownThrow"],"picked":"SKIP","floor":17.0},{"not_picked":["champ:Backstep","champ:MurderStrike","champ:Haymaker"],"picked":"SKIP","floor":19.0},{"not_picked":["champ:Lariat","champ:EndlessRage","champ:DefensiveShout"],"picked":"SKIP","floor":20.0},{"not_picked":["champ:Lariat","champ:EndlessRage","champ:DefensiveShout"],"picked":"SKIP","floor":20.0},{"not_picked":["champ:FlashCut","champ:FocusedBerserking","champ:PreciseThrust"],"picked":"SKIP","floor":23.0},{"not_picked":["champ:Lariat","champ:StanceDance","champ:Circumvent"],"picked":"SKIP","floor":24.0},{"not_picked":["champ:FaceSlap","champ:TornadoPunch+1","champ:AdrenalArmor"],"picked":"SKIP","floor":28.0},{"not_picked":["champ:BerserkersShout","champ:FancyFootwork"],"picked":"champ:CalledShot","floor":30.0},{"not_picked":["champ:StanceDance","champ:SwordThrow","champ:Backstep"],"picked":"SKIP","floor":31.0},{"not_picked":[],"picked":"J.A.X.","floor":32.0},{"not_picked":["champ:Circumvent","champ:ShieldWall+1","champ:BringItOn"],"picked":"SKIP","floor":38.0},{"not_picked":["champ:FocusedDefense","champ:Shatter"],"picked":"champ:Improvising","floor":39.0},{"not_picked":["champ:RisingSlash+1","champ:DefensiveShout","champ:FanOfKnives+1"],"picked":"SKIP","floor":40.0},{"not_picked":["champ:Duel","champ:FanOfKnives+1","champ:BladeFlurry"],"picked":"SKIP","floor":41.0},{"not_picked":["champ:LastStand","champ:HeartStrike+1","champ:FocusedBerserking"],"picked":"SKIP","floor":43.0},{"not_picked":["champ:StanceDance+1","champ:Haymaker+1","champ:DefensiveShout"],"picked":"SKIP","floor":45.0},{"not_picked":["champ:PerfectedStrike+1","champ:EnragedBash","champ:FocusedDefense"],"picked":"SKIP","floor":47.0},{"not_picked":["champ:Backstep","champ:VampiricStrike","champ:StanceDance"],"picked":"SKIP","floor":48.0},{"not_picked":["champ:StrikeOfGenius","champ:CheapShot"],"picked":"champ:UltimateStance","floor":49.0},{"not_picked":["champ:FocusedDefense+1","champ:Circumvent+1","champ:AdrenalArmor+1"],"picked":"SKIP","floor":52.0},{"not_picked":["champ:EnGarde+1","champ:Shatter","champ:GutPunch"],"picked":"SKIP","floor":56.0},{"not_picked":["champ:PerfectedStrike","champ:TornadoPunch+1","champ:GutPunch"],"picked":"SKIP","floor":61.0},{"not_picked":["champ:TripleStrike","champ:FalseCounter+1","champ:Haymaker+1"],"picked":"SKIP","floor":65},{"not_picked":["champ:Circumvent+1","champ:Backstep+1","champ:PreciseThrust"],"picked":"SKIP","floor":67},{"not_picked":["champ:Duel+1","champ:CrookedStrike"],"picked":"champ:CalledShot+1","floor":68},{"not_picked":["champ:BladeFlurry","champ:FaceSlap+1"],"picked":"champ:ShieldSlam+1","floor":69},{"not_picked":["champ:BringItOn+1","champ:BerserkersShout+1"],"picked":"champ:GladiatorForm","floor":70},{"not_picked":["champ:GladiatorStyle","champ:FlashCut","champ:DefensiveShout+1"],"picked":"SKIP","floor":71},{"not_picked":["champ:Parry+1","champ:SwordThrow","champ:DefensiveShout"],"picked":"SKIP","floor":74}],"player_experience":386111,"relics_obtained":[{"floor":7.0,"key":"Champion Belt"},{"floor":9.0,"key":"Calipers"},{"floor":10.0,"key":"Ornamental Fan"},{"floor":19.0,"key":"Happy Flower"},{"floor":22.0,"key":"War Paint"},{"floor":29.0,"key":"Enchiridion"},{"floor":32.0,"key":"MutagenicStrength"},{"floor":37.0,"key":"Orichalcum"},{"floor":39.0,"key":"Pear"},{"floor":54.0,"key":"StoneCalendar"},{"floor":59.0,"key":"Bird Faced Urn"},{"floor":60.0,"key":"TungstenRod"},{"floor":64.0,"key":"Vajra"},{"floor":65,"key":"champ:GladiatorsBookOfMartialProwess"},{"floor":66,"key":"Blood Vial"},{"floor":74,"key":"Toy Ornithopter"}],"event_choices":[{"damage_healed":0.0,"max_hp_gain":0.0,"max_hp_loss":0.0,"gold_gain":0.0,"event_name":"Lab","player_choice":"Got Potions","floor":11.0,"gold_loss":0.0,"damage_taken":0.0}],"is_beta":false,"boss_relics":[{"not_picked":["Pandora\u0027s Box","Astrolabe"],"picked":"Philosopher\u0027s Stone"},{"not_picked":["Black Star","Velvet Choker"],"picked":"SlaversCollar"}],"items_purged_floors":[6,16,43,47],"is_endless":false,"potions_floor_spawned":[5,8,12,15,19,23,24,28,31,38,41,49,54,61,68,69,71,74],"ascension_level":0}}