{"host":"7k7s6ne09mxa92o8","time":1612022068,"event":{"mods":["2.2 Compatiblity","BaseMod","DeckTracker","Hermit","Minty Spire (QoL Compilation)","StSLib","Waifu the Spire"],"gold_per_floor":[210,103,113,113,127,127,52,52,52,87,98,117,117,129,129,233,233,248,258,17,30,30,61,61,61,61,74,74,94,21,21,21,120,120,138,138,138,152,5,5,21,21,70,87,97,97,97],"floor_reached":46,"language":"KOR","playtime":1747,"items_purged":["hermit:Snapshot"],"score":663,"play_id":"3103874d-bff4-4a8f-aa1f-da6ce8678bd8","local_time":"20210131005427","is_ascension_mode":true,"campfire_choices":[{"data":"hermit:Maintenance","floor":6.0,"key":"SMITH"},{"data":"hermit:Brawl","floor":8.0,"key":"SMITH"},{"floor":13.0,"key":"REST"},{"data":"hermit:LoneWolf","floor":15.0,"key":"SMITH"},{"floor":24.0,"key":"REST"},{"floor":28.0,"key":"REST"},{"data":"hermit:EternalForm","floor":32.0,"key":"SMITH"},{"floor":40,"key":"REST"},{"floor":42,"key":"REST"}],"circlet_count":0,"master_deck":["AscendersBane","hermit:Strike_Hermit+1","hermit:Strike_Hermit+1","hermit:Strike_Hermit+1","hermit:Strike_Hermit+1","hermit:Defend_Hermit+1","hermit:Defend_Hermit+1","hermit:Defend_Hermit+1","hermit:Defend_Hermit+1","hermit:Covet","hermit:Maintenance+1","hermit:Brawl+1","hermit:FlashPowder","hermit:EternalForm+1","hermit:Glare+1","hermit:NoHoldsBarred+1","hermit:Cheat+1","Writhe","hermit:EternalForm"],"relics":["hermit:ClaspedLocket","White Beast Statue","CaptainsWheel","Empty Cage","hermit:Horseshoe","Blood Vial","InkBottle","Art of War","Pen Nib","Anchor"],"acts_visited":["Exordium","TheCity","TheBeyond"],"potions_floor_usage":[35,41,44,45,46],"damage_taken":[{"damage":1.0,"enemies":"Cultist","floor":1.0,"turns":4.0},{"damage":3.0,"enemies":"2 Louse","floor":3.0,"turns":3.0},{"damage":13.0,"enemies":"Small Slimes","floor":5.0,"turns":4.0},{"damage":20.0,"enemies":"Lagavulin","floor":10.0,"turns":7.0},{"damage":12.0,"enemies":"3 Louse","floor":11.0,"turns":9.0},{"damage":0.0,"enemies":"Exordium Thugs","floor":12.0,"turns":7.0},{"damage":8.0,"enemies":"Blue Slaver","floor":14.0,"turns":5.0},{"damage":1.0,"enemies":"Hexaghost","floor":16.0,"turns":9.0},{"damage":2.0,"enemies":"Shell Parasite","floor":18.0,"turns":6.0},{"damage":18.0,"enemies":"Chosen","floor":19.0,"turns":6.0},{"damage":5.0,"enemies":"Snake Plant","floor":21.0,"turns":6.0},{"damage":20.0,"enemies":"Gremlin Leader","floor":23.0,"turns":7.0},{"damage":0.0,"enemies":"Snecko","floor":27.0,"turns":4.0},{"damage":14.0,"enemies":"Sentry and Sphere","floor":29.0,"turns":6.0},{"damage":22.0,"enemies":"Champ","floor":33.0,"turns":12.0},{"damage":25,"enemies":"3 Darklings","floor":35,"turns":3},{"damage":6,"enemies":"Orb Walker","floor":38,"turns":5},{"damage":45,"enemies":"Spire Growth","floor":41,"turns":5},{"damage":4,"enemies":"Sphere and 2 Shapes","floor":44,"turns":5},{"damage":48,"enemies":"Transient","floor":45,"turns":5},{"damage":10,"enemies":"3 Darklings","floor":46,"turns":2}],"seed_played":"-5574614654200599921","potions_obtained":[{"floor":4.0,"key":"Fruit Juice"},{"floor":4.0,"key":"PowerPotion"},{"floor":4.0,"key":"Ancient Potion"},{"floor":10.0,"key":"Dexterity Potion"},{"floor":11.0,"key":"PowerPotion"},{"floor":16.0,"key":"Energy Potion"},{"floor":18.0,"key":"Energy Potion"},{"floor":19.0,"key":"Block Potion"},{"floor":21.0,"key":"Ancient Potion"},{"floor":23.0,"key":"Ancient Potion"},{"floor":27.0,"key":"Block Potion"},{"floor":29.0,"key":"SpeedPotion"},{"floor":33.0,"key":"LiquidMemories"},{"floor":35,"key":"DuplicationPotion"},{"floor":38,"key":"FearPotion"},{"floor":41,"key":"Swift Potion"},{"floor":44,"key":"AttackPotion"},{"floor":45,"key":"SteroidPotion"}],"is_trial":false,"path_per_floor":["M","$","M","?","M","R","$","R","T","E","M","M","R","M","R","B",null,"M","M","$","M","?","E","R","$","T","M","R","M","$","?","R","B",null,"M","?","$","M","$","R","M","R","T","M","M","M"],"character_chosen":"HERMIT","items_purchased":["hermit:Maintenance","hermit:Brawl","hermit:Horseshoe","hermit:Cheat","Pen Nib"],"campfire_rested":5,"item_purchase_floors":[2,2,20,30,39],"current_hp_per_floor":[67,67,64,69,56,56,56,56,56,36,24,24,48,40,40,39,70,68,50,50,45,45,25,49,49,49,51,75,63,63,63,63,43,71,48,48,48,44,44,68,25,49,49,47,1,0,0],"gold":97,"neow_bonus":"HUNDRED_GOLD","is_daily":false,"chose_seed":false,"campfire_upgraded":4,"win_rate":0.0,"timestamp":1612022067,"path_taken":["M","$","M","?","?","R","?","R","T","E","M","M","R","?","R","BOSS","M","M","$","M","?","E","R","$","T","M","R","M","$","?","R","BOSS","M","?","$","M","?","R","M","R","T","M","?","M"],"items_purchased_type":["Card","Card","Relic","Card","Relic"],"build_version":"2020-12-22","purchased_purges":1,"victory":false,"max_hp_per_floor":[75,75,75,80,80,80,80,80,80,80,80,80,80,80,80,80,80,80,80,80,80,80,80,80,80,80,80,80,80,80,80,80,80,80,80,80,80,80,80,80,80,80,80,80,80,80,80],"card_choices":[{"not_picked":["hermit:Manifest","hermit:Quickdraw","hermit:WideOpen"],"picked":"SKIP","floor":1.0},{"not_picked":["hermit:LuckOfTheDraw","hermit:HighCaliber"],"picked":"hermit:FlashPowder","floor":3.0},{"not_picked":["hermit:Dive","hermit:ShadowCloak","hermit:Roulette"],"picked":"SKIP","floor":5.0},{"not_picked":["hermit:TakeAim","hermit:NoHoldsBarred"],"picked":"hermit:TakeCover","floor":10.0},{"not_picked":["hermit:Vantage","hermit:HighNoon"],"picked":"hermit:LoneWolf","floor":11.0},{"not_picked":["hermit:Headshot","hermit:Snipe","hermit:TrackingShot"],"picked":"SKIP","floor":12.0},{"not_picked":["hermit:Quickdraw","hermit:CalledShot","hermit:EyeOfTheStorm"],"picked":"SKIP","floor":14.0},{"not_picked":["hermit:HeroicBravado","hermit:FatalDesire"],"picked":"hermit:EternalForm","floor":16.0},{"not_picked":["hermit:TrackingShot","hermit:Midnight","hermit:CalledShot+1"],"picked":"SKIP","floor":18.0},{"not_picked":["hermit:LoneWolf","hermit:Snipe","hermit:CalledShot"],"picked":"SKIP","floor":19.0},{"not_picked":["hermit:BodyArmor","hermit:CalledShot+1"],"picked":"hermit:Glare+1","floor":21.0},{"not_picked":["hermit:Adapt","hermit:Showdown"],"picked":"hermit:NoHoldsBarred+1","floor":23.0},{"not_picked":["hermit:Feint","hermit:Determination+1","hermit:TakeAim"],"picked":"SKIP","floor":27.0},{"not_picked":["hermit:WideOpen+1","hermit:Deadeye","hermit:TrackingShot+1"],"picked":"SKIP","floor":29.0},{"not_picked":["hermit:Magnum","hermit:HighNoon"],"picked":"hermit:EternalForm","floor":33.0},{"not_picked":["hermit:Quickdraw","hermit:Feint","hermit:BigShot+1"],"picked":"SKIP","floor":35},{"not_picked":["hermit:HoleUp","hermit:BodyArmor+1","hermit:Feint"],"picked":"SKIP","floor":38},{"not_picked":["hermit:TakeCover","hermit:Manifest","hermit:Dive"],"picked":"SKIP","floor":41},{"not_picked":["hermit:TakeAim+1","hermit:Gestalt","hermit:Manifest+1"],"picked":"SKIP","floor":44},{"not_picked":["hermit:Spite","hermit:BodyArmor+1","hermit:TrackingShot"],"picked":"SKIP","floor":45}],"player_experience":1228931,"relics_obtained":[{"floor":9.0,"key":"White Beast Statue"},{"floor":10.0,"key":"CaptainsWheel"},{"floor":23.0,"key":"Blood Vial"},{"floor":26.0,"key":"InkBottle"},{"floor":43,"key":"Anchor"}],"event_choices":[{"damage_healed":0.0,"max_hp_gain":0.0,"max_hp_loss":0.0,"gold_gain":0.0,"event_name":"Lab","player_choice":"Got Potions","floor":4.0,"gold_loss":0.0,"damage_taken":0.0},{"damage_healed":0.0,"max_hp_gain":0.0,"max_hp_loss":0.0,"gold_gain":0.0,"event_name":"Back to Basics","player_choice":"Simplicity","floor":22.0,"gold_loss":0.0,"damage_taken":0.0,"cards_upgraded":["hermit:Strike_Hermit","hermit:Strike_Hermit","hermit:Strike_Hermit","hermit:Strike_Hermit","hermit:Defend_Hermit","hermit:Defend_Hermit","hermit:Defend_Hermit","hermit:Defend_Hermit"]},{"damage_healed":0.0,"max_hp_gain":0.0,"max_hp_loss":0.0,"gold_gain":0.0,"event_name":"The Mausoleum","player_choice":"Opened","floor":31.0,"gold_loss":0.0,"damage_taken":0.0,"relics_obtained":["Art of War"],"cards_obtained":["Writhe"]},{"damage_healed":0,"gold_gain":0,"player_choice":"Forge","damage_taken":0,"max_hp_gain":0,"max_hp_loss":0,"event_name":"Accursed Blacksmith","floor":36,"gold_loss":0,"cards_upgraded":["hermit:Cheat"]}],"is_beta":false,"boss_relics":[{"not_picked":["SacredBark","Pandora\u0027s Box"],"picked":"Empty Cage"},{"not_picked":["Philosopher\u0027s Stone","Astrolabe"],"picked":"hermit:ClaspedLocket"}],"items_purged_floors":[7],"is_endless":false,"potions_floor_spawned":[10,11,12,14,16,18,19,21,23,27,29,33,35,38,41,44,45],"killed_by":"3 Darklings","ascension_level":10}}