{"host":"hfcva6mq15ctj0gu","time":1612036868,"event":{"mods":["Abigail Mod","AchievementEnabler","Act Like it!","Alarm Clock","BaseMod","Better Altar","Better Match","Better Skull","Better Third Choice","BetterRewards","Booster Modes","CapriCore","Card Forge","Colored Map","Curses Come First","Disable Question Mark Monsters","Displayed Cursed Tome","Emptier Cage","FoggyMod","Friendly Minions","Gold Saver","Good Game Mod","Grow up Mod","Highlight Path","Kratos Character Expansion","Minty Spire (QoL Compilation)","Permanent Neow","Poem Panic","Remilia??????","Shade Mod","Shop Mod","StSLib","The Immortal","The Servant 0.9.4","The Vixen","Transform Curses","Virulent Crown","????"],"gold_per_floor":[1779,971,1046,1221,1221,537,64,98,98,98,138,155,195,231,231,351,351,371,371,371,58,58,101,9493,9493,9543,8995,10355,10408,10408,10408,13252,13391,13463,13498,13498,13557,13620,13202,13244,12968,13021,13090,13090,13090,13090,15128,15161,14909,14909,14909,14843,14534,14586,14586],"floor_reached":56,"language":"ENG","playtime":3967,"items_purged":[],"score":1996,"play_id":"b9f63079-d642-40cf-af18-f92ca1d8d754","local_time":"20210130210108","is_ascension_mode":false,"campfire_choices":[{"floor":15.0,"key":"RECALL"}],"circlet_count":0,"master_deck":["Vigilance+1","AbbyMod:VoidWhispers+1","Sadistic Nature+1","TalkToTheHand+1","Madness+1","ReachHeaven+1","ThirdEye+1","Violence+1","Secret Technique+1","Study+1","LikeWater+1","TalkToTheHand+1","TalkToTheHand+1","InnerPeace+1","Ragnarok+1","WheelKick+1","Dark Shackles+1","TalkToTheHand+1","Devotion+1","Violence+1","LessonLearned+1","Prostrate+1","Violence+1","Nirvana+1","CutThroughFate+1","WreathOfFlame+1","Ragnarok+1","Alpha+1","Wireheading+1","Sadistic Nature+1","Prostrate+1","Alpha+1","Fasting2+1","Prostrate+1","Madness+1","Fasting2+1","AbbyMod:WormHole+1"],"relics":["PureWater","Hammer of Thor","Seething Fire","Anvil of the Gods","REME:ComplimentaryCards","MerchantsRug","Blue Candle","TheAbacus","Melange","GoldenEye","Bag of Preparation","Juzu Bracelet","ClockworkSouvenir","Oddly Smooth Stone","Toolbox","Lantern","Mummified Hand","Boot","Sundial","Golden Idol","Orichalcum","Bag of Marbles","Odd Mushroom","SlaversCollar","Nilry\u0027s Codex","Sling","Pantograph","Medical Kit","PreservedInsect","Bottled Flame","Centennial Puzzle","Strange Spoon","Bronze Scales","Chemical X","Ginger","CeramicFish","Happy Flower","Question Card","Ancient Tea Set","Toy Ornithopter","Tiny House","CloakClasp","Peace Pipe","Membership Card","MealTicket","Mercury Hourglass","Molten Egg 2","HandDrill","Regal Pillow","Bottled Tornado","Anchor","TeardropLocket","Gremlin Horn","Du-Vu Doll","OrangePellets","Strawberry","Art of War","Blood Vial","Whetstone","PrismaticShard","DollysMirror","InkBottle","Pen Nib","Damaru","TungstenRod"],"acts_visited":["Exordium","TheCity","TheBeyond","TheEnding"],"potions_floor_usage":[38],"damage_taken":[{"damage":4.0,"enemies":"Jaw Worm","floor":1.0,"turns":6.0},{"damage":5.0,"enemies":"3 Sentries","floor":8.0,"turns":9.0},{"damage":0.0,"enemies":"Gremlin Nob","floor":11.0,"turns":3.0},{"damage":0.0,"enemies":"Lagavulin","floor":13.0,"turns":5.0},{"damage":0.0,"enemies":"The Mushroom Lair","floor":14.0,"turns":4.0},{"damage":0.0,"enemies":"The Guardian","floor":16.0,"turns":5.0},{"damage":0,"enemies":"Chosen","floor":18,"turns":1},{"damage":27,"enemies":"Slavers","floor":23,"turns":4},{"damage":0,"enemies":"Book of Stabbing","floor":29,"turns":1},{"damage":0,"enemies":"Champ","floor":33,"turns":4},{"damage":15,"enemies":"3 Shapes","floor":35,"turns":1},{"damage":0,"enemies":"2 Orb Walkers","floor":37,"turns":4},{"damage":66,"enemies":"Mind Bloom Boss Battle","floor":38,"turns":4},{"damage":0,"enemies":"Nemesis","floor":40,"turns":3},{"damage":0,"enemies":"Reptomancer","floor":42,"turns":1},{"damage":0,"enemies":"Nemesis","floor":48,"turns":4},{"damage":20,"enemies":"Donu and Deca","floor":50,"turns":3},{"damage":0,"enemies":"Shield and Spear","floor":54,"turns":2},{"damage":245,"enemies":"The Heart","floor":55,"turns":6}],"seed_played":"4608779695778957126","potions_obtained":[{"floor":1.0,"key":"Strength Potion"},{"floor":11.0,"key":"Fire Potion"},{"floor":13.0,"key":"Energy Potion"},{"floor":18,"key":"GamblersBrew"},{"floor":22,"key":"LazyBrew"},{"floor":22,"key":"LazyBrew"},{"floor":22,"key":"LazyBrew"},{"floor":29,"key":"ColorlessPotion"},{"floor":34,"key":"Regen Potion"},{"floor":38,"key":"BottledMiracle"},{"floor":40,"key":"Swift Potion"}],"is_trial":false,"path_per_floor":["M","$","?","?","?","R","$","E","T","?","E","R","E","?","R","B",null,"M","?","?","$","?","E","$","?","T","$","$","E","?","T","R","B",null,"M","?","?","?","$","E","R","E","T","?","?","?","$","E","R","B",null,"R","$","E","B",null],"character_chosen":"WATCHER","items_purchased":["MerchantsRug","Blue Candle","Darkstone Periapt","TheAbacus","Sadistic Nature","Melange","GoldenEye","Bag of Preparation","Juzu Bracelet","Madness","ReachHeaven","ThirdEye","ClockworkSouvenir","Violence","Oddly Smooth Stone","Toolbox","Lantern","Secret Technique","Study","Mummified Hand","Boot","LikeWater","Sling","WheelKick","Dark Shackles","Devotion","Medical Kit","PreservedInsect","Violence","Bottled Flame","Strange Spoon","Bronze Scales","Prostrate","Violence","Chemical X","Ginger","CeramicFish","Nirvana","Ancient Tea Set","Toy Ornithopter","WreathOfFlame","Ragnarok","Membership Card","MealTicket","Mercury Hourglass","Sadistic Nature","HandDrill","Regal Pillow","Bottled Tornado","Du-Vu Doll","OrangePellets","Strawberry","Blood Vial","Fasting2","Prostrate","Whetstone","PrismaticShard","DollysMirror","InkBottle","Pen Nib","Damaru","Fasting2"],"campfire_rested":0,"item_purchase_floors":[0,0,0,0,0,0,0,2,2,2,2,2,2,2,6,6,6,6,6,7,7,7,21,21,21,24,24,24,24,24,27,27,27,27,28,28,28,28,32,32,32,32,39,39,39,39,41,41,41,47,47,47,49,49,49,49,49,52,53,53,53,53],"current_hp_per_floor":[88,98,97,107,117,127,137,142,152,119,129,139,149,159,169,179,252,262,272,266,276,286,269,279,289,299,309,319,329,339,349,359,394,427,422,392,402,351,361,371,381,391,401,411,421,431,463,473,483,500,549,559,569,579,354],"gold":14586,"neow_bonus":"","is_daily":false,"chose_seed":false,"campfire_upgraded":0,"win_rate":0.0,"timestamp":1612036868,"path_taken":["M","$","?","?","?","R","?","E","T","?","E","R","E","?","R","BOSS","M","?","?","?","?","E","?","?","T","?","$","E","?","?","R","BOSS","M","?","?","?","$","E","R","E","T","?","?","?","?","E","R","BOSS","R","$","E","BOSS"],"items_purchased_type":["Relic","Relic","Relic","Relic","Card","Relic","Relic","Relic","Relic","Card","Card","Card","Relic","Card","Relic","Relic","Relic","Card","Card","Relic","Relic","Card","Relic","Card","Card","Card","Relic","Relic","Card","Relic","Relic","Relic","Card","Card","Relic","Relic","Relic","Card","Relic","Relic","Card","Card","Relic","Relic","Relic","Card","Relic","Relic","Relic","Relic","Relic","Relic","Relic","Card","Card","Relic","Relic","Relic","Relic","Relic","Relic","Card"],"build_version":"2020-12-22","purchased_purges":0,"victory":true,"max_hp_per_floor":[92,102,112,122,132,142,152,162,172,182,192,202,212,222,232,242,252,262,272,282,292,302,312,322,332,342,352,362,372,382,392,402,412,427,437,392,402,412,422,432,442,452,462,472,482,492,509,519,529,539,549,559,569,579,599],"card_choices":[{"not_picked":["PathToVictory","Tantrum"],"picked":"TalkToTheHand","floor":1.0},{"not_picked":["EmptyMind","CutThroughFate"],"picked":"TalkToTheHand","floor":8.0},{"not_picked":["Prostrate","ThirdEye"],"picked":"TalkToTheHand","floor":11.0},{"not_picked":["ThirdEye","Vault"],"picked":"InnerPeace","floor":13.0},{"not_picked":["Devotion","LessonLearned"],"picked":"Ragnarok","floor":16.0},{"not_picked":["BowlingBash","Protect","FlyingSleeves"],"picked":"SKIP","floor":18},{"not_picked":["Crescendo","EmptyBody+1"],"picked":"TalkToTheHand","floor":23},{"not_picked":["JustLucky","FollowUp"],"picked":"CutThroughFate+1","floor":29},{"not_picked":["MasterReality","Vault","Wish"],"picked":"Alpha","floor":33},{"not_picked":["Study+1","Perseverance","BowlingBash+1"],"picked":"Wireheading","floor":34},{"not_picked":["Sanctity","FollowUp","WindmillStrike","FearNoEvil"],"picked":"SKIP","floor":35},{"not_picked":["FlyingSleeves+1","Conclude+1","SandsOfTime+1"],"picked":"Prostrate+1","floor":40},{"not_picked":["Crescendo","EmptyMind","Vengeance"],"picked":"Alpha","floor":42},{"not_picked":["BattleHymn+1","ThirdEye+1","Halt","PathToVictory+1"],"picked":"SKIP","floor":48},{"not_picked":["EmptyBody+1","BloodyTrap","Setup"],"picked":"AbbyMod:WormHole","floor":54}],"player_experience":113933,"relics_obtained":[{"floor":8.0,"key":"Sundial"},{"floor":11.0,"key":"Orichalcum"},{"floor":13.0,"key":"Bag of Marbles"},{"floor":14.0,"key":"Odd Mushroom"},{"floor":23,"key":"Pantograph"},{"floor":26,"key":"Centennial Puzzle"},{"floor":29,"key":"Happy Flower"},{"floor":31,"key":"Question Card"},{"floor":37,"key":"CloakClasp"},{"floor":38,"key":"Peace Pipe"},{"floor":40,"key":"Molten Egg 2"},{"floor":42,"key":"Anchor"},{"floor":43,"key":"TeardropLocket"},{"floor":45,"key":"Gremlin Horn"},{"floor":48,"key":"Art of War"},{"floor":54,"key":"TungstenRod"}],"event_choices":[{"damage_healed":0.0,"max_hp_gain":1.0,"max_hp_loss":0.0,"gold_gain":75.0,"event_name":"betterThird:BetterGoop","player_choice":"Gold","floor":3.0,"gold_loss":0.0,"damage_taken":11.0},{"damage_healed":0.0,"max_hp_gain":0.0,"max_hp_loss":0.0,"gold_gain":175.0,"event_name":"betterThird:BetterSerpent","player_choice":"AGREE","floor":4.0,"gold_loss":0.0,"damage_taken":1046.0},{"damage_healed":0.0,"max_hp_gain":0.0,"max_hp_loss":0.0,"gold_gain":0.0,"cards_transformed":["Strike_P"],"event_name":"Living Wall","player_choice":"Change","floor":5.0,"gold_loss":0.0,"damage_taken":0.0,"cards_obtained":["Perseverance"]},{"damage_healed":0.0,"max_hp_gain":0.0,"max_hp_loss":0.0,"gold_gain":0.0,"event_name":"Golden Idol","player_choice":"Take Damage","floor":10.0,"gold_loss":0.0,"damage_taken":43.0,"relics_obtained":["Golden Idol"]},{"damage_healed":0.0,"max_hp_gain":0.0,"max_hp_loss":0.0,"gold_gain":0.0,"event_name":"Mushrooms","player_choice":"Fought Mushrooms","floor":14.0,"gold_loss":0.0,"damage_taken":0.0},{"damage_healed":0,"gold_gain":0,"player_choice":"Ignored","damage_taken":0,"max_hp_gain":0,"max_hp_loss":0,"event_name":"Beggar","floor":19,"gold_loss":0},{"damage_healed":0,"gold_gain":0,"player_choice":"Obtained Book","damage_taken":16,"max_hp_gain":0,"max_hp_loss":0,"event_name":"Cursed Tome","floor":20,"gold_loss":0},{"damage_healed":0,"gold_gain":0,"cards_transformed":["Perseverance"],"player_choice":"Transformed","damage_taken":0,"max_hp_gain":0,"max_hp_loss":0,"event_name":"Transmorgrifier","floor":25,"gold_loss":0,"cards_obtained":["LessonLearned"]},{"damage_healed":0,"gold_gain":0,"player_choice":"Simplicity","damage_taken":0,"max_hp_gain":0,"max_hp_loss":0,"event_name":"betterThird:BetterWriting","floor":30,"gold_loss":0},{"damage_healed":382,"gold_gain":0,"player_choice":"Heal","damage_taken":0,"max_hp_gain":0,"max_hp_loss":55,"event_name":"The Moai Head","floor":36,"gold_loss":0},{"damage_healed":0,"gold_gain":0,"player_choice":"Fight","damage_taken":0,"max_hp_gain":0,"max_hp_loss":0,"event_name":"Mysterious Sphere","floor":37,"gold_loss":0},{"damage_healed":0,"gold_gain":0,"player_choice":"Fight","damage_taken":0,"max_hp_gain":0,"max_hp_loss":0,"event_name":"MindBloom","floor":38,"gold_loss":0},{"damage_healed":0,"gold_gain":0,"player_choice":"Bought 0 Potions","damage_taken":0,"max_hp_gain":0,"max_hp_loss":0,"event_name":"The Woman in Blue","floor":44,"gold_loss":0},{"damage_healed":0,"gold_gain":0,"player_choice":"Relic","damage_taken":0,"max_hp_gain":0,"max_hp_loss":0,"event_name":"Wheel of Change","floor":45,"gold_loss":0},{"damage_healed":0,"gold_gain":0,"player_choice":"Ignored","damage_taken":0,"max_hp_gain":0,"max_hp_loss":0,"event_name":"Upgrade Shrine","floor":46,"gold_loss":0}],"is_beta":false,"boss_relics":[{"not_picked":["Runic Dome","Ectoplasm"],"picked":"SlaversCollar"},{"not_picked":["Snecko Eye","SacredBark"],"picked":"Tiny House"}],"items_purged_floors":[],"is_endless":false,"potions_floor_spawned":[1,11,13,18,29,38,40,42],"ascension_level":0}}