{"host":"guzbs4v8630hpsy6","time":1612020869,"event":{"mods":["2.2 Compatiblity","AchievementEnabler","BaseMod","Block Reminder","DeckTracker","Highlight Path","Minty Spire (QoL Compilation)","Relic Stats","SuperFastMode"],"gold_per_floor":[117,117,130,150,150,150,163,176,230,269,269,282,282,295,295,391,391,407,407,175,90,113,154,154,181,181,196,206,218,253,253,253,327,327,338,352,201,226,226,260,260,295,295,295,325,405,405,13,13,13],"floor_reached":51,"language":"ENG","playtime":1937,"items_purged":["Zap","Defend_B","Defend_B"],"score":1279,"play_id":"38b58ea2-5aef-4ba1-bf06-97c5b9c743e6","local_time":"20210130233429","is_ascension_mode":true,"campfire_choices":[{"data":"Lockon","floor":6,"key":"SMITH"},{"data":"Go for the Eyes","floor":13,"key":"SMITH"},{"data":"Buffer","floor":15,"key":"SMITH"},{"data":"Coolheaded","floor":32,"key":"SMITH"},{"data":"Hologram","floor":41,"key":"SMITH"},{"data":"Coolheaded","floor":44,"key":"SMITH"},{"data":"Defragment","floor":49,"key":"SMITH"}],"circlet_count":0,"master_deck":["AscendersBane","Defend_B","Defend_B","Dualcast","Lockon+1","Hologram","Genetic Algorithm","Leap","Go for the Eyes+1","Ball Lightning","Ball Lightning+1","Biased Cognition","Leap+1","Lockon+1","Defragment+1","Coolheaded+1","Chill","Turbo","Meteor Strike","Compile Driver+1","Coolheaded+1","Barrage","Reboot","Hologram+1","White Noise","Barrage+1","Defragment+1","Core Surge","Recycle"],"relics":["Philosopher\u0027s Stone","Bloody Idol","Akabeko","Meat on the Bone","Astrolabe","Nilry\u0027s Codex","Runic Capacitor","Bag of Marbles","Girya","Darkstone Periapt","Question Card","Mercury Hourglass","Inserter","Gambling Chip","Whetstone","StrikeDummy","Singing Bowl","Gremlin Horn"],"acts_visited":["Exordium","TheCity","TheBeyond"],"potions_floor_usage":[8,14,18,25,27,31,38,50,50],"damage_taken":[{"damage":5,"enemies":"Small Slimes","floor":1,"turns":4},{"damage":5,"enemies":"2 Louse","floor":3,"turns":3},{"damage":0,"enemies":"Jaw Worm","floor":4,"turns":2},{"damage":10,"enemies":"Looter","floor":7,"turns":4},{"damage":26,"enemies":"Lots of Slimes","floor":8,"turns":6},{"damage":18,"enemies":"Lagavulin","floor":10,"turns":7},{"damage":0,"enemies":"2 Fungi Beasts","floor":12,"turns":3},{"damage":6,"enemies":"3 Louse","floor":14,"turns":3},{"damage":14,"enemies":"Hexaghost","floor":16,"turns":8},{"damage":4,"enemies":"3 Byrds","floor":18,"turns":5},{"damage":2,"enemies":"Shell Parasite","floor":22,"turns":6},{"damage":33,"enemies":"Slavers","floor":23,"turns":9},{"damage":17,"enemies":"Gremlin Leader","floor":25,"turns":9},{"damage":0,"enemies":"Snake Plant","floor":27,"turns":3},{"damage":1,"enemies":"Sentry and Sphere","floor":28,"turns":4},{"damage":13,"enemies":"Chosen and Byrds","floor":29,"turns":5},{"damage":1,"enemies":"Book of Stabbing","floor":30,"turns":6},{"damage":0,"enemies":"Snake Plant","floor":31,"turns":1},{"damage":10,"enemies":"Collector","floor":33,"turns":13},{"damage":2,"enemies":"Orb Walker","floor":35,"turns":3},{"damage":14,"enemies":"3 Darklings","floor":36,"turns":6},{"damage":0,"enemies":"Mind Bloom Boss Battle","floor":38,"turns":6},{"damage":3,"enemies":"Reptomancer","floor":40,"turns":7},{"damage":6,"enemies":"Nemesis","floor":42,"turns":8},{"damage":10,"enemies":"Reptomancer","floor":45,"turns":5},{"damage":13,"enemies":"Time Eater","floor":50,"turns":8}],"seed_played":"-3642942951387163481","potions_obtained":[{"floor":1,"key":"SpeedPotion"},{"floor":8,"key":"Fruit Juice"},{"floor":12,"key":"Strength Potion"},{"floor":14,"key":"AttackPotion"},{"floor":16,"key":"LiquidBronze"},{"floor":18,"key":"FairyPotion"},{"floor":25,"key":"DistilledChaos"},{"floor":30,"key":"SmokeBomb"},{"floor":38,"key":"CultistPotion"},{"floor":40,"key":"BlessingOfTheForge"}],"is_trial":false,"path_per_floor":["M","?","M","M","?","R","M","M","T","E","?","M","R","M","R","B",null,"M","?","$","?","M","E","?","E","T","M","M","M","E","M","R","B",null,"M","M","$","?","?","E","R","E","T","R","E","T","?","$","R","B",null],"character_chosen":"DEFECT","items_purchased":["Runic Capacitor","Fire Potion","Core Surge","Recycle","PowerPotion"],"campfire_rested":0,"item_purchase_floors":[20,37,48,48,48],"current_hp_per_floor":[63,63,58,58,51,51,41,20,20,2,2,14,14,20,20,18,60,56,40,40,40,38,17,17,39,39,44,48,52,56,56,56,51,68,71,62,62,67,67,69,69,68,68,68,63,68,68,68,68,55],"gold":13,"neow_bonus":"BOSS_RELIC","is_daily":false,"chose_seed":false,"campfire_upgraded":7,"win_rate":0.0,"timestamp":1612020869,"path_taken":["M","?","M","M","?","R","M","M","T","E","?","M","R","M","R","BOSS","M","?","$","?","M","E","?","E","T","M","M","M","E","M","R","BOSS","M","M","$","?","?","E","R","E","T","R","E","?","?","$","R","BOSS"],"items_purchased_type":["Relic","Potion","Card","Card","Potion"],"build_version":"2020-12-22","purchased_purges":3,"victory":true,"max_hp_per_floor":[75,69,69,69,69,69,69,74,74,74,74,74,74,74,74,74,74,74,74,74,74,74,74,74,74,74,74,74,74,74,74,74,74,74,74,74,74,74,74,74,74,74,74,74,74,74,74,74,74,74],"relic_stats":{"Darkstone Periapt":0,"Inserter":[20],"Singing Bowl":0,"Gremlin Horn":[0,0],"counters":[26,143],"Astrolabe":["Leap","Lockon","Defragment"],"Whetstone":["Ball Lightning","Compile Driver"],"Question Card":11,"Mercury Hourglass":[241],"Bloody Idol":65,"Gambling Chip":[15],"obtain_stats":[{"Darkstone Periapt":25,"Girya":23,"Inserter":34,"Singing Bowl":43,"Gremlin Horn":45,"Golden Idol":2,"Nilry\u0027s Codex":19,"Astrolabe":17,"Runic Capacitor":20,"Whetstone":40,"Question Card":26,"Akabeko":9,"Mercury Hourglass":30,"Bloody Idol":24,"Gambling Chip":38,"Philosopher\u0027s Stone":0,"Bag of Marbles":21,"Cracked Core":0,"StrikeDummy":42,"Meat on the Bone":10},{"Darkstone Periapt":13,"Girya":12,"Inserter":19,"Singing Bowl":24,"Gremlin Horn":25,"Golden Idol":1,"Nilry\u0027s Codex":10,"Astrolabe":9,"Runic Capacitor":10,"Whetstone":23,"Question Card":13,"Akabeko":5,"Mercury Hourglass":17,"Bloody Idol":12,"Gambling Chip":22,"Philosopher\u0027s Stone":0,"Bag of Marbles":10,"Cracked Core":0,"StrikeDummy":24,"Meat on the Bone":6},{"Darkstone Periapt":69,"Girya":60,"Inserter":101,"Singing Bowl":130,"Gremlin Horn":135,"Golden Idol":4,"Nilry\u0027s Codex":45,"Astrolabe":40,"Runic Capacitor":45,"Whetstone":122,"Question Card":69,"Akabeko":19,"Mercury Hourglass":87,"Bloody Idol":60,"Gambling Chip":115,"Philosopher\u0027s Stone":0,"Bag of Marbles":45,"Cracked Core":0,"StrikeDummy":130,"Meat on the Bone":26}],"Meat on the Bone":72},"card_choices":[{"not_picked":["Auto Shields","Leap"],"picked":"Lockon","floor":1},{"not_picked":["Turbo","Coolheaded"],"picked":"Hologram","floor":3},{"not_picked":["Stack","Conserve Battery"],"picked":"Genetic Algorithm","floor":4},{"not_picked":["Turbo","Redo"],"picked":"Leap","floor":7},{"not_picked":["Hologram","Leap"],"picked":"Go for the Eyes","floor":8},{"not_picked":["Leap","Beam Cell"],"picked":"Buffer","floor":10},{"not_picked":["Steam","Recycle"],"picked":"Ball Lightning","floor":12},{"not_picked":["Streamline","Coolheaded"],"picked":"Ball Lightning","floor":14},{"not_picked":["Core Surge","Electrodynamics"],"picked":"Biased Cognition","floor":16},{"not_picked":["Rebound","Hello World"],"picked":"Coolheaded","floor":18},{"not_picked":["Sweeping Beam","Double Energy","Sunder"],"picked":"SKIP","floor":22},{"not_picked":["Beam Cell+1","Compile Driver"],"picked":"Chill","floor":23},{"not_picked":["Go for the Eyes","Storm"],"picked":"Turbo","floor":25},{"not_picked":["Turbo","Gash","Compile Driver"],"picked":"Meteor Strike","floor":27},{"not_picked":["Hello World","Doom and Gloom","Chill+1"],"picked":"Compile Driver","floor":28},{"not_picked":["Heatsinks","Turbo+1","Hologram"],"picked":"Coolheaded","floor":29},{"not_picked":["Turbo","Go for the Eyes","Conserve Battery+1"],"picked":"Barrage","floor":30},{"not_picked":["All For One","Meteor Strike","Hyperbeam"],"picked":"Reboot","floor":33},{"not_picked":["BootSequence","Cold Snap+1","Coolheaded+1"],"picked":"Hologram","floor":35},{"not_picked":["Stack","Ball Lightning+1","Compile Driver","Leap"],"picked":"SKIP","floor":36},{"not_picked":["Rip and Tear","Barrage","Rebound+1"],"picked":"White Noise","floor":38},{"not_picked":["Lockon","Sweeping Beam","Reboot"],"picked":"Barrage+1","floor":40},{"not_picked":["Stack+1","Leap+1","Sweeping Beam","BootSequence"],"picked":"SKIP","floor":42},{"not_picked":["Conserve Battery+1","Leap","Blizzard"],"picked":"Defragment","floor":45}],"player_experience":555625,"relics_obtained":[{"floor":9,"key":"Akabeko"},{"floor":10,"key":"Meat on the Bone"},{"floor":19,"key":"Nilry\u0027s Codex"},{"floor":23,"key":"Girya"},{"floor":25,"key":"Darkstone Periapt"},{"floor":26,"key":"Question Card"},{"floor":30,"key":"Mercury Hourglass"},{"floor":38,"key":"Gambling Chip"},{"floor":40,"key":"Whetstone"},{"floor":42,"key":"StrikeDummy"},{"floor":43,"key":"Singing Bowl"},{"floor":45,"key":"Gremlin Horn"}],"event_choices":[{"damage_healed":0,"gold_gain":0,"player_choice":"Lose Max HP","damage_taken":0,"relics_obtained":["Golden Idol"],"max_hp_gain":0,"max_hp_loss":6,"event_name":"Golden Idol","floor":2,"gold_loss":0},{"cards_removed":["Strike_B"],"damage_healed":0,"gold_gain":0,"player_choice":"Card Removal","damage_taken":7,"max_hp_gain":0,"max_hp_loss":0,"event_name":"Golden Wing","floor":5,"gold_loss":0},{"damage_healed":0,"gold_gain":0,"player_choice":"Ignored","damage_taken":0,"max_hp_gain":0,"max_hp_loss":0,"event_name":"Liars Game","floor":11,"gold_loss":0},{"damage_healed":0,"gold_gain":0,"player_choice":"Obtained Book","damage_taken":16,"max_hp_gain":0,"max_hp_loss":0,"event_name":"Cursed Tome","floor":19,"gold_loss":0},{"damage_healed":0,"gold_gain":0,"player_choice":"Obtained Relic","damage_taken":0,"relics_obtained":["Bag of Marbles"],"max_hp_gain":0,"max_hp_loss":0,"event_name":"Addict","floor":21,"gold_loss":85},{"damage_healed":0,"gold_gain":0,"player_choice":"Gave Idol","damage_taken":0,"relics_obtained":["Bloody Idol"],"max_hp_gain":0,"max_hp_loss":0,"event_name":"Forgotten Altar","floor":24,"relics_lost":["Golden Idol"],"gold_loss":0},{"damage_healed":0,"gold_gain":0,"player_choice":"Fight","damage_taken":0,"max_hp_gain":0,"max_hp_loss":0,"event_name":"MindBloom","floor":38,"gold_loss":0},{"cards_removed":["Buffer"],"damage_healed":0,"gold_gain":0,"player_choice":"Removed Power","damage_taken":0,"max_hp_gain":0,"max_hp_loss":0,"event_name":"Falling","floor":39,"gold_loss":0},{"damage_healed":0,"gold_gain":0,"player_choice":"Ignored","damage_taken":0,"max_hp_gain":0,"max_hp_loss":0,"event_name":"Tomb of Lord Red Mask","floor":47,"gold_loss":0}],"is_beta":false,"boss_relics":[{"not_picked":["Empty Cage","Runic Dome"],"picked":"Astrolabe"},{"not_picked":["Velvet Choker","Fusion Hammer"],"picked":"Inserter"}],"items_purged_floors":[20,37,48],"is_endless":false,"potions_floor_spawned":[1,8,12,14,16,18,23,25,30,38,40],"ascension_level":13}}