{"host":"b5jaqh8y266k2cz4","time":1612045175,"event":{"mods":["AchievementEnabler","Aspiration","BaseMod","Colored Powertips","Conspire","Downfall","Googly Eyes","Hermit","Highlight Path","Hubris","Infinite Spire","MarisaÅiñ∂âJÅ@ñÇóùçπÅj","Mimic Mod","Minty Spire (QoL Compilation)","Replay The Spire","SOSÅiézîb?îVéqÅj","Spikes Relics","StSLib","Synergy Search","The Animator","The Cursed","The Jungle","The Necromancer","The Servant 0.9.4","The Wild Card","slay the spire mod where everything is the same but ironclad has a cowboy hat","Åyå˜î\ModÅz?ñæìIç≈?Boss"],"gold_per_floor":[111,111,111,121,121,121,152,152,178,110,143,143,155,184,184,286,286,306,306,112,127,139,172,172,183,183,201,201,201,213,247,247,343,343,384,434,281,309,309,309,358,358,381,421,421,463,511,560,560,560],"floor_reached":51,"language":"ENG","playtime":3144,"items_purged":["Replay:Sluggish","downfall:Bewildered","theWildCard:TheUniverse"],"score":1211,"play_id":"b6cb3d89-9cb1-45ba-848f-62a9d45bf88c","local_time":"20210130171935","is_ascension_mode":true,"campfire_choices":[{"data":"theWildCard:Arsene","floor":6,"key":"SMITH"},{"floor":8,"key":"REST"},{"data":"theWildCard:SacrificialStroke","floor":15,"key":"SMITH"},{"floor":32,"key":"DIG"},{"floor":40,"key":"REST"},{"data":"theWildCard:TheArcanaUnleashed","floor":45,"key":"SMITH"},{"data":"theWildCard:PowerOfTheArcana","floor":49,"key":"SMITH"}],"circlet_count":0,"master_deck":["theWildCard:BasicStrike","theWildCard:BasicStrike","theWildCard:BasicStrike","theWildCard:BasicStrike","theWildCard:BasicDefend","theWildCard:BasicDefend","theWildCard:BasicDefend","theWildCard:BasicDefend","theWildCard:Arsene+1","theWildCard:SacrificialStroke+1","theWildCard:SeveringSlash+1","theWildCard:PowerOfTheArcana","theWildCard:ArcaneArts","theWildCard:ArcaneArts","theWildCard:StingingStrike+1","theWildCard:CryOfAgony","theWildCard:PowerOfTheArcana+1","theWildCard:ArcaneArts","theWildCard:MagicalMight+1","theWildCard:Patience","theWildCard:Salvation","theWildCard:SacrificialStroke","ReplayTheSpireMod:Chaos Vortex+1","theWildCard:CryOfAgony+1","theWildCard:ArcaneArts","theWildCard:TheArcanaUnleashed+1","theWildCard:Providence+1","theWildCard:Abstinence","theWildCard:SacrificialStroke","theWildCard:SacrificialStroke","theWildCard:BladeOfGenerations+1","theWildCard:Attunement+1","theWildCard:ChangingDestiny","theWildCard:Providence"],"relics":["theWildCard:VelvetContract","Ring of Panic","ReplayTheSpireMod:Ring of Addiction","hubris:EmptyBottle","SacredBark","Blue Doll","infinitespire:Beetle Shell","ReplayTheSpireMod:CursedCoin","Gremlin Food","Orichalcum","SpikesRelics:ToyHorsey","ChewingGum","BargainBundle","aspiration:Lifesprig","sneckomod:BabySnecko","Replay:Ringing Soul","Painkiller Herb","RollingBoulder","Regal Pillow","infinitespire:EvilPickle","StoneCalendar","theWildCard:FigureOfDeath","Dream Catcher","infinitespire:Eraser","hubris:ToyBattleship"],"acts_visited":["Exordium","TheCity","TheBeyond"],"potions_floor_usage":[7,7,14,14,14,16,22,33,33,50,50,50,50],"damage_taken":[{"damage":6,"enemies":"2 Louse","floor":1,"turns":4},{"damage":2,"enemies":"Jaw Worm","floor":4,"turns":4},{"damage":10,"enemies":"Gremlin Nob","floor":7,"turns":3},{"damage":39,"enemies":"3 Sentries","floor":11,"turns":13},{"damage":0,"enemies":"Small Slimes","floor":13,"turns":6},{"damage":14,"enemies":"Lagavulin","floor":14,"turns":6},{"damage":35,"enemies":"Fading Forest","floor":16,"turns":11},{"damage":31,"enemies":"Chosen","floor":18,"turns":8},{"damage":1,"enemies":"Spheric Guardian","floor":21,"turns":3},{"damage":29,"enemies":"3 Cultists","floor":22,"turns":7},{"damage":4,"enemies":"conspire:Head Lice","floor":23,"turns":11},{"damage":9,"enemies":"Sentry and Sphere","floor":25,"turns":4},{"damage":0,"enemies":"Chosen and Byrds","floor":27,"turns":5},{"damage":0,"enemies":"conspire:HollyBat","floor":30,"turns":5},{"damage":0,"enemies":"Book of Stabbing","floor":31,"turns":4},{"damage":0,"enemies":"Pondfish","floor":33,"turns":5},{"damage":9,"enemies":"3 Shapes","floor":35,"turns":3},{"damage":0,"enemies":"Mind Bloom Boss Battle","floor":36,"turns":3},{"damage":0,"enemies":"3 Darklings","floor":38,"turns":5},{"damage":12,"enemies":"R_Hoarder","floor":41,"turns":5},{"damage":0,"enemies":"Writhing Mass","floor":44,"turns":3},{"damage":6,"enemies":"Spire Growth","floor":46,"turns":3},{"damage":0,"enemies":"4 Shapes","floor":47,"turns":4},{"damage":0,"enemies":"Jaw Worm Horde","floor":48,"turns":4},{"damage":23,"enemies":"Awakened One","floor":50,"turns":10}],"seed_played":"1312101492190642760","potions_obtained":[{"floor":1,"key":"Fire Potion"},{"floor":5,"key":"Fire Potion"},{"floor":5,"key":"SteroidPotion"},{"floor":13,"key":"Regen Potion"},{"floor":21,"key":"AttackPotion"},{"floor":23,"key":"LifebloodPotion"},{"floor":48,"key":"BlessingOfTheForge"}],"is_trial":false,"path_per_floor":["M","?","?","M","?","R","E","R","T","$","E","?","M","E","R","B",null,"M","?","$","M","M","E","?","M","T","M","?","AVR","?","E","T","B",null,"?","?","T","?","AVR","T","E","?","T","?","T","?","?","?","T","B",null],"character_chosen":"THE_WILD_CARD","items_purchased":["ReplayTheSpireMod:CursedCoin","Gremlin Food","BargainBundle","PowerPotion","Strength Potion","theWildCard:PowerOfTheArcana","theWildCard:ArcaneArts","theWildCard:StingingStrike+1","theWildCard:CryOfAgony","theWildCard:Abstinence","theWildCard:SacrificialStroke"],"campfire_rested":2,"item_purchase_floors":[10,10,20,20,20,20,20,20,20,37,37],"current_hp_per_floor":[54,54,54,52,52,52,42,60,60,60,19,19,19,45,45,20,56,25,25,25,24,40,36,36,27,27,27,27,30,33,36,36,39,60,51,54,57,57,57,65,55,55,55,60,60,54,59,67,65,47],"gold":560,"neow_bonus":"RANDOM_EVENT","is_daily":false,"chose_seed":false,"campfire_upgraded":4,"win_rate":0.0,"timestamp":1612045175,"path_taken":["M","?","?","M","?","R","E","R","T","$","E","?","M","E","R","BOSS","M","?","$","M","M","E","?","?","T","M","?","AVR","?","E","T","BOSS","?","?","T","?","AVR","T","E","?","T","?","T","?","?","?","T","BOSS"],"items_purchased_type":["Relic","Relic","Relic","Potion","Potion","Card","Card","Card","Card","Card","Card"],"build_version":"2020-12-22","purchased_purges":3,"victory":true,"max_hp_per_floor":[60,60,60,60,60,60,60,60,60,60,58,58,58,56,56,56,56,56,56,54,54,54,54,54,54,52,52,52,53,56,59,57,60,60,60,63,64,64,64,65,65,62,60,63,63,61,64,67,65,65],"card_choices":[{"not_picked":["theWildCard:Impatience","theWildCard:EnergizedStroke","theWildCard:Unburden"],"picked":"SKIP","floor":1},{"not_picked":["theWildCard:MagicalMight","theWildCard:IdentityTheft"],"picked":"theWildCard:StalwartBlade","floor":4},{"not_picked":["theWildCard:Proficiency","theWildCard:FuelForTheFire","theWildCard:Metatron"],"picked":"SKIP","floor":7},{"not_picked":["theWildCard:ArcanaArtistry","theWildCard:Unburden","theWildCard:Michael"],"picked":"SKIP","floor":11},{"not_picked":["theWildCard:Loki","theWildCard:PaleRider","theWildCard:Alice"],"picked":"SKIP","floor":13},{"not_picked":["theWildCard:StingingStrike","theWildCard:Patience"],"picked":"theWildCard:SacrificialStroke","floor":14},{"not_picked":["theWildCard:UnendingRitual+1","theWildCard:Sakuya"],"picked":"theWildCard:SeveringSlash+1","floor":18},{"not_picked":["theWildCard:SeveringSlash","theWildCard:StingingStrike"],"picked":"theWildCard:PowerOfTheArcana","floor":21},{"not_picked":["theWildCard:EnergyTheft+1","theWildCard:EnergizedStroke"],"picked":"theWildCard:ArcaneArts","floor":22},{"not_picked":["theWildCard:Unburden+1","theWildCard:Sakuya"],"picked":"theWildCard:MagicalMight+1","floor":23},{"not_picked":["theWildCard:BladeOfGenerations+1","theWildCard:ShieldOfMany+1"],"picked":"theWildCard:Salvation","floor":25},{"not_picked":["theWildCard:EnergizedStroke+1","theWildCard:Michael"],"picked":"theWildCard:SacrificialStroke","floor":27},{"not_picked":["theWildCard:StalwartBlade","theWildCard:Proficiency+1"],"picked":"theWildCard:CryOfAgony+1","floor":30},{"not_picked":["theWildCard:Lucifer","theWildCard:BladeOfGenerations"],"picked":"theWildCard:ArcaneArts","floor":31},{"not_picked":["theWildCard:TheUniverse","theWildCard:Thanatos"],"picked":"theWildCard:TheArcanaUnleashed","floor":33},{"not_picked":["theWildCard:ManOfManyFaces+1","theWildCard:BladeOfGenerations","theWildCard:StingingStrike"],"picked":"SKIP","floor":35},{"not_picked":["theWildCard:Proficiency+1","theWildCard:ArchaicAssault+1"],"picked":"theWildCard:Providence+1","floor":36},{"not_picked":["theWildCard:Proficiency","theWildCard:IdentityTheft+1","theWildCard:PaleRider+1"],"picked":"SKIP","floor":38},{"not_picked":["theWildCard:MaskChange+1","theWildCard:Unburden+1"],"picked":"theWildCard:BladeOfGenerations+1","floor":40},{"not_picked":["theWildCard:TheUniverse","theWildCard:LadyLuck","theWildCard:IdentityTheft"],"picked":"SKIP","floor":41},{"not_picked":["theWildCard:Sakuya+1","theWildCard:ArcaneArts"],"picked":"theWildCard:Attunement+1","floor":44},{"not_picked":["theWildCard:Scathach","theWildCard:Unburden+1","theWildCard:StalwartBlade"],"picked":"SKIP","floor":46},{"not_picked":["theWildCard:SacrificialStroke","theWildCard:TheGreatSeal"],"picked":"theWildCard:ChangingDestiny","floor":47},{"not_picked":["theWildCard:Sakuya+1","theWildCard:ArcaneArts"],"picked":"theWildCard:Providence","floor":48}],"player_experience":331707,"relics_obtained":[{"floor":5,"key":"Ring of Panic"},{"floor":5,"key":"ReplayTheSpireMod:Ring of Addiction"},{"floor":5,"key":"hubris:EmptyBottle"},{"floor":5,"key":"SacredBark"},{"floor":7,"key":"Blue Doll"},{"floor":9,"key":"infinitespire:Beetle Shell"},{"floor":11,"key":"Orichalcum"},{"floor":14,"key":"SpikesRelics:ToyHorsey"},{"floor":23,"key":"aspiration:Lifesprig"},{"floor":31,"key":"RollingBoulder"},{"floor":32,"key":"Regal Pillow"},{"floor":36,"key":"StoneCalendar"},{"floor":41,"key":"infinitespire:Eraser"},{"floor":43,"key":"hubris:ToyBattleship"}],"event_choices":[{"damage_healed":0,"gold_gain":0,"cards_transformed":["theWildCard:CallToAdventure"],"player_choice":"Change","damage_taken":0,"max_hp_gain":0,"max_hp_loss":0,"event_name":"Living Wall","floor":0,"gold_loss":0,"cards_obtained":["theWildCard:Loki"]},{"cards_removed":["theWildCard:StalwartBlade"],"damage_healed":0,"gold_gain":0,"player_choice":"Purged","damage_taken":0,"max_hp_gain":0,"max_hp_loss":0,"event_name":"Purifier","floor":12,"gold_loss":0},{"damage_healed":0,"gold_gain":0,"player_choice":"2 cards matched","damage_taken":0,"max_hp_gain":0,"max_hp_loss":0,"event_name":"Match and Keep!","floor":24,"gold_loss":0,"cards_obtained":["theWildCard:TheUniverse","theWildCard:Patience"]},{"damage_healed":0,"gold_gain":0,"player_choice":"Fight","damage_taken":0,"max_hp_gain":0,"max_hp_loss":0,"event_name":"MindBloom","floor":36,"gold_loss":0},{"damage_healed":0,"gold_gain":0,"player_choice":"Max HP","damage_taken":0,"max_hp_gain":0,"max_hp_loss":3,"event_name":"Winding Halls","floor":42,"gold_loss":0}],"is_beta":false,"boss_relics":[{"not_picked":["Philosopher\u0027s Stone","hubris:VirtuousBlindfold"],"picked":"ChewingGum"},{"not_picked":["Snecko Eye","Cursed Key","aspiration:FutureDiary"]}],"items_purged_floors":[10,29,37],"is_endless":false,"potions_floor_spawned":[1,13,21,23,25,35,36,46,47,48],"ascension_level":1}}