{"host":"uv231blk40vjdojr","time":1612011531,"event":{"mods":["BaseMod","Bestiary","Minty Spire (QoL Compilation)","Relic Stats"],"gold_per_floor":[117,117,42,52,68,103,103,120,120,150,176,176,9,25,25,25,25],"floor_reached":16,"language":"ENG","playtime":563,"items_purged":[],"score":245,"play_id":"c48166a1-8a60-4a92-9873-3ca4279e1804","local_time":"20210130135851","is_ascension_mode":true,"campfire_choices":[{"floor":7,"key":"REST"},{"data":"Eruption","floor":12,"key":"SMITH"},{"data":"Meditate","floor":15,"key":"SMITH"}],"circlet_count":0,"master_deck":["AscendersBane","Strike_P","Strike_P","Strike_P+1","Strike_P","Defend_P","Defend_P","Defend_P","Defend_P","Eruption+1","Vigilance","Consecrate","Swivel","Meditate+1","ConjureBlade","WheelKick","SashWhip","LessonLearned","ThirdEye"],"relics":["Velvet Choker","Darkstone Periapt","Yang","Ornamental Fan","Mango","Orichalcum"],"acts_visited":["Exordium"],"potions_floor_usage":[16],"damage_taken":[{"damage":9,"enemies":"2 Louse","floor":1,"turns":3},{"damage":0,"enemies":"Jaw Worm","floor":4,"turns":4},{"damage":12,"enemies":"Small Slimes","floor":5,"turns":3},{"damage":28,"enemies":"Lagavulin","floor":6,"turns":8},{"damage":10,"enemies":"2 Fungi Beasts","floor":8,"turns":3},{"damage":13,"enemies":"3 Sentries","floor":10,"turns":7},{"damage":5,"enemies":"3 Louse","floor":14,"turns":6},{"damage":27,"enemies":"Slime Boss","floor":16,"turns":3}],"seed_played":"-8930741331784973663","potions_obtained":[{"floor":8,"key":"SpeedPotion"}],"is_trial":false,"path_per_floor":["M","?","?","M","M","E","R","M","T","E","T","R","$","M","R","B"],"character_chosen":"WATCHER","items_purchased":["LessonLearned"],"campfire_rested":1,"item_purchase_floors":[13],"current_hp_per_floor":[52,58,58,58,46,18,40,30,30,31,31,31,31,26,26,0,0],"gold":25,"neow_bonus":"BOSS_RELIC","is_daily":false,"chose_seed":false,"campfire_upgraded":2,"win_rate":0.0,"timestamp":1612011531,"path_taken":["M","?","?","M","M","E","R","M","T","E","?","R","$","M","R","BOSS"],"items_purchased_type":["Card"],"build_version":"2020-12-22","purchased_purges":0,"victory":false,"max_hp_per_floor":[68,74,74,74,74,74,74,74,74,88,88,88,88,88,88,88,88],"relic_stats":{"Darkstone Periapt":6,"counters":[8,37],"Ornamental Fan":[16],"Yang":[27],"Orichalcum":[12],"obtain_stats":[{"Darkstone Periapt":2,"Ornamental Fan":9,"Velvet Choker":0,"Yang":6,"Mango":10,"PureWater":0,"Orichalcum":11},{"Darkstone Periapt":1,"Ornamental Fan":5,"Velvet Choker":0,"Yang":4,"Mango":6,"PureWater":0,"Orichalcum":6},{"Darkstone Periapt":3,"Ornamental Fan":21,"Velvet Choker":0,"Yang":18,"Mango":28,"PureWater":0,"Orichalcum":28}]},"card_choices":[{"not_picked":["Crescendo","Swivel"],"picked":"Consecrate","floor":1},{"not_picked":["Halt","JustLucky"],"picked":"Swivel","floor":4},{"not_picked":["Halt","EmptyFist"],"picked":"Meditate","floor":5},{"not_picked":["EmptyBody","ThirdEye"],"picked":"ConjureBlade","floor":6},{"not_picked":["Evaluate","FlyingSleeves"],"picked":"WheelKick","floor":8},{"not_picked":["Pray","Perseverance"],"picked":"SashWhip","floor":10},{"not_picked":["JustLucky","Prostrate"],"picked":"ThirdEye","floor":14}],"player_experience":726527,"relics_obtained":[{"floor":6,"key":"Yang"},{"floor":9,"key":"Ornamental Fan"},{"floor":10,"key":"Mango"},{"floor":11,"key":"Orichalcum"}],"event_choices":[{"damage_healed":0,"gold_gain":0,"player_choice":"Box","damage_taken":0,"relics_obtained":["Darkstone Periapt"],"max_hp_gain":0,"max_hp_loss":0,"event_name":"Big Fish","floor":2,"gold_loss":0,"cards_obtained":["Regret"]},{"cards_removed":["Regret"],"damage_healed":0,"gold_gain":0,"player_choice":"Card Removal","damage_taken":0,"max_hp_gain":0,"max_hp_loss":0,"event_name":"The Cleric","floor":3,"gold_loss":75}],"is_beta":false,"boss_relics":[],"items_purged_floors":[],"is_endless":false,"potions_floor_spawned":[8],"killed_by":"Slime Boss","ascension_level":20}}