{"host":"c3lc60y5x60jlt1y","time":1612050781,"event":{"mods":["AchievementEnabler","BaseMod","Bestiary","Colored Map","Minty Spire (QoL Compilation)","Quick Restart","StSLib","ojb\u0027s Info Mod"],"gold_per_floor":[116,116,116,66,13,33,33,50,50,50,70,101,101,127,127,222,222,241,258,287,30,30,64,64,76,76,76,102,114,114,127,127,222,222,239,239,250,1,51,86,86,111,111,130,352,352,367,23,23,23,23,23,23,50,50],"floor_reached":56,"language":"ENG","playtime":5055,"items_purged":["Strike_P","Parasite"],"score":1301,"play_id":"15f12aa1-f1a0-49b4-87a2-38c672d18ee9","local_time":"20210131015301","is_ascension_mode":false,"campfire_choices":[{"data":"Eruption","floor":7.0,"key":"SMITH"},{"data":"BowlingBash","floor":10.0,"key":"SMITH"},{"data":"Tantrum","floor":13.0,"key":"SMITH"},{"data":"SandsOfTime","floor":15.0,"key":"SMITH"},{"data":"Ragnarok","floor":24.0,"key":"SMITH"},{"data":"Vault","floor":27.0,"key":"SMITH"},{"data":"Fasting2","floor":30.0,"key":"SMITH"},{"floor":32.0,"key":"REST"},{"floor":49.0,"key":"RECALL"},{"data":"CrushJoints","floor":52.0,"key":"SMITH"}],"circlet_count":0,"master_deck":["Defend_P","Eruption+1","Vigilance","BowlingBash+1","MasterReality","EmptyFist","SandsOfTime+1","Tantrum+1","FlurryOfBlows","Ragnarok+1","CrushJoints+1","FlurryOfBlows+1","CutThroughFate","Vault+1","Evaluate+1","Wireheading","Fasting2+1","InnerPeace+1","WaveOfTheHand+1","Omniscience+1","ClearTheMind+1","SashWhip+1","SignatureMove+1","Madness+1","Madness+1","Indignation+1","Secret Technique+1","Alpha+1","TalkToTheHand+1","Finesse+1","Discovery+1"],"relics":["Cursed Key","Omamori","Regal Pillow","Question Card","Ornamental Fan","Sozu","Red Mask","Gremlin Horn","Dream Catcher","Toxic Egg 2","HornCleat","Astrolabe","FossilizedHelix","Vajra","Orichalcum","TeardropLocket","Sundial"],"acts_visited":["Exordium","TheCity","TheBeyond","TheEnding"],"potions_floor_usage":[55],"damage_taken":[{"damage":7.0,"enemies":"Small Slimes","floor":1.0,"turns":2.0},{"damage":0.0,"enemies":"2 Louse","floor":6.0,"turns":1.0},{"damage":3.0,"enemies":"Jaw Worm","floor":8.0,"turns":3.0},{"damage":3.0,"enemies":"Exordium Thugs","floor":11.0,"turns":4.0},{"damage":8.0,"enemies":"Gremlin Nob","floor":12.0,"turns":3.0},{"damage":9.0,"enemies":"3 Sentries","floor":14.0,"turns":3.0},{"damage":31.0,"enemies":"The Guardian","floor":16.0,"turns":9.0},{"damage":0.0,"enemies":"Spheric Guardian","floor":18.0,"turns":2.0},{"damage":4.0,"enemies":"Shell Parasite","floor":19.0,"turns":3.0},{"damage":0.0,"enemies":"Masked Bandits","floor":20.0,"turns":2.0},{"damage":19.0,"enemies":"Book of Stabbing","floor":23.0,"turns":4.0},{"damage":0.0,"enemies":"Centurion and Healer","floor":25.0,"turns":3.0},{"damage":0.0,"enemies":"Slavers","floor":28.0,"turns":3.0},{"damage":0.0,"enemies":"Snake Plant","floor":29.0,"turns":2.0},{"damage":0.0,"enemies":"Snecko","floor":31.0,"turns":2.0},{"damage":0.0,"enemies":"Collector","floor":33.0,"turns":3.0},{"damage":1.0,"enemies":"3 Darklings","floor":35.0,"turns":2.0},{"damage":0.0,"enemies":"3 Shapes","floor":37.0,"turns":6.0},{"damage":0.0,"enemies":"Mind Bloom Boss Battle","floor":39.0,"turns":4.0},{"damage":0.0,"enemies":"Reptomancer","floor":40.0,"turns":4.0},{"damage":19.0,"enemies":"Giant Head","floor":42.0,"turns":7.0},{"damage":0.0,"enemies":"Spire Growth","floor":44.0,"turns":2.0},{"damage":0.0,"enemies":"Sphere and 2 Shapes","floor":47.0,"turns":6.0},{"damage":32.0,"enemies":"Donu and Deca","floor":50.0,"turns":6.0},{"damage":9.0,"enemies":"Shield and Spear","floor":54.0,"turns":4.0},{"damage":57,"enemies":"The Heart","floor":55,"turns":7}],"seed_played":"-2108716606549837975","potions_obtained":[{"floor":1.0,"key":"Fire Potion"},{"floor":6.0,"key":"LiquidMemories"},{"floor":16.0,"key":"Ancient Potion"}],"is_trial":false,"path_per_floor":["M","?","?","?","$","M","R","M","T","R","M","E","R","E","R","B",null,"M","M","?","$","?","E","R","M","T","R","E","M","R","M","R","B",null,"M","?","M","$","?","E","T","E","T","M","?","?","M","$","R","B",null,"R","$","E","B",null],"character_chosen":"WATCHER","items_purchased":["EmptyFist","Gremlin Horn","Secret Technique+1","TeardropLocket"],"campfire_rested":1,"item_purchase_floors":[5,21,38,48],"current_hp_per_floor":[65,62,62,62,62,62,62,59,59,59,56,48,48,39,39,8,72,72,68,68,68,68,49,49,49,49,49,49,49,49,49,72,72,72,71,62,62,62,62,62,62,43,43,43,43,38,38,38,38,6,69,69,69,60,3],"gold":50,"neow_bonus":"BOSS_RELIC","is_daily":false,"chose_seed":false,"campfire_upgraded":8,"win_rate":0.0,"timestamp":1612050781,"path_taken":["M","?","?","?","$","?","R","M","T","R","M","E","R","E","R","BOSS","M","M","?","$","?","E","R","M","T","R","E","M","R","M","R","BOSS","M","?","M","$","?","E","?","E","T","?","?","?","M","?","R","BOSS","R","$","E","BOSS"],"items_purchased_type":["Card","Relic","Card","Relic"],"build_version":"2020-12-22","purchased_purges":2,"victory":true,"max_hp_per_floor":[72,72,72,72,72,72,72,72,72,72,72,72,72,72,72,72,72,72,72,72,72,72,72,72,72,72,72,72,72,72,72,72,72,72,72,72,72,72,72,72,72,72,72,72,72,72,72,69,69,69,69,69,69,69,69],"card_choices":[{"not_picked":["Evaluate","SashWhip"],"picked":"BowlingBash","floor":1.0},{"not_picked":["ThirdEye","BowlingBash"],"picked":"SandsOfTime","floor":6.0},{"not_picked":["FlyingSleeves","Protect","PathToVictory"],"picked":"SKIP","floor":8.0},{"not_picked":["CutThroughFate","EmptyFist"],"picked":"Tantrum","floor":11.0},{"not_picked":["Crescendo","FlyingSleeves","Establishment"],"picked":"SKIP","floor":12.0},{"not_picked":["JustLucky","PathToVictory","Prostrate"],"picked":"FlurryOfBlows","floor":14.0},{"not_picked":["Blasphemy","ConjureBlade","DeusExMachina"],"picked":"Ragnarok","floor":16.0},{"not_picked":["FlyingSleeves","Vengeance+1","Sanctity+1"],"picked":"CrushJoints","floor":18.0},{"not_picked":["EmptyFist+1","Protect","CrushJoints"],"picked":"FlurryOfBlows+1","floor":19.0},{"not_picked":["Wallop","JustLucky+1","ClearTheMind"],"picked":"CutThroughFate","floor":20.0},{"not_picked":["Brilliance","Collect","SandsOfTime"],"picked":"Vault","floor":23.0},{"not_picked":["Crescendo","Vengeance","SignatureMove"],"picked":"Evaluate+1","floor":25.0},{"not_picked":["SignatureMove","PathToVictory+1","EmptyBody+1"],"picked":"Wireheading","floor":28.0},{"not_picked":["EmptyFist","Evaluate+1","ThirdEye+1"],"picked":"Fasting2","floor":29.0},{"not_picked":["CutThroughFate+1","SashWhip","Pray+1"],"picked":"InnerPeace+1","floor":31.0},{"not_picked":["Prostrate+1","InnerPeace+1","Pray+1"],"picked":"WaveOfTheHand+1","floor":32.0},{"not_picked":["Judgement+1","Alpha+1","Devotion"],"picked":"Omniscience+1","floor":33.0},{"not_picked":["CutThroughFate","Prostrate+1","ClearTheMind+1","Consecrate"],"picked":"SKIP","floor":35.0},{"not_picked":["Nirvana+1","EmptyMind+1","BowlingBash"],"picked":"Indignation+1","floor":37.0},{"not_picked":["Nirvana+1","ClearTheMind+1","SandsOfTime"],"picked":"Alpha+1","floor":40.0},{"not_picked":["Weave","FlurryOfBlows","Pray+1"],"picked":"TalkToTheHand+1","floor":42.0},{"not_picked":["ForeignInfluence+1","ThirdEye+1","Devotion","Halt+1"],"picked":"SKIP","floor":44.0},{"not_picked":["Blind+1","Good Instincts+1","Impatience+1"],"picked":"Finesse+1","floor":46.0},{"not_picked":["Secret Weapon+1","Jack Of All Trades+1","Sadistic Nature"],"picked":"Discovery+1","floor":46.0},{"not_picked":["Protect+1","Evaluate+1","ForeignInfluence+1","Vengeance+1"],"picked":"SKIP","floor":47.0},{"not_picked":["Crescendo+1","CrushJoints+1","WheelKick+1","Brilliance"],"picked":"SKIP","floor":54.0}],"player_experience":8865296,"relics_obtained":[{"floor":9.0,"key":"Regal Pillow"},{"floor":12.0,"key":"Question Card"},{"floor":14.0,"key":"Ornamental Fan"},{"floor":20.0,"key":"Red Mask"},{"floor":23.0,"key":"Dream Catcher"},{"floor":26.0,"key":"Toxic Egg 2"},{"floor":28.0,"key":"HornCleat"},{"floor":39.0,"key":"FossilizedHelix"},{"floor":40.0,"key":"Vajra"},{"floor":42.0,"key":"Orichalcum"},{"floor":54.0,"key":"Sundial"}],"event_choices":[{"damage_healed":0.0,"max_hp_gain":0.0,"max_hp_loss":0.0,"gold_gain":0.0,"event_name":"Scrap Ooze","player_choice":"Success","floor":2.0,"gold_loss":0.0,"damage_taken":3.0,"relics_obtained":["Omamori"]},{"damage_healed":0.0,"max_hp_gain":0.0,"max_hp_loss":0.0,"gold_gain":0.0,"cards_transformed":["Strike_P"],"event_name":"Living Wall","player_choice":"Change","floor":3.0,"gold_loss":0.0,"damage_taken":0.0,"cards_obtained":["MasterReality"]},{"cards_removed":["Defend_P"],"damage_healed":0.0,"max_hp_gain":0.0,"max_hp_loss":0.0,"gold_gain":0.0,"event_name":"The Cleric","player_choice":"Card Removal","floor":4.0,"gold_loss":50.0,"damage_taken":0.0},{"damage_healed":0.0,"max_hp_gain":0.0,"max_hp_loss":0.0,"gold_gain":0.0,"event_name":"Masked Bandits","player_choice":"Fought Bandits","floor":20.0,"gold_loss":0.0,"damage_taken":0.0},{"cards_removed":["Strike_P"],"damage_healed":0.0,"max_hp_gain":0.0,"max_hp_loss":0.0,"gold_gain":0.0,"event_name":"Bonfire Elementals","player_choice":"Offered Basic","floor":22.0,"gold_loss":0.0,"damage_taken":0.0},{"damage_healed":0.0,"max_hp_gain":0.0,"max_hp_loss":0.0,"gold_gain":0.0,"event_name":"Winding Halls","player_choice":"Embrace Madness","floor":36.0,"gold_loss":0.0,"damage_taken":9.0,"cards_obtained":["Madness","Madness"]},{"damage_healed":0.0,"max_hp_gain":0.0,"max_hp_loss":0.0,"gold_gain":0.0,"event_name":"MindBloom","player_choice":"Fight","floor":39.0,"gold_loss":0.0,"damage_taken":0.0},{"damage_healed":0.0,"max_hp_gain":0.0,"max_hp_loss":0.0,"gold_gain":222.0,"event_name":"Tomb of Lord Red Mask","player_choice":"Wore Mask","floor":45.0,"gold_loss":0.0,"damage_taken":0.0},{"damage_healed":0.0,"max_hp_gain":0.0,"max_hp_loss":0.0,"gold_gain":0.0,"event_name":"SensoryStone","player_choice":"Memory 2","floor":46.0,"gold_loss":0.0,"damage_taken":5.0}],"is_beta":false,"boss_relics":[{"not_picked":["Fusion Hammer","Runic Dome"],"picked":"Sozu"},{"not_picked":["Tiny House","Coffee Dripper"],"picked":"Astrolabe"}],"items_purged_floors":[38,48],"is_endless":false,"potions_floor_spawned":[1,6,16,19,28,35,37,40,54],"ascension_level":0}}