{"host":"bgyhjzqafgkxdxsh","time":1612007337,"event":{"mods":["BaseMod","Colored Map","Downfall","Minty Spire (QoL Compilation)","Relic Stats","StSLib","everything is the same but u backflip on backflip"],"gold_per_floor":[99,112,22,34,48,81,81,81,101,101,101,114,140,156,174,269,269,169,184,199,211,211,211,211,225,260,279,179,179,279,293,307,412,412,312,327,342,342,354,49,49,49,60,70,170,170,189,203,203,203,203],"floor_reached":49,"language":"ENG","playtime":3034,"items_purged":["hexamod:Strike","Defend_P"],"score":527,"play_id":"247e9304-5d7d-41d5-b100-f792c1b9545c","local_time":"20210130214857","is_ascension_mode":false,"campfire_choices":[{"data":"hexamod:Float","floor":1,"key":"SMITH"},{"data":"hexamod:GiftsFromTheDead","floor":10,"key":"SMITH"},{"data":"hexamod:ForkedFlame","floor":18,"key":"SMITH"},{"floor":23,"key":"RECALL"},{"data":"hexamod:GhostflameBarrier","floor":28,"key":"SMITH"},{"data":"hexamod:RecurringNightmare","floor":35,"key":"SMITH"},{"data":"hexamod:VolcanoVisage","floor":46,"key":"SMITH"}],"circlet_count":0,"master_deck":["hexamod:Strike","hexamod:Defend","hexamod:Defend","hexamod:Defend","hexamod:Sear","hexamod:Float+1","hexamod:GhostLash","hexamod:GhostLash","hexamod:BurningTouch","hexamod:GhostflameBarrier+1","hexamod:GiftsFromTheDead+1","hexamod:FlamesFromBeyond","hexamod:AdvancingGuard","hexamod:Firestarter","hexamod:ForkedFlame+1","hexamod:GhostLash+1","hexamod:Hexaguard","hexamod:FlamesFromBeyond","hexamod:NightmareStrike+1","hexamod:SpectersWail+1","hexamod:UnleashSpirits","hexamod:ThermalTransfer","hexamod:Hexaguard","hexamod:FlamesFromBeyond+1","hexamod:RecurringNightmare+1","hexamod:VolcanoVisage+1","hexamod:TimeOfNeed","hexamod:GhostShield+1","hexamod:StepThrough","hexamod:ForkedFlame+1","hexamod:PowerFromBeyond","hexamod:HeatShield+1","hexamod:GhostShield+1"],"relics":["hexamod:SpiritBrand","Gambling Chip","Shuriken","Bird Faced Urn","Incense Burner","SlaversCollar","downfall:HeartBlessingGreen","Prayer Wheel","Blood Vial","downfall:HeartBlessingRed","Empty Cage","downfall:HeartBlessingBlue","Centennial Puzzle","Membership Card","hexamod:MatchstickCase","Orichalcum","Toy Ornithopter"],"acts_visited":["Exordium","TheCity","TheBeyond"],"potions_floor_usage":[13,16,25,40],"damage_taken":[{"damage":0,"enemies":"Small Slimes","floor":2,"turns":3},{"damage":0,"enemies":"downfall:FleeingMerchant","floor":3,"turns":4},{"damage":2,"enemies":"2 Louse","floor":4,"turns":2},{"damage":0,"enemies":"Cultist","floor":5,"turns":3},{"damage":19,"enemies":"3 Sentries","floor":6,"turns":8},{"damage":0,"enemies":"3 Louse","floor":9,"turns":3},{"damage":0,"enemies":"Exordium Wildlife","floor":12,"turns":3},{"damage":6,"enemies":"Lagavulin","floor":13,"turns":7},{"damage":0,"enemies":"Red Slaver","floor":14,"turns":3},{"damage":0,"enemies":"3 Louse","floor":15,"turns":2},{"damage":6,"enemies":"IC_STATUS_ARCHETYPE","floor":16,"turns":6},{"damage":0,"enemies":"Chosen","floor":19,"turns":3},{"damage":6,"enemies":"Snake Plant","floor":20,"turns":3},{"damage":2,"enemies":"Snecko","floor":21,"turns":6},{"damage":18,"enemies":"Shelled Parasite and Fungi","floor":25,"turns":4},{"damage":9,"enemies":"Gremlin Leader","floor":26,"turns":4},{"damage":8,"enemies":"Centurion and Healer","floor":27,"turns":5},{"damage":4,"enemies":"3 Cultists","floor":31,"turns":4},{"damage":0,"enemies":"Snecko","floor":32,"turns":3},{"damage":18,"enemies":"SI_MIRROR_ARCHETYPE","floor":33,"turns":6},{"damage":0,"enemies":"3 Shapes","floor":36,"turns":3},{"damage":0,"enemies":"3 Darklings","floor":37,"turns":3},{"damage":12,"enemies":"Spire Growth","floor":39,"turns":4},{"damage":0,"enemies":"downfall:FleeingMerchant","floor":40,"turns":4},{"damage":13,"enemies":"4 Shapes","floor":43,"turns":4},{"damage":11,"enemies":"Jaw Worm Horde","floor":44,"turns":3},{"damage":5,"enemies":"downfall:LadyInBlue","floor":45,"turns":4},{"damage":0,"enemies":"Transient","floor":47,"turns":5},{"damage":48,"enemies":"Writhing Mass","floor":48,"turns":5},{"damage":27,"enemies":"Spire Growth","floor":49,"turns":3}],"seed_played":"-6800175803994554688","potions_obtained":[{"floor":5,"key":"champ:CounterPotion"},{"floor":9,"key":"AttackPotion"},{"floor":14,"key":"DuplicationPotion"},{"floor":15,"key":"Weak Potion"},{"floor":19,"key":"Fruit Juice"},{"floor":25,"key":"Strength Potion"},{"floor":33,"key":"Regen Potion"},{"floor":37,"key":"Regen Potion"},{"floor":45,"key":"Strength Potion"}],"is_trial":false,"path_per_floor":["R","M","$","M","M","E","T","?","M","R","?","M","E","M","M","B",null,"R","M","M","M","?","R","T","M","E","M","R","T","?","M","M","B",null,"R","M","M","T","M","$","T","?","M","M","?","R","M","M","M"],"character_chosen":"THE_SPIRIT","items_purchased":["Membership Card","hexamod:MatchstickCase","hexamod:StepThrough"],"campfire_rested":0,"item_purchase_floors":[40,40,40],"current_hp_per_floor":[70,70,70,68,68,49,49,49,49,49,49,49,43,43,43,37,70,70,70,64,62,62,62,62,49,40,34,34,34,34,32,34,18,75,85,85,85,85,73,75,75,75,66,59,60,60,64,20,0,0,0],"gold":203,"neow_bonus":"REMOVE_CARD","is_daily":false,"chose_seed":false,"campfire_upgraded":6,"win_rate":0.0,"timestamp":1612007337,"path_taken":["R","M","$","M","M","E","T","?","M","R","?","M","E","M","M","BOSS","R","M","?","M","?","R","T","M","E","M","R","?","?","M","M","BOSS","R","M","M","?","M","$","T","?","?","M","?","R","?","M","M"],"items_purchased_type":["Relic","Relic","Card"],"build_version":"2020-12-22","purchased_purges":2,"victory":false,"max_hp_per_floor":[70,70,70,70,70,70,70,70,70,70,70,70,70,70,70,70,70,70,70,70,70,70,70,70,75,75,75,75,75,75,75,75,75,75,85,85,85,85,85,85,85,85,85,85,85,85,85,85,85,85,85],"relic_stats":{"Blood Vial":22,"Centennial Puzzle":[18],"counters":[30,120],"Shuriken":[17],"Gambling Chip":[61],"Bird Faced Urn":[14],"Prayer Wheel":11,"Orichalcum":[6],"obtain_stats":[{"downfall:HeartBlessingRed":28,"downfall:HeartBlessingGreen":18,"Incense Burner":13,"Orichalcum":41,"Empty Cage":34,"hexamod:MatchstickCase":40,"Blood Vial":26,"SlaversCollar":17,"Centennial Puzzle":38,"Shuriken":7,"downfall:HeartBlessingBlue":35,"Gambling Chip":6,"Bird Faced Urn":8,"Prayer Wheel":24,"Membership Card":40,"hexamod:SpiritBrand":0,"Toy Ornithopter":45},{"downfall:HeartBlessingRed":17,"downfall:HeartBlessingGreen":11,"Incense Burner":8,"Orichalcum":24,"Empty Cage":20,"hexamod:MatchstickCase":24,"Blood Vial":16,"SlaversCollar":11,"Centennial Puzzle":22,"Shuriken":5,"downfall:HeartBlessingBlue":20,"Gambling Chip":5,"Bird Faced Urn":5,"Prayer Wheel":14,"Membership Card":24,"hexamod:SpiritBrand":0,"Toy Ornithopter":27},{"downfall:HeartBlessingRed":69,"downfall:HeartBlessingGreen":44,"Incense Burner":33,"Orichalcum":96,"Empty Cage":82,"hexamod:MatchstickCase":96,"Blood Vial":64,"SlaversCollar":44,"Centennial Puzzle":88,"Shuriken":20,"downfall:HeartBlessingBlue":82,"Gambling Chip":20,"Bird Faced Urn":20,"Prayer Wheel":56,"Membership Card":96,"hexamod:SpiritBrand":0,"Toy Ornithopter":107}],"Toy Ornithopter":0},"card_choices":[{"not_picked":["hexamod:ShieldOfDarkness","hexamod:SecondSeal"],"picked":"hexamod:GhostLash","floor":2},{"not_picked":["hexamod:BurningTouch","hexamod:InspiringFlames"],"picked":"hexamod:GhostLash","floor":3},{"not_picked":["hexamod:ShieldOfDarkness","hexamod:HeatMetal"],"picked":"hexamod:BurningTouch","floor":4},{"not_picked":["hexamod:BacktrackSmack","hexamod:BurningTouch"],"picked":"hexamod:GhostflameBarrier","floor":5},{"not_picked":["hexamod:GhostShield","hexamod:Rewind"],"picked":"hexamod:GiftsFromTheDead","floor":6},{"not_picked":["hexamod:ShieldOfDarkness","hexamod:RetreatToShadows"],"picked":"hexamod:FlamesFromBeyond","floor":9},{"not_picked":["hexamod:CatchUp","hexamod:HeatMetal"],"picked":"hexamod:AdvancingGuard","floor":12},{"not_picked":["hexamod:Rewind","hexamod:FastForward"],"picked":"hexamod:Firestarter","floor":13},{"not_picked":["hexamod:HauntingEcho","hexamod:SwordOfDarkness","hexamod:ShieldOfDarkness"],"picked":"SKIP","floor":14},{"not_picked":["hexamod:HauntingEcho","hexamod:FirstSeal","hexamod:ShieldOfDarkness"],"picked":"SKIP","floor":15},{"not_picked":["hexamod:GhostflameInferno","hexamod:WildfireWeapon"],"picked":"hexamod:ForkedFlame","floor":16},{"not_picked":["hexamod:NightmareStrike","hexamod:PhantomCloak"],"picked":"hexamod:GhostLash+1","floor":19},{"not_picked":["hexamod:GhostOfSpireFuture","hexamod:NightmareGuise"],"picked":"hexamod:Hexaguard","floor":20},{"not_picked":["hexamod:BacktrackSmack","hexamod:GhostShield"],"picked":"hexamod:FlamesFromBeyond","floor":21},{"not_picked":["hexamod:ExtraCrispy+1","hexamod:GhostLash+1"],"picked":"hexamod:NightmareStrike+1","floor":25},{"not_picked":["hexamod:InspiringFlames","hexamod:BurningTouch+1"],"picked":"hexamod:SpectersWail+1","floor":25},{"not_picked":["hexamod:DynamicBlow+1","hexamod:Hexaguard+1"],"picked":"hexamod:UnleashSpirits","floor":26},{"not_picked":["hexamod:CatchUp","hexamod:ShieldOfDarkness+1"],"picked":"hexamod:ThermalTransfer","floor":27},{"not_picked":["hexamod:BurningTouch","hexamod:Firestarter","hexamod:AdvancingGuard"],"picked":"SKIP","floor":27},{"not_picked":["hexamod:EmpoweredFlame+1","hexamod:ShieldOfDarkness"],"picked":"hexamod:Hexaguard","floor":31},{"not_picked":["hexamod:GhostOfSpireFuture","hexamod:BurningTouch","hexamod:ThermalTransfer"],"picked":"SKIP","floor":31},{"not_picked":["hexamod:DynamicBlow","hexamod:HauntingEcho"],"picked":"hexamod:FlamesFromBeyond+1","floor":32},{"not_picked":["hexamod:GhostOfSpirePast","hexamod:ThermalTransfer"],"picked":"hexamod:RecurringNightmare","floor":32},{"not_picked":["hexamod:GhostOfSpirePresent","hexamod:FifthSeal"],"picked":"hexamod:VolcanoVisage","floor":33},{"not_picked":["hexamod:BacktrackSmack+1","hexamod:SkipABeat","hexamod:Firestarter+1"],"picked":"SKIP","floor":36},{"not_picked":["hexamod:ThermalTransfer+1","hexamod:InspiringFlames","hexamod:ShieldOfDarkness"],"picked":"SKIP","floor":36},{"not_picked":["hexamod:ThermalTransfer","hexamod:PhantomCloak+1"],"picked":"hexamod:TimeOfNeed","floor":37},{"not_picked":["hexamod:FirstSeal","hexamod:Hexaguard","hexamod:FlamesFromBeyond+1"],"picked":"SKIP","floor":37},{"not_picked":["hexamod:Firestarter+1","hexamod:EmpoweredFlame","hexamod:HauntingEcho"],"picked":"SKIP","floor":39},{"not_picked":["hexamod:BurningTouch+1","hexamod:ShieldOfDarkness","hexamod:NightmareGuise"],"picked":"SKIP","floor":39},{"not_picked":["hexamod:Firestarter+1","hexamod:GiftsFromTheDead"],"picked":"hexamod:GhostShield+1","floor":40},{"not_picked":["hexamod:NightmareGuise","hexamod:FastForward","hexamod:Hexaguard+1"],"picked":"SKIP","floor":43},{"not_picked":["hexamod:BacktrackSmack","hexamod:BurningTouch+1","hexamod:ShieldOfDarkness+1"],"picked":"SKIP","floor":43},{"not_picked":["hexamod:SpectralAdrenaline+1","hexamod:GhostOfSpirePast","hexamod:HeatMetal+1"],"picked":"SKIP","floor":44},{"not_picked":["hexamod:SwordOfDarkness","hexamod:HauntingEcho+1","hexamod:AdvancingGuard"],"picked":"SKIP","floor":44},{"not_picked":["hexamod:Firestarter+1","hexamod:ExtraCrispy+1"],"picked":"hexamod:PowerFromBeyond","floor":45},{"not_picked":["hexamod:NightmareGuise","hexamod:FlamesFromBeyond+1"],"picked":"hexamod:HeatShield+1","floor":47},{"not_picked":["hexamod:NightmareGuise+1","hexamod:SwordOfDarkness+1","hexamod:NecessarySacrifice"],"picked":"SKIP","floor":47},{"not_picked":["hexamod:BacktrackSmack","hexamod:InspiringFlames"],"picked":"hexamod:GhostShield+1","floor":48},{"not_picked":["hexamod:UnlimitedPower","hexamod:BacktrackSmack","hexamod:SpectersWail"],"picked":"SKIP","floor":48}],"player_experience":499043,"relics_obtained":[{"floor":6,"key":"Gambling Chip"},{"floor":7,"key":"Shuriken"},{"floor":13,"key":"Incense Burner"},{"floor":24,"key":"Prayer Wheel"},{"floor":26,"key":"Blood Vial"},{"floor":38,"key":"Centennial Puzzle"},{"floor":41,"key":"Orichalcum"},{"floor":45,"key":"Toy Ornithopter"}],"event_choices":[{"damage_healed":0,"gold_gain":0,"player_choice":"Box","damage_taken":0,"relics_obtained":["Bird Faced Urn"],"max_hp_gain":0,"max_hp_loss":0,"event_name":"Big Fish","floor":8,"gold_loss":0,"cards_obtained":["Regret"]},{"cards_removed":["Regret"],"damage_healed":0,"gold_gain":0,"player_choice":"Took Card","damage_taken":0,"max_hp_gain":0,"max_hp_loss":0,"event_name":"NoteForYourself","floor":11,"gold_loss":0,"cards_obtained":["Defend_P"]}],"is_beta":false,"boss_relics":[{"not_picked":["bronze:MakeshiftBattery","Philosopher\u0027s Stone"],"picked":"SlaversCollar"},{"not_picked":["Velvet Choker","Pandora\u0027s Box"],"picked":"Empty Cage"}],"items_purged_floors":[3,40],"is_endless":false,"potions_floor_spawned":[5,9,14,15,19,25,31,33,37,39],"killed_by":"Spire Growth","ascension_level":0}}