{"host":"815dqs41i1y8uxms","time":1612031978,"event":{"mods":["A Penny For Your Troubles","Act Like it!","BaseMod","Dark Map","Elementarium","Fox Events","Minty Spire (QoL Compilation)","Rare Cards Sparkle","Shop Mod","Spire Arcade","StSLib","The Marked"],"gold_per_floor":[115,115,2,14,32,62,62,88,88,98,130,142,142,20,20,119,119,135,135,135,39,58,71,71,91,91,91,22,22,22,22],"floor_reached":30,"language":"ENG","playtime":2134,"items_purged":[],"score":238,"play_id":"1d121be7-d115-46da-980c-cba21bdbcd25","local_time":"20210130193938","is_ascension_mode":false,"campfire_choices":[{"floor":7,"key":"REST"},{"floor":13,"key":"RECALL"},{"floor":15,"key":"REST"},{"data":"theMarked:EmpowerWeapon","floor":24,"key":"SMITH"},{"floor":27,"key":"REST"},{"data":"Panacea","floor":29,"key":"SMITH"}],"circlet_count":0,"master_deck":["theMarked:Strike","theMarked:Strike+1","theMarked:Strike","theMarked:Defend","theMarked:Defend","theMarked:Defend","theMarked:SoldierOfQuellstein+1","theMarked:TakeCover","theMarked:Electrocute","theMarked:Standoff","theMarked:Improvise","theMarked:ElectricStrings","theMarked:ParalyzingBlade","theMarked:Reabsorb","theMarked:RepellingDischarge","theMarked:UnarmedFury","theMarked:EmpowerWeapon+1","theMarked:MuscleMemory","theMarked:SwordAndMagic","theMarked:Challenge","theMarked:AttractMetal+1","theMarked:Snap+1","theMarked:Toughness+1","theMarked:TwofoldDefense+1","Elementarium:StickyTar","Panacea+1","theMarked:MuscleMemory+1","theMarked:RepellingDischarge","theMarked:Overcharge","theMarked:RogueSparks"],"relics":["theMarked:ArtifactOfAir","Boot","Ornamental Fan","Odd Mushroom","theMarked:Gun","Meat on the Bone","Astrolabe","theMarked:SpiritSword","Shuriken"],"acts_visited":["Exordium","Elementarium:Elementarium"],"potions_floor_usage":[6,11,11,30],"damage_taken":[{"damage":2,"enemies":"Small Slimes","floor":1,"turns":3},{"damage":1,"enemies":"Jaw Worm","floor":4,"turns":3},{"damage":0,"enemies":"Cultist","floor":5,"turns":4},{"damage":10,"enemies":"Lagavulin","floor":6,"turns":10},{"damage":5,"enemies":"The Mushroom Lair","floor":8,"turns":4},{"damage":2,"enemies":"Blue Slaver","floor":10,"turns":4},{"damage":4,"enemies":"3 Sentries","floor":11,"turns":5},{"damage":0,"enemies":"Red Slaver","floor":12,"turns":2},{"damage":49,"enemies":"Hexaghost","floor":16,"turns":10},{"damage":9,"enemies":"Elementarium:VoidCorruption","floor":18,"turns":6},{"damage":11,"enemies":"Elementarium:Cyclone","floor":22,"turns":6},{"damage":11,"enemies":"Elementarium:STONE_GOLEMS","floor":23,"turns":4},{"damage":15,"enemies":"Elementarium:VoidBeast","floor":25,"turns":5},{"damage":34,"enemies":"Elementarium:CYCLONE_AND_LIVING_STORMCLOUD","floor":30,"turns":5}],"seed_played":"2825564496805389984","potions_obtained":[{"floor":5,"key":"DistilledChaos"},{"floor":6,"key":"GamblersBrew"},{"floor":8,"key":"theMarked:ChargePotion"},{"floor":22,"key":"Weak Potion"},{"floor":23,"key":"Swift Potion"}],"is_trial":false,"path_per_floor":["M","?","$","M","M","E","R","?","T","M","E","M","R","$","R","B",null,"M","?","?","$","M","M","R","M","T","R","$","R","M"],"character_chosen":"THE_DEFAULT","items_purchased":["theMarked:Electrocute","theMarked:Standoff","theMarked:MuscleMemory","theMarked:SwordAndMagic","Panacea","theMarked:RogueSparks"],"campfire_rested":3,"item_purchase_floors":[3,3,14,14,21,28],"current_hp_per_floor":[68,54,54,53,53,43,64,59,59,57,53,53,53,53,70,33,70,61,35,35,35,24,25,25,22,22,32,32,32,0,0],"gold":22,"neow_bonus":"RANDOM_COMMON_RELIC","is_daily":false,"chose_seed":false,"campfire_upgraded":2,"win_rate":0.0,"timestamp":1612031978,"path_taken":["M","?","$","M","M","E","R","?","T","?","E","M","R","$","R","BOSS","M","?","?","?","M","M","R","M","T","R","$","R","?"],"items_purchased_type":["Card","Card","Card","Card","Card","Card"],"build_version":"2020-12-22","purchased_purges":0,"victory":false,"max_hp_per_floor":[70,70,70,70,70,70,70,70,70,70,70,70,70,70,70,70,70,70,35,35,35,35,35,35,35,35,35,35,35,35,35],"card_choices":[{"not_picked":["theMarked:Memento","theMarked:BanishingStrike"],"picked":"theMarked:TakeCover","floor":1},{"not_picked":["theMarked:WastefulAttack","theMarked:Memento"],"picked":"theMarked:Improvise","floor":4},{"not_picked":["theMarked:ContemptForTheProud","theMarked:Improvise"],"picked":"theMarked:ElectricStrings","floor":5},{"not_picked":["theMarked:TakeCover","theMarked:RepellingDischarge"],"picked":"theMarked:ParalyzingBlade","floor":6},{"not_picked":["theMarked:ResourceFulStrike","theMarked:Indomitable"],"picked":"theMarked:Reabsorb","floor":8},{"not_picked":["theMarked:ElectricStrings","theMarked:ResourceFulStrike"],"picked":"theMarked:RepellingDischarge","floor":10},{"not_picked":["theMarked:Panic","theMarked:BanishingWave"],"picked":"theMarked:UnarmedFury","floor":11},{"not_picked":["theMarked:HeightenedSenses","theMarked:BanishingStrike"],"picked":"theMarked:EmpowerWeapon","floor":12},{"not_picked":["theMarked:DispelDoubt","theMarked:Abjuration"],"picked":"theMarked:Challenge","floor":16},{"not_picked":["theMarked:Overcharge+1","theMarked:ChainLightning"],"picked":"theMarked:TwofoldDefense+1","floor":18},{"not_picked":["theMarked:AttractMetal+1","theMarked:Parry"],"picked":"theMarked:MuscleMemory+1","floor":22},{"not_picked":["theMarked:WastefulAttack","theMarked:Parkour"],"picked":"theMarked:RepellingDischarge","floor":23},{"not_picked":["theMarked:TwofoldDefense+1","theMarked:BanishingStrike+1"],"picked":"theMarked:Overcharge","floor":25}],"player_experience":3711101,"relics_obtained":[{"floor":6,"key":"Ornamental Fan"},{"floor":8,"key":"Odd Mushroom"},{"floor":9,"key":"theMarked:Gun"},{"floor":11,"key":"Meat on the Bone"}],"event_choices":[{"damage_healed":0,"gold_gain":0,"player_choice":"Entered Light","damage_taken":14,"max_hp_gain":0,"max_hp_loss":0,"event_name":"Shining Light","floor":2,"gold_loss":0,"cards_upgraded":["theMarked:SoldierOfQuellstein","theMarked:Strike"]},{"damage_healed":0,"gold_gain":0,"player_choice":"Fought Mushrooms","damage_taken":0,"max_hp_gain":0,"max_hp_loss":0,"event_name":"Mushrooms","floor":8,"gold_loss":0},{"damage_healed":0,"gold_gain":0,"player_choice":"Sacrifice","damage_taken":0,"relics_obtained":["theMarked:SpiritSword"],"max_hp_gain":0,"max_hp_loss":35,"event_name":"Elementarium:GreatTreasure","floor":19,"gold_loss":0},{"damage_healed":0,"gold_gain":0,"player_choice":"Open","damage_taken":0,"relics_obtained":["Shuriken"],"max_hp_gain":0,"max_hp_loss":0,"event_name":"Elementarium:TarCoveredCasket","floor":20,"gold_loss":0,"cards_obtained":["Elementarium:StickyTar"]}],"is_beta":false,"boss_relics":[{"not_picked":["theMarked:BronzeBlade","Snecko Eye"],"picked":"Astrolabe"}],"items_purged_floors":[],"is_endless":false,"potions_floor_spawned":[5,6,8,22,23],"killed_by":"Elementarium:CYCLONE_AND_LIVING_STORMCLOUD","ascension_level":0}}