{"host":"2qv44oxt58ptq59r","time":1612034269,"event":{"mods":["AchievementEnabler","BaseMod","Colored Powertips","Highlight Path","Minty Spire (QoL Compilation)","Permanent Neow","StSLib"],"gold_per_floor":[109,109,123,20,40,40,53,66,66,44,72,72,97,113,113,211,211,227,245,160,9,27,27,27,27,27,27,27,27],"floor_reached":28,"language":"ENG","playtime":9398,"items_purged":[],"score":229,"play_id":"a93a9cc3-f5f4-49ff-ae95-d2b4db6fd579","local_time":"20210130191749","is_ascension_mode":true,"campfire_choices":[{"data":"Eruption","floor":6,"key":"SMITH"},{"floor":15,"key":"RECALL"},{"floor":23,"key":"REST"},{"floor":25,"key":"REST"}],"circlet_count":0,"master_deck":["Strike_P+1","Strike_P+1","Defend_P+1","Defend_P+1","Defend_P+1","Defend_P+1","Eruption+1","Vigilance","Trip","ThirdEye","Perseverance","SpiritShield","ReachHeaven","MentalFortress","EmptyBody","Perseverance","Nirvana","Conclude","JustLucky","WaveOfTheHand","WindmillStrike","BattleHymn","Establishment","ClearTheMind+1","PathToVictory+1","DeusExMachina"],"relics":["PureWater","Juzu Bracelet","Ancient Tea Set","Odd Mushroom","Empty Cage","Ornamental Fan","Damaru","Eternal Feather"],"acts_visited":["Exordium","TheCity"],"potions_floor_usage":[13,19,19,19],"damage_taken":[{"damage":6,"enemies":"2 Louse","floor":1,"turns":3},{"damage":0,"enemies":"Cultist","floor":3,"turns":6},{"damage":0,"enemies":"Small Slimes","floor":5,"turns":4},{"damage":0,"enemies":"Exordium Wildlife","floor":7,"turns":3},{"damage":4,"enemies":"3 Louse","floor":8,"turns":6},{"damage":21,"enemies":"Lagavulin","floor":11,"turns":17},{"damage":15,"enemies":"The Mushroom Lair","floor":13,"turns":5},{"damage":0,"enemies":"Large Slime","floor":14,"turns":4},{"damage":6,"enemies":"Slime Boss","floor":16,"turns":10},{"damage":0,"enemies":"Chosen","floor":18,"turns":8},{"damage":47,"enemies":"3 Byrds","floor":19,"turns":8},{"damage":17,"enemies":"Snecko","floor":22,"turns":9},{"damage":65,"enemies":"Gremlin Leader","floor":28,"turns":7}],"seed_played":"-917795978666224295","potions_obtained":[{"floor":5,"key":"PowerPotion"},{"floor":7,"key":"Regen Potion"},{"floor":13,"key":"EssenceOfSteel"},{"floor":16,"key":"BottledMiracle"},{"floor":19,"key":"FearPotion"}],"is_trial":false,"path_per_floor":["M","?","M","$","M","R","M","M","T","$","E","?","?","M","R","B",null,"M","M","?","$","M","R","?","R","T","$","E"],"character_chosen":"WATCHER","items_purchased":["MentalFortress","EmptyBody","JustLucky","Damaru"],"campfire_rested":2,"item_purchase_floors":[4,4,10,21],"current_hp_per_floor":[66,66,66,66,66,66,66,62,62,62,41,41,38,38,38,32,72,72,25,25,25,8,29,29,50,50,50,0,0],"gold":27,"neow_bonus":"RANDOM_COLORLESS","is_daily":false,"chose_seed":false,"campfire_upgraded":1,"win_rate":0.0,"timestamp":1612034269,"path_taken":["M","?","M","$","M","R","?","?","T","?","E","?","?","M","R","BOSS","M","M","?","$","M","R","?","R","T","$","E"],"items_purchased_type":["Card","Card","Card","Relic"],"build_version":"2020-12-22","purchased_purges":0,"victory":false,"max_hp_per_floor":[72,72,72,72,72,72,72,72,72,72,72,72,72,72,72,72,72,72,72,72,72,72,72,72,72,72,72,72,72],"card_choices":[{"not_picked":["Purity","Deep Breath"],"picked":"Trip","floor":0},{"not_picked":["CrushJoints","FlyingSleeves"],"picked":"ThirdEye","floor":1},{"not_picked":["JustLucky","CutThroughFate"],"picked":"ReachHeaven","floor":3},{"not_picked":["FollowUp","Fasting2"],"picked":"Perseverance","floor":5},{"not_picked":["PathToVictory","LikeWater"],"picked":"Nirvana","floor":7},{"not_picked":["ClearTheMind","EmptyFist"],"picked":"Conclude","floor":8},{"not_picked":["CutThroughFate","Collect"],"picked":"WaveOfTheHand","floor":11},{"not_picked":["EmptyMind","EmptyBody"],"picked":"WindmillStrike","floor":13},{"not_picked":["Protect","JustLucky"],"picked":"BattleHymn","floor":14},{"not_picked":["DevaForm","Omniscience"],"picked":"Establishment","floor":16},{"not_picked":["DeceiveReality+1","PathToVictory"],"picked":"ClearTheMind+1","floor":18},{"not_picked":["EmptyBody+1","CrushJoints+1"],"picked":"PathToVictory+1","floor":19},{"not_picked":["Consecrate","CrushJoints"],"picked":"DeusExMachina","floor":22}],"player_experience":5523557,"relics_obtained":[{"floor":9,"key":"Juzu Bracelet"},{"floor":11,"key":"Ancient Tea Set"},{"floor":13,"key":"Odd Mushroom"},{"floor":26,"key":"Eternal Feather"}],"event_choices":[{"damage_healed":0,"gold_gain":0,"player_choice":"2 cards matched","damage_taken":0,"max_hp_gain":0,"max_hp_loss":0,"event_name":"Match and Keep!","floor":2,"gold_loss":0,"cards_obtained":["Perseverance","SpiritShield"]},{"damage_healed":0,"gold_gain":0,"player_choice":"Ignored","damage_taken":0,"max_hp_gain":0,"max_hp_loss":0,"event_name":"Liars Game","floor":12,"gold_loss":0},{"damage_healed":0,"gold_gain":0,"player_choice":"Fought Mushrooms","damage_taken":0,"max_hp_gain":0,"max_hp_loss":0,"event_name":"Mushrooms","floor":13,"gold_loss":0},{"damage_healed":0,"gold_gain":0,"player_choice":"Obtained Relic","damage_taken":0,"relics_obtained":["Ornamental Fan"],"max_hp_gain":0,"max_hp_loss":0,"event_name":"Addict","floor":20,"gold_loss":85},{"damage_healed":0,"gold_gain":0,"player_choice":"Simplicity","damage_taken":0,"max_hp_gain":0,"max_hp_loss":0,"event_name":"Back to Basics","floor":24,"gold_loss":0,"cards_upgraded":["Strike_P","Strike_P","Defend_P","Defend_P","Defend_P","Defend_P"]}],"is_beta":false,"boss_relics":[{"not_picked":["Calling Bell","Sozu"],"picked":"Empty Cage"}],"items_purged_floors":[],"is_endless":false,"potions_floor_spawned":[5,7,13,16,18,19],"killed_by":"Gremlin Leader","ascension_level":1}}