{"host":"xw61u809yplklae2","time":1612021328,"event":{"mods":["BaseMod","Better Third Choice","Colored Map","Conspire","DeckTracker","Downfall","Hubris","Minty Spire (QoL Compilation)","Replay The Spire","StSLib"],"gold_per_floor":[99,112,112,212,227,227,227,260,275,175,200,212,212,230,248,348,348,248,258,275,293,46,46,93,93,93,103,3,3,3,3,14,116,116,116,131,131,231,246,131,131,116,116,147,179,179,179,195,195,195,195,195,195],"floor_reached":51,"language":"ENG","playtime":3501,"items_purged":["Amnesia","Writhe"],"score":874,"play_id":"07ecc0e0-b683-457c-8f9a-4f8509b6d270","local_time":"20210130104208","is_ascension_mode":true,"campfire_choices":[{"data":"sneckomod:UnknownRarePower","floor":1.0,"key":"SMITH"},{"data":"sneckomod:SnekBite","floor":6.0,"key":"SMITH"},{"data":"sneckomod:Unknown3Cost","floor":10.0,"key":"SMITH"},{"floor":13.0,"key":"RECALL"},{"data":"sneckomod:UnknownRarePower","floor":18.0,"key":"SMITH"},{"data":"sneckomod:UnknownDexterity","floor":25.0,"key":"SMITH"},{"floor":28.0,"key":"REST"},{"data":"sneckomod:UnknownClassSLIMEBOUND","floor":30.0,"key":"SMITH"},{"data":"sneckomod:UnknownBoss","floor":35.0,"key":"SMITH"},{"floor":46,"key":"REST"}],"circlet_count":0,"master_deck":["sneckomod:Strike","sneckomod:Strike","sneckomod:Defend","sneckomod:Defend","sneckomod:Defend","sneckomod:TailWhip","sneckomod:SnekBite+1","sneckomod:Unknown","sneckomod:Unknown","sneckomod:UnknownRarePower+1","sneckomod:UnknownX","sneckomod:Unknown3Cost+1","sneckomod:QuickMove+1","sneckomod:UnknownExhaust","sneckomod:UnknownDexterity+1","sneckomod:UnknownBlock","sneckomod:UnknownRarePower+1","sneckomod:WideSting+1","sneckomod:QuickBite","sneckomod:TrashToTreasure","sneckomod:Unknown3Cost+1","sneckomod:UnknownClassSLIMEBOUND+1","sneckomod:SerpentIdol","sneckomod:Unknown2Cost","sneckomod:UnknownBoss+1","CurseOfTheBell","sneckomod:UnknownStrength+1","sneckomod:UnknownClassPURPLE+1","sneckomod:ImprovisedGuard","sneckomod:QuickMove+1","sneckomod:Nope+1","expansioncontent:Hexaburn+1","sneckomod:UnknownUncommonPower+1","sneckomod:UnknownRareAttack+1","sneckomod:UnknownDraw+1","Echo Form+1"],"relics":["sneckomod:SneckoSoul","m_SnakeBloodCore","hubris:DeckOfHolding","Replay:Bottled Snecko","downfall:HeartBlessingGreen","Bronze Scales","bronze:MakeshiftBattery","downfall:HeartBlessingRed","DollysMirror","hubris:Teleporter","downfall:HeartBlessingBlue","Replay:Bottled Steam","Calling Bell","hubris:TenFootPole","conspire:Flyswatter","CaptainsWheel","Potion Belt","Frozen Egg 2","Blue Doll","Regal Pillow","Prayer Wheel"],"acts_visited":["Exordium","TheCity","TheBeyond","TheEnding"],"potions_floor_usage":[45],"damage_taken":[{"damage":0.0,"enemies":"2 Louse","floor":2.0,"turns":3.0},{"damage":3.0,"enemies":"Small Slimes","floor":5.0,"turns":4.0},{"damage":21.0,"enemies":"Gremlin Nob","floor":8.0,"turns":4.0},{"damage":5.0,"enemies":"conspire:RoseBush","floor":9.0,"turns":3.0},{"damage":6.0,"enemies":"Lagavulin","floor":11.0,"turns":3.0},{"damage":1.0,"enemies":"3 Louse","floor":12.0,"turns":3.0},{"damage":13.0,"enemies":"2 Fungi Beasts","floor":14.0,"turns":4.0},{"damage":2.0,"enemies":"Blue Slaver","floor":15.0,"turns":5.0},{"damage":42.0,"enemies":"DF_ARCHETYPE_STREAMLINE","floor":16.0,"turns":11.0},{"damage":33.0,"enemies":"conspire:FuzzyDice","floor":19.0,"turns":5.0},{"damage":12.0,"enemies":"Snake Plant","floor":20.0,"turns":5.0},{"damage":21.0,"enemies":"Cultist and Chosen","floor":21.0,"turns":6.0},{"damage":4.0,"enemies":"downfall:FleeingMerchant","floor":22.0,"turns":4.0},{"damage":24.0,"enemies":"Chosen and Byrds","floor":27.0,"turns":5.0},{"damage":15.0,"enemies":"conspire:HollyBat","floor":32.0,"turns":8.0},{"damage":48.0,"enemies":"WA_ARCHETYPE_CALM","floor":33.0,"turns":9.0},{"damage":12.0,"enemies":"3 Shapes","floor":36.0,"turns":3.0},{"damage":25.0,"enemies":"downfall:LadyInBlue","floor":38.0,"turns":13.0},{"damage":8.0,"enemies":"Orb Walker","floor":39.0,"turns":2.0},{"damage":15.0,"enemies":"downfall:FleeingMerchant","floor":40.0,"turns":4.0},{"damage":2.0,"enemies":"downfall:FleeingMerchant","floor":42.0,"turns":4.0},{"damage":32.0,"enemies":"R_Hoarder","floor":44.0,"turns":16.0},{"damage":21,"enemies":"Giant Head","floor":45,"turns":8},{"damage":6,"enemies":"3 Darklings","floor":48,"turns":3},{"damage":21,"enemies":"SI_POISON_ARCHETYPE","floor":49,"turns":10},{"damage":112,"enemies":"downfall:CharBossMerchant","floor":51,"turns":7}],"seed_played":"801272573395710298","potions_obtained":[{"floor":2.0,"key":"AttackPotion"},{"floor":8.0,"key":"Venom Potion"},{"floor":15.0,"key":"Weak Potion"},{"floor":16.0,"key":"Toxic Potion"},{"floor":27.0,"key":"SmokeBomb"},{"floor":32.0,"key":"LiquidMemories"},{"floor":33.0,"key":"conspire:TimeTravelPotion"},{"floor":38.0,"key":"ColorlessPotion"},{"floor":38.0,"key":"CultistPotion"},{"floor":38.0,"key":"hexamod:SoulburnPotion"},{"floor":38.0,"key":"GamblersBrew"},{"floor":39.0,"key":"Strength Potion"},{"floor":44.0,"key":"DuplicationPotion"},{"floor":45,"key":"SteroidPotion"},{"floor":48,"key":"Languid Potion"}],"is_trial":false,"path_per_floor":["R","M","?","?","M","R","T","E","M","R","E","M","R","M","M","B",null,"R","M","M","M","$","?","T","R","?","M","R","T","R","?","M","B",null,"R","M","?","?","M","$","T","$","?","E","E","R","?","M","B",null,"E"],"character_chosen":"THE_SNECKO","items_purchased":["DollysMirror"],"campfire_rested":2,"item_purchase_floors":[22],"current_hp_per_floor":[81,81,81,81,81,81,81,63,61,61,58,60,60,50,51,12,81,81,51,42,24,23,23,23,23,23,23,60,60,60,60,63,18,91,91,82,82,87,82,70,70,71,71,57,39,81,81,78,60,91,0,0,0],"gold":195,"neow_bonus":"THREE_RARE_CARDS","is_daily":false,"chose_seed":false,"campfire_upgraded":7,"win_rate":0.0,"timestamp":1612021328,"path_taken":["R","M","?","?","M","R","T","E","M","R","E","M","R","?","M","BOSS","R","M","M","M","$","?","T","R","?","M","R","?","R","?","M","BOSS","R","M","?","?","?","$","T","?","?","E","E","R","?","M","BOSS","E"],"items_purchased_type":["Relic"],"build_version":"2020-12-22","purchased_purges":2,"victory":false,"max_hp_per_floor":[81,81,81,81,81,81,81,81,81,81,81,81,81,81,81,81,81,81,81,81,81,81,81,81,81,81,81,91,91,91,91,91,91,91,91,91,91,91,91,91,91,91,91,91,91,91,91,91,91,91,91,91,91],"card_choices":[{"not_picked":["sneckomod:Mudshield","sneckomod:Unknown3Cost"],"picked":"sneckomod:UnknownRarePower","floor":0.0},{"not_picked":["sneckomod:UnknownClassPURPLE","sneckomod:UnknownCommonSkill"],"picked":"sneckomod:UnknownX","floor":2.0},{"not_picked":["sneckomod:TrashToTreasure","sneckomod:SoulRoll","sneckomod:SoulCleanse"],"picked":"SKIP","floor":5.0},{"not_picked":["sneckomod:Nope","sneckomod:UnknownColorless"],"picked":"sneckomod:Unknown3Cost","floor":8.0},{"not_picked":["sneckomod:UnendingSupply","sneckomod:SoulCleanse"],"picked":"sneckomod:QuickMove","floor":9.0},{"not_picked":["sneckomod:Nope","sneckomod:RainOfDice"],"picked":"sneckomod:UnknownExhaust","floor":11.0},{"not_picked":["sneckomod:UnknownClassTHE_CHAMP_GRAY","sneckomod:QuickBite"],"picked":"sneckomod:UnknownDexterity","floor":12.0},{"not_picked":["sneckomod:UnknownClassGUARDIAN","sneckomod:WideSting","sneckomod:UnknownClassPURPLE"],"picked":"SKIP","floor":14.0},{"not_picked":["sneckomod:UnknownClassGUARDIAN","sneckomod:WideSting","sneckomod:UnknownClassPURPLE"],"picked":"SKIP","floor":14.0},{"not_picked":["sneckomod:UnknownClassTHE_CHAMP_GRAY","sneckomod:QuickMove"],"picked":"sneckomod:UnknownBlock","floor":15.0},{"not_picked":["sneckomod:SerpentMind","sneckomod:SoulExchange"],"picked":"sneckomod:UnknownRarePower","floor":16.0},{"not_picked":["sneckomod:ImprovisedGuard","sneckomod:SerpentIdol"],"picked":"sneckomod:WideSting+1","floor":19.0},{"not_picked":["sneckomod:UnknownClassTHE_CHAMP_GRAY+1","sneckomod:UnknownCommonSkill"],"picked":"sneckomod:QuickBite","floor":20.0},{"not_picked":["sneckomod:DiceCrush","sneckomod:MixItUp+1"],"picked":"sneckomod:TrashToTreasure","floor":21.0},{"not_picked":["sneckomod:UnknownCommonAttack","sneckomod:DiceCrush","sneckomod:SoulRoll"],"picked":"SKIP","floor":22.0},{"not_picked":["sneckomod:DiceCrush","sneckomod:SerpentMind"],"picked":"sneckomod:UnknownClassSLIMEBOUND","floor":27.0},{"not_picked":["sneckomod:MasterEye+1","sneckomod:QuickMove"],"picked":"sneckomod:Unknown2Cost","floor":32.0},{"not_picked":["sneckomod:Cheat","sneckomod:SerpentMind"],"picked":"sneckomod:UnknownBoss","floor":33.0},{"not_picked":["sneckomod:DefensiveFlair","sneckomod:UnknownClassRED+1"],"picked":"sneckomod:UnknownStrength+1","floor":36.0},{"not_picked":["sneckomod:UnknownDraw","sneckomod:SoulRoll"],"picked":"sneckomod:UnknownClassPURPLE+1","floor":38.0},{"not_picked":["sneckomod:Cheat","sneckomod:UnknownClassRED"],"picked":"sneckomod:ImprovisedGuard","floor":39.0},{"not_picked":["sneckomod:UnknownDexterity+1","sneckomod:SoulExchange"],"picked":"sneckomod:QuickMove+1","floor":40.0},{"not_picked":["sneckomod:UnknownExhaust","sneckomod:UnknownClassGREEN"],"picked":"sneckomod:Nope+1","floor":42.0},{"not_picked":["Replay:SS_hec_1","expansioncontent:InvincibleStrength"],"picked":"expansioncontent:Hexaburn","floor":43.0},{"not_picked":["sneckomod:UnknownWeak+1","sneckomod:UnknownColorless+1"],"picked":"sneckomod:UnknownUncommonPower+1","floor":44.0},{"not_picked":["sneckomod:UnknownClassGREEN","sneckomod:TrashToTreasure"],"picked":"sneckomod:UnknownRareAttack","floor":45},{"not_picked":["sneckomod:UnknownBlock","sneckomod:UnknownCommonAttack+1"],"picked":"sneckomod:UnknownDraw+1","floor":48}],"player_experience":904009,"relics_obtained":[{"floor":7.0,"key":"hubris:DeckOfHolding"},{"floor":8.0,"key":"Replay:Bottled Snecko"},{"floor":11.0,"key":"Bronze Scales"},{"floor":29.0,"key":"Replay:Bottled Steam"},{"floor":34.0,"key":"hubris:TenFootPole"},{"floor":34.0,"key":"conspire:Flyswatter"},{"floor":34.0,"key":"CaptainsWheel"},{"floor":38.0,"key":"Potion Belt"},{"floor":41.0,"key":"Frozen Egg 2"},{"floor":44.0,"key":"Blue Doll"},{"floor":45,"key":"Regal Pillow"}],"event_choices":[{"damage_healed":0.0,"max_hp_gain":0.0,"max_hp_loss":0.0,"gold_gain":0.0,"event_name":"Vampires","player_choice":"Ignored","floor":26.0,"gold_loss":0.0,"damage_taken":0.0},{"cards_removed":["sneckomod:Strike"],"damage_healed":0.0,"max_hp_gain":0.0,"max_hp_loss":0.0,"gold_gain":0.0,"event_name":"Falling","player_choice":"Removed Attack","floor":37.0,"gold_loss":0.0,"damage_taken":0.0}],"is_beta":false,"boss_relics":[{"not_picked":["Replay:Grab Bag","SacredBark"],"picked":"bronze:MakeshiftBattery"},{"not_picked":["hubris:BlackHole","hubris:HollowSoul"],"picked":"Calling Bell"}],"items_purged_floors":[22,40],"is_endless":false,"potions_floor_spawned":[2,8,15,16,27,32,33,38,39,44,45,48],"killed_by":"downfall:CharBossMerchant","ascension_level":3}}