{"host":"jumrmhf584hajrnz","time":1612036278,"event":{"mods":["BaseMod","Duelist Mod","GifTheSpireLib","Minty Spire (QoL Compilation)","Quick Restart","StSLib"],"gold_per_floor":[142,142,142,162,82,82,101,127,154,175,219,219,257,272,272,365,365,384,309,280,280,240,240,274,274,274,86,104,117,135,149,149,223,223,236,250,250,265,265,293,293,307,307,322,377,418,445,445,445,445,445],"floor_reached":50,"language":"ENG","playtime":3739,"items_purged":[],"score":1139,"play_id":"6e377b76-1d6f-424a-ab72-7079a4de4526","local_time":"20210130205118","is_ascension_mode":true,"campfire_choices":[{"floor":6,"key":"REST"},{"floor":12,"key":"REST"},{"floor":15,"key":"REST"},{"floor":23,"key":"RECALL"},{"floor":32,"key":"REST"},{"floor":41,"key":"REST"},{"floor":49,"key":"REST"}],"circlet_count":0,"master_deck":["theDuelist:Tuningware","theDuelist:GravityBlaster","theDuelist:CastleWalls","theDuelist:YellowGadget","theDuelist:GravityAxe","theDuelist:AncientGearChimera","theDuelist:PlatinumGadget","theDuelist:VampireCurse","AscendersBane","theDuelist:Deskbot004","theDuelist:GravityBlaster","Flash of Steel","theDuelist:Sparks","theDuelist:Deskbot005","theDuelist:PsychicShockwave","theDuelist:GearGigant","theDuelist:Tuningware","theDuelist:WonderGarage","theDuelist:IronDraw","theDuelist:GreenGadget","theDuelist:Sparks","theDuelist:Deskbot001","theDuelist:DoubleTool","theDuelist:GreenGadget","theDuelist:PlatinumGadget","theDuelist:MegafleetDragon","theDuelist:Deskbot004","theDuelist:JinzoLord+1","theDuelist:CardsFromTheSky","theDuelist:Tuningware","theDuelist:ArtifactSanctum","theDuelist:TokenVacuum","theDuelist:Mixeroid","theDuelist:PineappleBlast","theDuelist:Deskbot005","theDuelist:GearGigant","theDuelist:Biofalcon","theDuelist:Biofalcon+1","theDuelist:NightmareWheel+1","theDuelist:AncientGearChimera+1"],"relics":["theDuelist:MillenniumPuzzle","theDuelist:CardPoolRelic","theDuelist:CardPoolBasicRelic","theDuelist:BoosterPackPoolRelic","theDuelist:CardPoolAddRelic","theDuelist:CardPoolMinusRelic","theDuelist:CardPoolSaveRelic","theDuelist:CardPoolOptionsRelic","Smiling Mask","Bloody Idol","Akabeko","theDuelist:DuelistOrichalcum","theDuelist:RouletteWheel","Bronze Scales","theDuelist:MillenniumKey","Pear","Oddly Smooth Stone","Mark of Pain","theDuelist:MillenniumRing","Nunchaku","Lantern","CeramicFish","FossilizedHelix","Ginger","Torii","Red Skull"],"acts_visited":["Exordium","TheCity","TheBeyond"],"potions_floor_usage":[11,38,47,50],"damage_taken":[{"damage":6,"enemies":"Jaw Worm","floor":1,"turns":4},{"damage":1,"enemies":"2 Louse","floor":4,"turns":3},{"damage":0,"enemies":"Small Slimes","floor":7,"turns":3},{"damage":0,"enemies":"2 Fungi Beasts","floor":10,"turns":3},{"damage":12,"enemies":"Gremlin Nob","floor":11,"turns":5},{"damage":14,"enemies":"3 Sentries","floor":13,"turns":8},{"damage":13,"enemies":"3 Louse","floor":14,"turns":2},{"damage":16,"enemies":"Slime Boss","floor":16,"turns":12},{"damage":8,"enemies":"2 Thieves","floor":18,"turns":3},{"damage":38,"enemies":"Gremlin Leader","floor":24,"turns":5},{"damage":0,"enemies":"3 Byrds","floor":28,"turns":3},{"damage":0,"enemies":"3 Cultists","floor":29,"turns":5},{"damage":6,"enemies":"Cultist and Chosen","floor":30,"turns":4},{"damage":12,"enemies":"Chosen and Byrds","floor":31,"turns":3},{"damage":46,"enemies":"Champ","floor":33,"turns":10},{"damage":28,"enemies":"3 Darklings","floor":35,"turns":3},{"damage":0,"enemies":"3 Shapes","floor":36,"turns":6},{"damage":24,"enemies":"Maw","floor":38,"turns":7},{"damage":24,"enemies":"Reptomancer","floor":40,"turns":7},{"damage":0,"enemies":"Spire Growth","floor":42,"turns":2},{"damage":6,"enemies":"Sphere and 2 Shapes","floor":44,"turns":2},{"damage":0,"enemies":"Sphere and 2 Shapes","floor":45,"turns":6},{"damage":30,"enemies":"Nemesis","floor":46,"turns":7},{"damage":18,"enemies":"Jaw Worm Horde","floor":47,"turns":3},{"damage":49,"enemies":"Time Eater","floor":50,"turns":6}],"seed_played":"7723491370997987120","potions_obtained":[{"floor":4,"key":"theDuelist:SolderPotionB"},{"floor":10,"key":"theDuelist:SummonArmorPotion"},{"floor":28,"key":"PowerPotion"},{"floor":40,"key":"HeartOfIron"},{"floor":44,"key":"PowerPotion"}],"is_trial":false,"path_per_floor":["M","?","?","M","$","R","M","T","T","M","E","R","E","M","R","B",null,"M","?","$","?","$","R","E","?","T","$","M","M","M","M","R","B",null,"M","M","?","M","T","E","R","M","T","M","?","E","M","?","R","B"],"character_chosen":"THE_DUELIST","items_purchased":["theDuelist:Mixeroid","theDuelist:GearGigant","theDuelist:WonderGarage","theDuelist:GravityAxe","theDuelist:Tuningware","Flash of Steel"],"campfire_rested":6,"item_purchase_floors":[5,20,22,27,27,27],"current_hp_per_floor":[57,33,15,14,14,35,35,35,35,35,23,44,30,17,38,22,58,50,50,50,50,50,50,27,27,27,27,32,37,36,29,53,12,63,40,45,45,26,26,7,31,36,36,35,45,25,17,17,41,0,0],"gold":445,"neow_bonus":"RANDOM_COMMON_RELIC","is_daily":false,"chose_seed":false,"campfire_upgraded":0,"win_rate":0.0,"timestamp":1612036278,"path_taken":["M","?","?","M","$","R","M","?","T","M","E","R","E","M","R","BOSS","M","?","$","?","$","R","E","?","T","?","M","M","M","M","R","BOSS","M","?","?","M","?","E","R","M","T","M","?","E","M","?","R","BOSS"],"items_purchased_type":["Card","Card","Card","Card","Card","Card"],"build_version":"2020-12-22","purchased_purges":0,"victory":false,"max_hp_per_floor":[70,70,70,70,70,70,70,70,70,70,70,70,70,70,70,70,70,70,70,70,70,70,70,80,80,80,80,80,80,80,80,80,80,80,80,80,80,80,80,80,80,80,80,80,80,80,80,80,80,80,80],"card_choices":[{"not_picked":["theDuelist:PowerGiant","theDuelist:FluteKuriboh","theDuelist:BlackPendant","theDuelist:WingedKuriboh"],"picked":"theDuelist:MegafleetDragon","floor":1},{"not_picked":["theDuelist:GreenGadget","theDuelist:Biofalcon","theDuelist:FrontlineObserver","theDuelist:RedGadget"],"picked":"theDuelist:GearGigant","floor":4},{"not_picked":["theDuelist:GenexAllyBirdman","theDuelist:Deskbot004","theDuelist:YellowGadget","theDuelist:ScrapBeast"],"picked":"theDuelist:Tuningware","floor":7},{"not_picked":["theDuelist:CyberArchfiend","theDuelist:CyberRaider","theDuelist:Factory100Machines","theDuelist:ScrapBeast"],"picked":"theDuelist:AncientGearChimera","floor":10},{"not_picked":["theDuelist:TokenVacuum","theDuelist:Geargiauger","theDuelist:CannonSoldier","theDuelist:BlastWithChain"],"picked":"theDuelist:Deskbot001","floor":11},{"not_picked":["theDuelist:SolemnWarning","theDuelist:PineappleBlast","theDuelist:OrcustCrescendo","theDuelist:Deskbot009"],"picked":"theDuelist:PlatinumGadget","floor":13},{"not_picked":["theDuelist:Geargiauger","theDuelist:Tuningware","theDuelist:CyberArchfiend","theDuelist:FrontlineObserver"],"picked":"theDuelist:GravityBlaster","floor":14},{"not_picked":["theDuelist:Apoqliphort","theDuelist:SatelliteCannon","theDuelist:NightmareWheel","theDuelist:MachineKingPrototype"],"picked":"theDuelist:PlatinumGadget","floor":16},{"not_picked":["theDuelist:CyberneticOverflow","theDuelist:CemetaryBomb+1","theDuelist:BlindDestruction+1","theDuelist:BlastWithChain"],"picked":"theDuelist:TokenVacuum","floor":18},{"not_picked":["theDuelist:FrontlineObserver","theDuelist:Deskbot003","theDuelist:CoreBlaster","theDuelist:GenexAllyBirdman"],"picked":"theDuelist:Tuningware","floor":24},{"not_picked":["theDuelist:BlastJuggler","theDuelist:ScrapIronScarecrow","theDuelist:Factory100Machines","theDuelist:Deskbot004"],"picked":"theDuelist:GreenGadget","floor":28},{"not_picked":["theDuelist:GenexAllyBirdman","theDuelist:Deskbot001","theDuelist:CannonSoldier","theDuelist:FlyingPegasus"],"picked":"theDuelist:DoubleTool","floor":29},{"not_picked":["theDuelist:ArtifactSanctum+1","theDuelist:TokenVacuum","theDuelist:WonderGarage+1"],"picked":"theDuelist:GravityBlaster","floor":30},{"not_picked":["theDuelist:BlastingFuse","theDuelist:SolemnStrike","theDuelist:OrcustCrescendo+1","theDuelist:SolemnWarning"],"picked":"theDuelist:PineappleBlast","floor":31},{"not_picked":["theDuelist:SolemnWarning","theDuelist:NightmareWheel","theDuelist:IronhammerGiant","theDuelist:GravityLash"],"picked":"theDuelist:JinzoLord+1","floor":33},{"not_picked":["theDuelist:Deskbot001","theDuelist:AncientGearBox","theDuelist:StimPack","theDuelist:CyberneticOverflow"],"picked":"theDuelist:YellowGadget","floor":35},{"not_picked":["theDuelist:WonderGarage","theDuelist:MetalholdMovingBlockade+1","theDuelist:BlastingFuse"],"picked":"theDuelist:ArtifactSanctum","floor":36},{"not_picked":["theDuelist:DoubleTool","theDuelist:Deskbot001","theDuelist:Factory100Machines","theDuelist:LimiterRemoval"],"picked":"theDuelist:CardsFromTheSky","floor":38},{"not_picked":["theDuelist:ParallelPortArmor","theDuelist:MetalDetector","theDuelist:ArtifactIgnition","theDuelist:AncientGearWorkshop"],"picked":"theDuelist:IronDraw","floor":40},{"not_picked":["theDuelist:TokenVacuum","theDuelist:ImperialOrder+1","theDuelist:CyberneticOverflow+1","theDuelist:BlastWithChain"],"picked":"theDuelist:PsychicShockwave","floor":42},{"not_picked":["theDuelist:OrbitalBombardment","theDuelist:ElectromagneticTurtle+1","theDuelist:AllySalvo","theDuelist:Flashbang","theDuelist:CyberneticOverflow"],"picked":"SKIP","floor":44},{"not_picked":["theDuelist:Deskbot004+1","theDuelist:CoreBlaster+1","theDuelist:BlastJuggler","theDuelist:OrbitalBombardment+1"],"picked":"theDuelist:Biofalcon+1","floor":45},{"not_picked":["theDuelist:MachineKingPrototype","theDuelist:Deskbot007+1"],"picked":"theDuelist:NightmareWheel+1","floor":46},{"not_picked":["theDuelist:RainbowBridge","theDuelist:Quariongandrax+1","theDuelist:OrbitalBombardment","theDuelist:QuillboltHedgehog"],"picked":"theDuelist:AncientGearChimera+1","floor":47}],"player_experience":1636839,"relics_obtained":[{"floor":9,"key":"theDuelist:DuelistOrichalcum"},{"floor":11,"key":"theDuelist:RouletteWheel"},{"floor":13,"key":"Bronze Scales"},{"floor":24,"key":"Pear"},{"floor":26,"key":"Oddly Smooth Stone"},{"floor":39,"key":"Nunchaku"},{"floor":40,"key":"Lantern"},{"floor":43,"key":"CeramicFish"},{"floor":45,"key":"FossilizedHelix"},{"floor":45,"key":"Ginger"},{"floor":45,"key":"Torii"},{"floor":46,"key":"Red Skull"}],"event_choices":[{"damage_healed":0,"gold_gain":0,"player_choice":"Take Damage","damage_taken":24,"relics_obtained":["Golden Idol"],"max_hp_gain":0,"max_hp_loss":0,"event_name":"Golden Idol","floor":2,"gold_loss":0},{"damage_healed":0,"gold_gain":0,"player_choice":"Success","damage_taken":18,"relics_obtained":["Akabeko"],"max_hp_gain":0,"max_hp_loss":0,"event_name":"Scrap Ooze","floor":3,"gold_loss":0},{"cards_removed":["theDuelist:CastleWalls"],"damage_healed":0,"gold_gain":0,"player_choice":"Gave Gold","damage_taken":0,"max_hp_gain":0,"max_hp_loss":0,"event_name":"Beggar","floor":19,"gold_loss":75},{"damage_healed":0,"gold_gain":0,"player_choice":"Gave Idol","damage_taken":0,"relics_obtained":["Bloody Idol"],"max_hp_gain":0,"max_hp_loss":0,"event_name":"Forgotten Altar","floor":21,"relics_lost":["Golden Idol"],"gold_loss":0},{"damage_healed":0,"gold_gain":0,"player_choice":"Ignored","damage_taken":0,"max_hp_gain":0,"max_hp_loss":0,"event_name":"Cursed Tome","floor":25,"gold_loss":0},{"damage_healed":0,"gold_gain":0,"player_choice":"Took item - Received: Millennium Ring","duelist":true,"damage_taken":0,"max_hp_gain":0,"max_hp_loss":0,"event_name":"Millennium Items","floor":37,"gold_loss":0},{"damage_healed":0,"gold_gain":0,"player_choice":"Fight","duelist":true,"damage_taken":0,"max_hp_gain":0,"max_hp_loss":0,"event_name":"Battle City","floor":45,"gold_loss":0},{"damage_healed":0,"gold_gain":0,"player_choice":"Leave","duelist":true,"damage_taken":0,"max_hp_gain":0,"max_hp_loss":0,"event_name":"Tomb of the Nameless","floor":48,"gold_loss":0}],"is_beta":false,"boss_relics":[{"not_picked":["theDuelist:HauntedRelic","Pandora\u0027s Box"],"picked":"theDuelist:MillenniumKey"},{"not_picked":["Runic Dome","SlaversCollar"],"picked":"Mark of Pain"}],"items_purged_floors":[],"is_endless":false,"potions_floor_spawned":[4,10,16,28,29,31,35,40,42,44,45],"killed_by":"Time Eater","ascension_level":20}}