{"host":"zx10cf1fsoa3eqiy","time":1612030776,"event":{"mods":["BaseMod","Colored Powertips","Downfall","Highlight Path","Minty Spire (QoL Compilation)","Quick Restart","Replay The Spire","Shop Mod","StSLib","Td1madao Mod","The Servant 0.9.4","Yuri Mod"],"gold_per_floor":[99,99,99,99,99,549,549,549,564,464,464,464,464],"floor_reached":11,"language":"ZHS","playtime":174,"items_purged":[],"score":57,"play_id":"536a1626-be3e-443e-9341-63feed9391d7","local_time":"20210131021936","is_ascension_mode":false,"campfire_choices":[{"floor":1,"key":"RECALL"},{"data":"bronze:Boost","floor":10,"key":"SMITH"}],"circlet_count":0,"master_deck":["bronze:Strike","bronze:Strike","bronze:Strike","bronze:Strike","bronze:Defend","bronze:Defend","bronze:Defend","bronze:Defend","bronze:Replicate","bronze:Goto","Pain","bronze:WhirlingStrike","downfall:Icky","downfall:Icky","downfall:Icky","bronze:Repulsor","bronze:Boost+1"],"relics":["bronze:BronzeCore","downfall:HeartsMalice","WarpedTongs","Mango","Blue Candle","downfall:HeartBlessingRed"],"acts_visited":["Exordium"],"potions_floor_usage":[],"damage_taken":[{"damage":0,"enemies":"2 Louse","floor":3,"turns":1},{"damage":0,"enemies":"Cultist","floor":4,"turns":1},{"damage":0,"enemies":"Small Slimes","floor":8,"turns":1},{"damage":17,"enemies":"3 Louse","floor":9,"turns":3},{"damage":0,"enemies":"3 Sentries","floor":11,"turns":1}],"seed_played":"-3590492724846688745","potions_obtained":[{"floor":9,"key":"Toxic Potion"}],"is_trial":false,"path_per_floor":["R","?","M","M","T","?","T","M","M","R","E"],"character_chosen":"THE_AUTOMATON","items_purchased":[],"campfire_rested":0,"item_purchase_floors":[],"current_hp_per_floor":[70,70,70,70,84,84,84,84,67,67,67,67,67],"gold":464,"neow_bonus":"THREE_ENEMY_KILL","is_daily":false,"chose_seed":false,"campfire_upgraded":1,"win_rate":0.0,"timestamp":1612030776,"path_taken":["R","?","M","?","?","?","T","M","M","R","E"],"items_purchased_type":[],"build_version":"2020-12-22","purchased_purges":0,"victory":false,"max_hp_per_floor":[70,70,70,70,84,84,84,84,84,84,84,84,84],"card_choices":[{"not_picked":["bronze:Shield","bronze:Branch"],"picked":"bronze:WhirlingStrike","floor":3},{"not_picked":["bronze:Allocate","bronze:BugBarrage","bronze:WildBeam"],"picked":"SKIP","floor":4},{"not_picked":["bronze:Turbo","bronze:Invalidate"],"picked":"bronze:Repulsor","floor":8},{"not_picked":["bronze:Shell","bronze:WhirlingStrike"],"picked":"bronze:Boost","floor":9}],"player_experience":284149,"relics_obtained":[{"floor":5,"key":"Mango"},{"floor":7,"key":"Blue Candle"}],"event_choices":[],"is_beta":false,"boss_relics":[],"items_purged_floors":[],"is_endless":false,"potions_floor_spawned":[9],"killed_by":"3 Sentries","ascension_level":0}}