{"host":"bxn2em57qlx5u4i0","time":1612018623,"event":{"mods":["BaseMod","Colored Map","Colored Powertips","Highlight Path","Minty Spire (QoL Compilation)","Random Character Button","Relic Sorter","Relic Stats","StSLib","SuperFastMode"],"gold_per_floor":[119,119,134,59,59,89,102,102,102],"floor_reached":8,"language":"ENG","playtime":149,"items_purged":[],"score":112,"play_id":"1e455251-ebb6-49ef-b3c8-598e29edcaa4","local_time":"20210130095703","is_ascension_mode":true,"campfire_choices":[],"circlet_count":0,"master_deck":["AscendersBane","Strike_G","Strike_G","Strike_G","Defend_G","Defend_G","Defend_G","Defend_G","Survivor","Neutralize","All Out Attack","Flying Knee","Envenom"],"relics":["Ring of the Snake","SsserpentHead","Regal Pillow"],"acts_visited":["Exordium"],"potions_floor_usage":[8],"damage_taken":[{"damage":0.0,"enemies":"2 Louse","floor":1.0,"turns":3.0},{"damage":0.0,"enemies":"Small Slimes","floor":3.0,"turns":5.0},{"damage":53.0,"enemies":"Gremlin Nob","floor":6.0,"turns":6.0},{"damage":1.0,"enemies":"Cultist","floor":7.0,"turns":4.0},{"damage":12,"enemies":"Lagavulin","floor":8,"turns":4}],"seed_played":"6950415372772798676","potions_obtained":[{"floor":3.0,"key":"Block Potion"},{"floor":7.0,"key":"SteroidPotion"}],"is_trial":false,"path_per_floor":["M","?","M","?","?","E","M","E"],"character_chosen":"THE_SILENT","items_purchased":[],"campfire_rested":0,"item_purchase_floors":[],"current_hp_per_floor":[44,66,66,66,66,13,12,0,0],"gold":102,"neow_bonus":"REMOVE_TWO","is_daily":false,"chose_seed":false,"campfire_upgraded":0,"win_rate":0.0,"timestamp":1612018623,"path_taken":["M","?","M","?","?","E","M","E"],"items_purchased_type":[],"build_version":"2020-12-22","purchased_purges":0,"victory":false,"max_hp_per_floor":[66,66,66,66,66,66,66,66,66],"relic_stats":{"SsserpentHead":0,"Regal Pillow":0,"counters":[5,22],"obtain_stats":[{"SsserpentHead":5,"Regal Pillow":6,"Ring of the Snake":0},{"SsserpentHead":2,"Regal Pillow":3,"Ring of the Snake":0},{"SsserpentHead":8,"Regal Pillow":14,"Ring of the Snake":0}],"Ring of the Snake":[10]},"card_choices":[{"not_picked":["Outmaneuver","Bane","Acrobatics"],"picked":"SKIP","floor":1.0},{"not_picked":["Bane","Deflect"],"picked":"All Out Attack","floor":3.0},{"not_picked":["Cloak And Dagger","Quick Slash"],"picked":"Flying Knee","floor":6.0},{"not_picked":["Bane","Well Laid Plans"],"picked":"Envenom","floor":7.0}],"player_experience":2976521,"relics_obtained":[{"floor":6.0,"key":"Regal Pillow"}],"event_choices":[{"damage_healed":22.0,"max_hp_gain":0.0,"max_hp_loss":0.0,"gold_gain":0.0,"event_name":"Big Fish","player_choice":"Banana","floor":2.0,"gold_loss":0.0,"damage_taken":0.0},{"cards_removed":["Strike_G"],"damage_healed":0.0,"max_hp_gain":0.0,"max_hp_loss":0.0,"gold_gain":0.0,"event_name":"The Cleric","player_choice":"Card Removal","floor":4.0,"gold_loss":75.0,"damage_taken":0.0},{"damage_healed":0.0,"max_hp_gain":0.0,"max_hp_loss":0.0,"gold_gain":0.0,"event_name":"FaceTrader","player_choice":"Trade","floor":5.0,"gold_loss":0.0,"damage_taken":0.0,"relics_obtained":["SsserpentHead"]}],"is_beta":false,"boss_relics":[],"items_purged_floors":[],"is_endless":false,"potions_floor_spawned":[3,7],"killed_by":"Lagavulin","ascension_level":20}}