{"host":"nomlpa5ttaaqphus","time":1612019820,"event":{"mods":["100% Spire Juice","AchievementEnabler","BaseMod","Colored Powertips","Minty Spire (QoL Compilation)","StSLib"],"gold_per_floor":[135,153,169,183,183,183,183,183],"floor_reached":7,"language":"ENG","playtime":465,"items_purged":[],"score":65,"play_id":"07c465c0-821c-4a22-9b8d-a33f0f820356","local_time":"20210130111700","is_ascension_mode":true,"campfire_choices":[{"floor":6,"key":"REST"}],"circlet_count":0,"master_deck":["AscendersBane","Moonworks:Strike","Moonworks:Strike","Moonworks:Strike","Moonworks:Strike","Moonworks:Defend","Moonworks:Defend","Moonworks:Defend","Moonworks:Defend","Moonworks:Ambush","Moonworks:LongDistanceShot","Moonworks:ShieldCounter","Moonworks:IndiscriminateFireSupport"],"relics":["Moonworks:BrokenBomb","Moonworks:Homemark"],"acts_visited":["Exordium"],"potions_floor_usage":[7],"damage_taken":[{"damage":1.0,"enemies":"Cultist","floor":1.0,"turns":4.0},{"damage":16.0,"enemies":"2 Louse","floor":2.0,"turns":2.0},{"damage":6.0,"enemies":"Small Slimes","floor":3.0,"turns":3.0},{"damage":30,"enemies":"Exordium Thugs","floor":4,"turns":5},{"damage":22,"enemies":"Lagavulin","floor":7,"turns":6}],"seed_played":"-7837623602641901424","potions_obtained":[{"floor":4,"key":"LiquidMemories"}],"is_trial":false,"path_per_floor":["M","M","M","M","?","R","E"],"character_chosen":"THE_STARBREAKER","items_purchased":[],"campfire_rested":1,"item_purchase_floors":[],"current_hp_per_floor":[59,43,37,7,7,26,4,4],"gold":183,"neow_bonus":"TEN_PERCENT_HP_BONUS","is_daily":false,"chose_seed":false,"campfire_upgraded":0,"win_rate":0.0,"timestamp":1612019820,"path_taken":["M","M","M","M","?","R","E"],"items_purchased_type":[],"build_version":"2020-12-22","purchased_purges":0,"victory":false,"max_hp_per_floor":[66,66,66,66,66,66,66,66],"card_choices":[{"not_picked":["Moonworks:JonathanRush","Moonworks:LulusLuckyEgg","Moonworks:ImOnFire"],"picked":"SKIP","floor":1.0},{"not_picked":["Moonworks:DeployBits","Moonworks:Heat300Percent"],"picked":"Moonworks:ShieldCounter","floor":2.0},{"not_picked":["Moonworks:LuckyCharm","Moonworks:IndiscriminateFireSupport","Moonworks:MiracleRedBeanIceCream"],"picked":"SKIP","floor":3.0},{"not_picked":["Moonworks:LuckyCharm","Moonworks:MiracleRedBeanIceCream"],"picked":"Moonworks:IndiscriminateFireSupport","floor":3.0},{"not_picked":["Moonworks:Assault","Moonworks:BigMagnum","Moonworks:LulusLuckyEgg"],"picked":"SKIP","floor":4}],"player_experience":80961,"relics_obtained":[],"event_choices":[{"damage_healed":0,"gold_gain":0,"player_choice":"Ignored","damage_taken":0,"max_hp_gain":0,"max_hp_loss":0,"event_name":"Purifier","floor":5,"gold_loss":0}],"is_beta":false,"boss_relics":[],"items_purged_floors":[],"is_endless":false,"potions_floor_spawned":[4],"killed_by":"Lagavulin","ascension_level":10}}