{"host":"0buepsujecqpt684","time":1612031334,"event":{"mods":["AchievementEnabler","AlwaysNeverKeys","BaseMod","Better Altar","Better Match","Better Note","Better Sensory Stone","Better Skull","Better Third Choice","Better-Laid Plans","Dota2Spire","Downfall","GifTheSpireLib","GungeonMod","Hyrulean Relics","Ironclad Rager","Minty Spire (QoL Compilation)","Reliquary","Spicy Shops","StSLib","The Wild Card","Transform Curses","Treasure Hunter"],"gold_per_floor":[58,58,9,9,21,21,50,68,95,115,125,135,145,155,155,254,254,273,286,1,1,1,16,16,16,42,42,42,75,101,118,118,220,220,235,253,253,269,269,269],"floor_reached":39,"language":"ENG","playtime":3738,"items_purged":["Clumsy"],"score":455,"play_id":"983112ee-2400-4876-8857-04f0fd079147","local_time":"20210130132854","is_ascension_mode":false,"campfire_choices":[{"data":"BattleHymn","floor":6,"key":"SMITH"},{"floor":15,"key":"REST"},{"data":"Eruption","floor":24,"key":"SMITH"},{"floor":32,"key":"REST"}],"circlet_count":0,"master_deck":["Eruption+1","Vigilance","FollowUp","FollowUp","FollowUp","FollowUp","ThirdEye","ThirdEye","ThirdEye","ThirdEye","SashWhip","BattleHymn+1","CrushJoints","Weave","CutThroughFate","FlyingSleeves","Establishment","TH:TreasureMap","Prostrate"],"relics":["PureWater","DemoMod:Metronome","Dota2Spire:DrumOfEndurance","Dota2Spire:RefresherOrb","Bronze Scales","reliquary:Bookmark","Vajra","MutagenicStrength","sneckomod:BabySnecko","Dota2Spire:AghanimScepter","Busted Crown","DemoMod:GlassGuonStoneRelic"],"acts_visited":["Exordium","TheCity","TheBeyond"],"potions_floor_usage":[12,19,29,31,33,33,36],"damage_taken":[{"damage":0,"enemies":"Jaw Worm","floor":1,"turns":3},{"damage":0,"enemies":"2 Louse","floor":5,"turns":2},{"damage":8,"enemies":"3 Sentries","floor":7,"turns":7},{"damage":0,"enemies":"Cultist","floor":8,"turns":2},{"damage":3,"enemies":"Large Slime","floor":10,"turns":2},{"damage":3,"enemies":"3 Louse","floor":11,"turns":3},{"damage":1,"enemies":"Looter","floor":12,"turns":2},{"damage":3,"enemies":"Blue Slaver","floor":13,"turns":3},{"damage":3,"enemies":"Lots of Slimes","floor":14,"turns":3},{"damage":0,"enemies":"Slime Boss","floor":16,"turns":4},{"damage":12,"enemies":"2 Thieves","floor":18,"turns":3},{"damage":0,"enemies":"Spheric Guardian","floor":19,"turns":2},{"damage":0,"enemies":"Snecko","floor":23,"turns":3},{"damage":11,"enemies":"Book of Stabbing","floor":29,"turns":4},{"damage":0,"enemies":"Snake Plant","floor":31,"turns":2},{"damage":49,"enemies":"Champ","floor":33,"turns":6},{"damage":16,"enemies":"3 Darklings","floor":35,"turns":3},{"damage":32,"enemies":"3 Shapes","floor":36,"turns":3},{"damage":0,"enemies":"Maw","floor":38,"turns":4},{"damage":24,"enemies":"Spire Growth","floor":39,"turns":2}],"seed_played":"4515711993103711121","potions_obtained":[{"floor":5,"key":"StancePotion"},{"floor":7,"key":"DistilledChaos"},{"floor":8,"key":"Fire Potion"},{"floor":13,"key":"Block Potion"},{"floor":23,"key":"Explosive Potion"},{"floor":31,"key":"champ:CounterPotion"},{"floor":35,"key":"DemoMod:LeadSkinPotion"}],"is_trial":false,"path_per_floor":["M","?","$","?","M","R","E","M","T","M","M","M","M","M","R","B",null,"M","M","$","?","?","M","R","?","T","?","?","E","T","M","R","B",null,"M","M","?","M","M"],"character_chosen":"WATCHER","items_purchased":["SashWhip","Bronze Scales","reliquary:Bookmark"],"campfire_rested":2,"item_purchase_floors":[3,20,20],"current_hp_per_floor":[47,47,47,52,52,52,44,44,44,41,38,37,34,31,52,52,70,58,58,58,58,58,58,58,58,58,58,58,47,47,47,68,19,70,54,22,22,22,0,0],"gold":269,"neow_bonus":"WATCHER_SHAOLIN","is_daily":false,"chose_seed":false,"campfire_upgraded":2,"win_rate":0.0,"timestamp":1612031334,"path_taken":["M","?","$","?","M","R","E","M","T","M","M","M","M","M","R","BOSS","M","M","$","?","?","M","R","?","T","?","?","E","?","?","R","BOSS","M","M","?","M","?"],"items_purchased_type":["Card","Relic","Relic"],"build_version":"2020-12-22","purchased_purges":1,"victory":false,"max_hp_per_floor":[65,65,65,70,70,70,70,70,70,70,70,70,70,70,70,70,70,70,70,70,70,70,70,70,70,70,70,70,70,70,70,70,70,70,70,70,70,70,70,70],"card_choices":[{"not_picked":["ReachHeaven","Conclude"],"picked":"ThirdEye","floor":1},{"not_picked":["ThirdEye","Tantrum"],"picked":"BattleHymn","floor":5},{"not_picked":["FlurryOfBlows","TalkToTheHand"],"picked":"CrushJoints","floor":7},{"not_picked":["TH:EnergyPotion","TH:BikiniMail"],"picked":"SKIP","floor":7},{"not_picked":["Sanctity","WindmillStrike","Brilliance"],"picked":"SKIP","floor":8},{"not_picked":["TH:BikiniMail","TH:PixieDust"],"picked":"SKIP","floor":9},{"not_picked":["LikeWater","FlyingSleeves"],"picked":"Weave","floor":10},{"not_picked":["FollowUp","FlyingSleeves","ClearTheMind"],"picked":"SKIP","floor":11},{"not_picked":["Crescendo","Consecrate","Meditate"],"picked":"SKIP","floor":12},{"not_picked":["Prostrate","FearNoEvil"],"picked":"CutThroughFate","floor":13},{"not_picked":["PathToVictory","Sanctity","Protect"],"picked":"SKIP","floor":14},{"not_picked":["Evaluate","WreathOfFlame","CrushJoints"],"picked":"SKIP","floor":18},{"not_picked":["InnerPeace","Halt","ReachHeaven"],"picked":"SKIP","floor":19},{"not_picked":["Prostrate","EmptyFist","SashWhip"],"picked":"SKIP","floor":23},{"not_picked":["TH:ElvenBoots","TH:CopperCoins"],"picked":"SKIP","floor":26},{"not_picked":["Swivel","Study"],"picked":"Establishment","floor":29},{"not_picked":["TH:DeckOfManyThings","TH:BikiniMail"],"picked":"SKIP","floor":29},{"not_picked":["TH:EnergyPotion","TH:TreasureMap"],"picked":"SKIP","floor":30},{"not_picked":["TH:EnergyPotion"],"picked":"TH:TreasureMap","floor":30},{"not_picked":["Wireheading","SashWhip","DeceiveReality"],"picked":"SKIP","floor":31},{"not_picked":["EmptyBody"],"picked":"SKIP","floor":35},{"not_picked":["Wallop"],"picked":"SKIP","floor":36},{"not_picked":["CrushJoints+1"],"picked":"SKIP","floor":38}],"player_experience":282422,"relics_obtained":[{"floor":7,"key":"DemoMod:Metronome"},{"floor":9,"key":"Dota2Spire:DrumOfEndurance"},{"floor":26,"key":"Vajra"},{"floor":29,"key":"Dota2Spire:AghanimScepter"}],"event_choices":[{"damage_healed":0,"gold_gain":0,"cards_transformed":["Shame"],"player_choice":"Change","damage_taken":0,"max_hp_gain":0,"max_hp_loss":0,"event_name":"Living Wall","floor":2,"gold_loss":0,"cards_obtained":["SandsOfTime"]},{"damage_healed":0,"gold_gain":0,"player_choice":"Donut","damage_taken":0,"max_hp_gain":5,"max_hp_loss":0,"event_name":"Big Fish","floor":4,"gold_loss":0},{"damage_healed":0,"gold_gain":0,"cards_transformed":["SandsOfTime"],"player_choice":"Transformed","damage_taken":0,"max_hp_gain":0,"max_hp_loss":0,"event_name":"Transmorgrifier","floor":21,"gold_loss":0,"cards_obtained":["FlyingSleeves"]},{"cards_removed":["ThirdEye"],"damage_healed":0,"gold_gain":0,"player_choice":"Purged","damage_taken":0,"max_hp_gain":0,"max_hp_loss":0,"event_name":"Purifier","floor":22,"gold_loss":0},{"damage_healed":0,"gold_gain":0,"player_choice":"Ignored","damage_taken":0,"max_hp_gain":0,"max_hp_loss":0,"event_name":"betterNote:BetterNote","floor":25,"gold_loss":0,"cards_obtained":["BattleHymn"]},{"damage_healed":0,"gold_gain":0,"player_choice":"Inject Mutagens","damage_taken":0,"relics_obtained":["MutagenicStrength"],"max_hp_gain":0,"max_hp_loss":0,"event_name":"Drug Dealer","floor":27,"gold_loss":0},{"damage_healed":0,"gold_gain":0,"cards_transformed":["downfall:Bewildered"],"player_choice":"Transformed","damage_taken":0,"max_hp_gain":0,"max_hp_loss":0,"event_name":"Transmorgrifier","floor":37,"gold_loss":0,"cards_obtained":["Prostrate"]}],"is_beta":false,"boss_relics":[{"not_picked":["bronze:MakeshiftBattery","Tiny House"],"picked":"Dota2Spire:RefresherOrb"},{"not_picked":["Fusion Hammer","Runic Dome"],"picked":"Busted Crown"}],"items_purged_floors":[20],"is_endless":false,"potions_floor_spawned":[5,7,8,10,13,14,18,23,31,35],"killed_by":"Spire Growth","ascension_level":0}}