{"host":"dsfeuj43qk7687cq","time":1612040420,"event":{"mods":["AchievementEnabler","BaseMod","Minty Spire (QoL Compilation)","Replay The Spire","StSLib","The Construct","The Disciple","The Hierophant","The Jungle","The Runesmith"],"gold_per_floor":[117,192,262,335,335,366,366,366,366,398,192,212,228,228,228,228,228],"floor_reached":16,"language":"ENG","playtime":1474,"items_purged":["Decay"],"score":156,"play_id":"a9868f31-f73c-4a0a-a9c7-f967b335a556","local_time":"20210130220020","is_ascension_mode":false,"campfire_choices":[{"data":"BeatsPerMinute","floor":7,"key":"SMITH"},{"data":"PatternShift","floor":8,"key":"SMITH"}],"circlet_count":0,"master_deck":["Grave+1","Rallentando","Strike_Br","Strike_Br","Strike_Br","Strike_Br","Defend_Br","Defend_Br","SecondHand","PatternShift+1","ReapSow","Engulf","BeatsPerMinute+1","Goo","ExoVibe","DaylightSavings","LockedAnchor","TickedOff","BackFourSeconds"],"relics":["Chronometer","NeowsBlessing","Blood Vial","WingedGreaves","Strawberry","Bird Faced Urn","Bag of Marbles","ReplayTheSpireMod:CursedCoin","Orichalcum?"],"acts_visited":["Exordium"],"potions_floor_usage":[16,16],"damage_taken":[{"damage":0,"enemies":"Small Slimes","floor":1,"turns":1},{"damage":0,"enemies":"3 Sentries","floor":6,"turns":2},{"damage":0,"enemies":"Lagavulin","floor":10,"turns":2},{"damage":0,"enemies":"2 Louse","floor":12,"turns":3},{"damage":5,"enemies":"Cultist","floor":13,"turns":7},{"damage":53,"enemies":"Hexaghost","floor":16,"turns":13}],"seed_played":"-7772193924813498793","potions_obtained":[{"floor":1,"key":"Ancient Potion"},{"floor":4,"key":"SteroidPotion"},{"floor":4,"key":"ColorlessPotion"},{"floor":12,"key":"Fire Potion"}],"is_trial":false,"path_per_floor":["M","?","?","?","?","E","R","R","T","E","$","M","M","?","R","B"],"character_chosen":"CHRONO_CLASS","items_purchased":["DaylightSavings","Bag of Marbles","ReplayTheSpireMod:CursedCoin","LockedAnchor"],"campfire_rested":0,"item_purchase_floors":[11,11,11,11],"current_hp_per_floor":[65,54,54,28,28,30,30,30,37,39,39,43,42,42,42,0,0],"gold":228,"neow_bonus":"THREE_ENEMY_KILL","is_daily":false,"chose_seed":false,"campfire_upgraded":2,"win_rate":0.0,"timestamp":1612040420,"path_taken":["M","?","?","?","?","E","R","R","T","E","$","M","?","?","R","BOSS"],"items_purchased_type":["Card","Relic","Relic","Card"],"build_version":"2020-12-22","purchased_purges":1,"victory":false,"max_hp_per_floor":[65,65,65,65,65,65,65,65,72,72,72,72,72,72,72,72,72],"card_choices":[{"not_picked":["SlimeSpray","LockedBlood"],"picked":"ReapSow","floor":1},{"not_picked":["LockedBlood","LockedWhetstone"],"picked":"Engulf","floor":4},{"not_picked":["Echoward","Engulf"],"picked":"Goo","floor":6},{"not_picked":["Backlash","WatchCommand"],"picked":"ExoVibe","floor":10},{"not_picked":["Facsimile","LockedLightning","LockedAnchor"],"picked":"SKIP","floor":12},{"not_picked":["LockedPlans","LockedMedicine"],"picked":"TickedOff","floor":13}],"player_experience":47007,"relics_obtained":[{"floor":4,"key":"Blood Vial"},{"floor":6,"key":"WingedGreaves"},{"floor":9,"key":"Strawberry"},{"floor":10,"key":"Bird Faced Urn"}],"event_choices":[{"damage_healed":0,"gold_gain":75,"player_choice":"Gather Gold","damage_taken":11,"max_hp_gain":0,"max_hp_loss":0,"event_name":"World of Goop","floor":2,"gold_loss":0},{"damage_healed":0,"gold_gain":70,"player_choice":"Gained Gold","damage_taken":0,"max_hp_gain":0,"max_hp_loss":0,"event_name":"Golden Wing","floor":3,"gold_loss":0},{"damage_healed":0,"gold_gain":0,"cards_transformed":["Defend_Br"],"player_choice":"Transformed","damage_taken":0,"max_hp_gain":0,"max_hp_loss":0,"event_name":"Transmorgrifier","floor":5,"gold_loss":0,"cards_obtained":["BeatsPerMinute"]}],"is_beta":false,"boss_relics":[],"items_purged_floors":[11],"is_endless":false,"potions_floor_spawned":[1,12],"killed_by":"Hexaghost","ascension_level":0}}