{"host":"ewe4oe702q4ujr6i","time":1612000521,"event":{"mods":["BaseMod","Colored Map","Colored Powertips","DeckTracker","Minty Spire (QoL Compilation)","SuperFastMode"],"gold_per_floor":[115,190,190,209,209,240,240,265,291,306,306,306,306,344,344,463,463,484,505,505,525,624,624,639,54,54,106,106,106,6,19,19,115,115,133,133,133,143,116,116,126,46,114,134,134,47,47,47,47,47,47,47,47,72,72,72],"floor_reached":55,"language":"KOR","playtime":4056,"items_purged":["Strike_B","Strike_B"],"score":671,"play_id":"09b40a0e-f382-4a7b-b96d-8bf7b380ef97","local_time":"20210130185521","is_ascension_mode":false,"campfire_choices":[{"data":"Zap","floor":11.0,"key":"SMITH"},{"data":"Dualcast","floor":13.0,"key":"SMITH"},{"data":"Ball Lightning","floor":15.0,"key":"SMITH"},{"data":"White Noise","floor":23.0,"key":"SMITH"},{"data":"Biased Cognition","floor":29.0,"key":"SMITH"},{"floor":32.0,"key":"REST"},{"data":"Coolheaded","floor":40.0,"key":"SMITH"},{"floor":47,"key":"RECALL"},{"data":"Hologram","floor":49,"key":"SMITH"},{"data":"Defragment","floor":52,"key":"SMITH"}],"circlet_count":0,"master_deck":["Strike_B","Defend_B","Defend_B","Defend_B","Defend_B","Zap+1","Dualcast+1","Ball Lightning+1","Ball Lightning","Go for the Eyes","Turbo","Biased Cognition+1","Hologram+1","Glacier","White Noise+1","Seek","Conserve Battery","Thunder Strike","Impatience","Coolheaded+1","Defragment+1","Compile Driver+1","Purity"],"relics":["Cracked Core","NeowsBlessing","Bloody Idol","Lantern","Anchor","Toy Ornithopter","Incense Burner","Inserter","Matryoshka","DataDisk","StoneCalendar","Symbiotic Virus","Boot","Nuclear Battery","Mummified Hand"],"acts_visited":["Exordium","TheCity","TheBeyond","TheEnding"],"potions_floor_usage":[55,55,55,55,55,55],"damage_taken":[{"damage":0.0,"enemies":"2 Louse","floor":1.0,"turns":1.0},{"damage":0.0,"enemies":"Small Slimes","floor":4.0,"turns":1.0},{"damage":0.0,"enemies":"Lagavulin","floor":6.0,"turns":1.0},{"damage":0.0,"enemies":"Cultist","floor":8.0,"turns":2.0},{"damage":0.0,"enemies":"3 Louse","floor":10.0,"turns":2.0},{"damage":18.0,"enemies":"Gremlin Nob","floor":14.0,"turns":4.0},{"damage":18.0,"enemies":"Slime Boss","floor":16.0,"turns":9.0},{"damage":5.0,"enemies":"Spheric Guardian","floor":18.0,"turns":3.0},{"damage":10.0,"enemies":"2 Thieves","floor":19.0,"turns":3.0},{"damage":23.0,"enemies":"Centurion and Healer","floor":21.0,"turns":9.0},{"damage":19.0,"enemies":"Snake Plant","floor":24.0,"turns":3.0},{"damage":0.0,"enemies":"Chosen and Byrds","floor":31.0,"turns":3.0},{"damage":23.0,"enemies":"Champ","floor":33.0,"turns":10.0},{"damage":0.0,"enemies":"3 Shapes","floor":35.0,"turns":3.0},{"damage":0.0,"enemies":"3 Darklings","floor":38.0,"turns":6.0},{"damage":0.0,"enemies":"Transient","floor":41.0,"turns":5.0},{"damage":0.0,"enemies":"Jaw Worm Horde","floor":44.0,"turns":5.0},{"damage":32,"enemies":"Time Eater","floor":50,"turns":14},{"damage":57,"enemies":"Shield and Spear","floor":54,"turns":7},{"damage":55,"enemies":"The Heart","floor":55,"turns":8}],"seed_played":"339849150850110145","potions_obtained":[{"floor":4.0,"key":"Weak Potion"},{"floor":8.0,"key":"BlessingOfTheForge"},{"floor":24.0,"key":"Strength Potion"},{"floor":31.0,"key":"Ancient Potion"},{"floor":33.0,"key":"FearPotion"},{"floor":38.0,"key":"Strength Potion"},{"floor":54,"key":"EntropicBrew"}],"is_trial":false,"path_per_floor":["M","?","?","M","?","E","?","M","T","M","R","?","R","E","R","B",null,"M","M","?","M","?","R","M","$","T","T","?","R","$","M","R","B",null,"M","?","?","M","$","R","M","$","T","M","?","$","R","?","R","B",null,"R","$","E","B"],"character_chosen":"DEFECT","items_purchased":["Matryoshka","Seek","Fruit Juice","Coolheaded","Defragment","Purity"],"campfire_rested":1,"item_purchase_floors":[25,25,25,39,42,46],"current_hp_per_floor":[75,64,46,46,34,34,34,34,34,34,34,75,75,62,62,44,75,70,65,65,42,42,42,23,33,33,33,33,33,33,38,62,49,80,80,80,80,80,80,80,80,80,80,80,80,80,80,76,76,44,76,76,76,24,0,0],"gold":72,"neow_bonus":"THREE_ENEMY_KILL","is_daily":false,"chose_seed":false,"campfire_upgraded":8,"win_rate":0.0,"timestamp":1612000521,"path_taken":["M","?","?","M","?","E","?","M","T","M","R","?","R","E","R","BOSS","M","?","?","M","?","R","M","$","T","?","?","R","?","M","R","BOSS","M","?","?","?","?","R","M","?","T","M","?","$","R","?","R","BOSS","R","$","E","BOSS"],"items_purchased_type":["Relic","Card","Potion","Card","Card","Card"],"build_version":"2020-12-22","purchased_purges":2,"victory":false,"max_hp_per_floor":[75,75,75,75,75,75,75,75,75,75,75,75,75,75,75,75,75,75,75,75,75,75,75,75,80,80,80,80,80,80,80,80,80,80,80,80,80,80,80,80,80,80,80,80,80,80,80,76,76,76,76,76,76,76,76,76],"card_choices":[{"not_picked":["Rebound","Leap"],"picked":"Rip and Tear","floor":1.0},{"not_picked":["Sweeping Beam","Go for the Eyes"],"picked":"Ball Lightning","floor":4.0},{"not_picked":["Force Field","Go for the Eyes"],"picked":"Ball Lightning","floor":6.0},{"not_picked":["Beam Cell","Aggregate","Rebound"],"picked":"SKIP","floor":8.0},{"not_picked":["Steam","Go for the Eyes"],"picked":"Turbo","floor":10.0},{"not_picked":["Storm","Hello World","Ball Lightning"],"picked":"SKIP","floor":14.0},{"not_picked":["Echo Form","Reboot"],"picked":"Biased Cognition","floor":16.0},{"not_picked":["Loop","Sweeping Beam"],"picked":"Hologram","floor":18.0},{"not_picked":["Turbo","Sweeping Beam"],"picked":"Glacier","floor":19.0},{"not_picked":["Leap","Steam+1"],"picked":"White Noise","floor":21.0},{"not_picked":["Beam Cell","Reprogram","Steam+1"],"picked":"SKIP","floor":24.0},{"not_picked":["Sweeping Beam+1","Redo"],"picked":"Conserve Battery","floor":31.0},{"not_picked":["Seek","Buffer"],"picked":"Thunder Strike","floor":33.0},{"not_picked":["Redo+1","Go for the Eyes+1","Hello World+1"],"picked":"SKIP","floor":35.0},{"not_picked":["Panache","Enlightenment"],"picked":"Impatience","floor":37.0},{"not_picked":["Redo+1","Cold Snap"],"picked":"Hologram","floor":38.0},{"not_picked":["Beam Cell+1","Sweeping Beam+1","Steam+1"],"picked":"SKIP","floor":41.0},{"not_picked":["Redo","Go for the Eyes+1"],"picked":"Compile Driver+1","floor":44.0},{"not_picked":["Sunder+1","Leap","Storm"],"picked":"SKIP","floor":54}],"player_experience":175391,"relics_obtained":[{"floor":6.0,"key":"Anchor"},{"floor":9.0,"key":"Toy Ornithopter"},{"floor":14.0,"key":"Incense Burner"},{"floor":26.0,"key":"DataDisk"},{"floor":26.0,"key":"StoneCalendar"},{"floor":27.0,"key":"Symbiotic Virus"},{"floor":27.0,"key":"Boot"},{"floor":54,"key":"Mummified Hand"}],"event_choices":[{"damage_healed":0.0,"max_hp_gain":0.0,"max_hp_loss":0.0,"gold_gain":75.0,"event_name":"World of Goop","player_choice":"Gather Gold","floor":2.0,"gold_loss":0.0,"damage_taken":11.0},{"damage_healed":0.0,"max_hp_gain":0.0,"max_hp_loss":0.0,"gold_gain":0.0,"event_name":"Golden Idol","player_choice":"Take Damage","floor":3.0,"gold_loss":0.0,"damage_taken":18.0,"relics_obtained":["Golden Idol"]},{"damage_healed":0.0,"max_hp_gain":0.0,"max_hp_loss":0.0,"gold_gain":0.0,"event_name":"Scrap Ooze","player_choice":"Success","floor":5.0,"gold_loss":0.0,"damage_taken":12.0,"relics_obtained":["Lantern"]},{"damage_healed":0.0,"max_hp_gain":0.0,"max_hp_loss":0.0,"gold_gain":0.0,"cards_transformed":["Strike_B"],"event_name":"Living Wall","player_choice":"Change","floor":7.0,"gold_loss":0.0,"damage_taken":0.0,"cards_obtained":["Go for the Eyes"]},{"cards_removed":["Rip and Tear"],"damage_healed":41.0,"max_hp_gain":0.0,"max_hp_loss":0.0,"gold_gain":0.0,"event_name":"Bonfire Elementals","player_choice":"Offered Uncommon","floor":12.0,"gold_loss":0.0,"damage_taken":0.0},{"damage_healed":0.0,"max_hp_gain":0.0,"max_hp_loss":0.0,"gold_gain":0.0,"event_name":"Ghosts","player_choice":"Ignored","floor":20.0,"gold_loss":0.0,"damage_taken":0.0},{"damage_healed":0.0,"max_hp_gain":0.0,"max_hp_loss":0.0,"gold_gain":99.0,"event_name":"Nest","player_choice":"Stole From Cult","floor":22.0,"gold_loss":0.0,"damage_taken":0.0},{"damage_healed":0.0,"max_hp_gain":0.0,"max_hp_loss":0.0,"gold_gain":0.0,"event_name":"Forgotten Altar","player_choice":"Gave Idol","floor":28.0,"relics_lost":["Golden Idol"],"gold_loss":0.0,"damage_taken":0.0,"relics_obtained":["Bloody Idol"]},{"damage_healed":0.0,"max_hp_gain":0.0,"max_hp_loss":0.0,"gold_gain":0.0,"event_name":"Tomb of Lord Red Mask","player_choice":"Ignored","floor":36.0,"gold_loss":0.0,"damage_taken":0.0},{"damage_healed":0.0,"max_hp_gain":0.0,"max_hp_loss":0.0,"gold_gain":0.0,"event_name":"SensoryStone","player_choice":"Memory 1","floor":37.0,"gold_loss":0.0,"damage_taken":0.0},{"cards_removed":["Hologram"],"damage_healed":0.0,"max_hp_gain":0.0,"max_hp_loss":0.0,"gold_gain":0.0,"event_name":"Falling","player_choice":"Removed Skill","floor":45.0,"gold_loss":0.0,"damage_taken":0.0},{"damage_healed":0,"gold_gain":0,"player_choice":"Max HP","damage_taken":0,"max_hp_gain":0,"max_hp_loss":4,"event_name":"Winding Halls","floor":48,"gold_loss":0}],"is_beta":false,"boss_relics":[{"not_picked":["Cursed Key","Fusion Hammer"],"picked":"Inserter"},{"not_picked":["Black Star","Snecko Eye"],"picked":"Nuclear Battery"}],"items_purged_floors":[25,30],"is_endless":false,"potions_floor_spawned":[4,8,24,31,33,38,54],"killed_by":"The Heart","ascension_level":0}}