{"host":"344lv32hnei0mdhu","time":1612038345,"event":{"mods":["Act Like it!","BaseMod","Better Match","Better Sensory Stone","Better Skull","Better Third Choice","Better Vampires","Colored Powertips","Highlight Path","Minty Spire (QoL Compilation)","Quick Restart","Random Character Button","Rare Cards Sparkle","StSLib"],"gold_per_floor":[110,87,33,33,51,51,76,89,89,89,104,134,151,183,183,278,278,289,32,32,52,64,64,64,64],"floor_reached":24,"language":"ENG","playtime":883,"items_purged":["Strike_P"],"score":374,"play_id":"f47beaac-bbce-4680-b587-65119ca9e285","local_time":"20210130142545","is_ascension_mode":true,"campfire_choices":[{"data":"PathToVictory","floor":6,"key":"SMITH"},{"data":"PathToVictory","floor":10,"key":"SMITH"},{"floor":15,"key":"REST"},{"floor":23,"key":"REST"}],"circlet_count":0,"master_deck":["AscendersBane","Strike_P+1","Strike_P+1","Strike_P+1","Defend_P","Defend_P","Defend_P","Defend_P","Eruption+1","Vigilance","PathToVictory+1","Protect","Protect","Prostrate","Brilliance","BattleHymn","Indignation","Perseverance","Prostrate","LessonLearned+1","Devotion","BowlingBash+1","PathToVictory+1","Devotion","WindmillStrike+1","Consecrate+1","Halt"],"relics":["PureWater","NeowsBlessing","Whetstone","Molten Egg 2","Prayer Wheel","Nunchaku","Runic Pyramid","DollysMirror","Orichalcum"],"acts_visited":["Exordium","TheCity"],"potions_floor_usage":[12,13,14,24,24],"damage_taken":[{"damage":0,"enemies":"Cultist","floor":1,"turns":1},{"damage":0,"enemies":"Jaw Worm","floor":5,"turns":1},{"damage":0,"enemies":"Gremlin Nob","floor":7,"turns":1},{"damage":0,"enemies":"Small Slimes","floor":8,"turns":3},{"damage":5,"enemies":"Gremlin Gang","floor":11,"turns":5},{"damage":16,"enemies":"Lagavulin","floor":12,"turns":6},{"damage":0,"enemies":"Looter","floor":13,"turns":3},{"damage":3,"enemies":"Gremlin Nob","floor":14,"turns":3},{"damage":37,"enemies":"Slime Boss","floor":16,"turns":13},{"damage":2,"enemies":"Chosen","floor":18,"turns":5},{"damage":28,"enemies":"2 Thieves","floor":21,"turns":5},{"damage":3,"enemies":"Centurion and Healer","floor":22,"turns":5},{"damage":52,"enemies":"Book of Stabbing","floor":24,"turns":4}],"seed_played":"-1796441621684144724","potions_obtained":[{"floor":5,"key":"Ambrosia"},{"floor":7,"key":"PowerPotion"},{"floor":12,"key":"Weak Potion"},{"floor":21,"key":"Dexterity Potion"},{"floor":22,"key":"FearPotion"}],"is_trial":false,"path_per_floor":["M","$","$","?","M","R","E","M","T","R","M","E","M","E","R","B",null,"M","$","?","M","M","R","E"],"character_chosen":"WATCHER","items_purchased":["Protect","PathToVictory","DollysMirror","WindmillStrike+1"],"campfire_rested":2,"item_purchase_floors":[2,3,19,19],"current_hp_per_floor":[65,65,65,65,65,65,65,65,65,65,60,44,44,41,62,25,60,58,58,58,30,27,48,0,0],"gold":64,"neow_bonus":"THREE_ENEMY_KILL","is_daily":false,"chose_seed":false,"campfire_upgraded":2,"win_rate":0.0,"timestamp":1612038345,"path_taken":["M","?","$","?","M","R","E","M","T","R","M","E","M","E","R","BOSS","M","$","?","M","M","R","E"],"items_purchased_type":["Card","Card","Relic","Card"],"build_version":"2020-12-22","purchased_purges":1,"victory":false,"max_hp_per_floor":[72,72,72,72,72,72,72,72,72,72,72,72,72,72,72,72,72,72,72,72,72,72,72,72,72],"card_choices":[{"not_picked":["EmptyFist","EmptyBody"],"picked":"PathToVictory","floor":1},{"not_picked":["JustLucky","FlyingSleeves"],"picked":"Protect","floor":5},{"not_picked":["SashWhip","FlyingSleeves"],"picked":"Prostrate","floor":7},{"not_picked":["EmptyBody","Prostrate"],"picked":"Brilliance","floor":8},{"not_picked":["Study","EmptyBody"],"picked":"BattleHymn","floor":11},{"not_picked":["DeceiveReality","Adaptation"],"picked":"Indignation","floor":12},{"not_picked":["Sanctity","SashWhip+1"],"picked":"Perseverance","floor":13},{"not_picked":["Fasting2","Protect"],"picked":"Prostrate","floor":13},{"not_picked":["ReachHeaven+1","Crescendo"],"picked":"LessonLearned+1","floor":14},{"not_picked":["MasterReality","Vault"],"picked":"Devotion","floor":16},{"not_picked":["PathToVictory","WindmillStrike+1"],"picked":"BowlingBash+1","floor":18},{"not_picked":["Crescendo","EmptyBody"],"picked":"PathToVictory+1","floor":18},{"not_picked":["WindmillStrike+1","Wireheading+1"],"picked":"Consecrate+1","floor":21},{"not_picked":["Protect","WindmillStrike+1"],"picked":"Halt","floor":21},{"not_picked":["Consecrate+1","Perseverance","FollowUp+1"],"picked":"SKIP","floor":22},{"not_picked":["Wireheading","JustLucky+1","Nirvana"],"picked":"SKIP","floor":22}],"player_experience":390443,"relics_obtained":[{"floor":7,"key":"Whetstone"},{"floor":9,"key":"Molten Egg 2"},{"floor":12,"key":"Prayer Wheel"},{"floor":14,"key":"Nunchaku"}],"event_choices":[{"damage_healed":0,"gold_gain":0,"player_choice":"Ignored","damage_taken":0,"max_hp_gain":0,"max_hp_loss":0,"event_name":"Golden Wing","floor":4,"gold_loss":0},{"cards_removed":["PathToVictory"],"damage_healed":0,"gold_gain":0,"player_choice":"Gave Card","damage_taken":0,"relics_obtained":["Orichalcum"],"max_hp_gain":0,"max_hp_loss":0,"event_name":"WeMeetAgain","floor":20,"gold_loss":0}],"is_beta":false,"boss_relics":[{"not_picked":["SacredBark","Philosopher\u0027s Stone"],"picked":"Runic Pyramid"}],"items_purged_floors":[19],"is_endless":false,"potions_floor_spawned":[5,7,11,12,21,22],"killed_by":"Book of Stabbing","ascension_level":11}}