{"host":"9oshzrjkbi608dco","time":1612004505,"event":{"mods":["AchievementEnabler","BaseMod","Colored Powertips","Minty Spire (QoL Compilation)"],"gold_per_floor":[112,129,148,167,167,167,225,237,274,286,0,0,13,56,56,187,187,202,227,248,8,8,8,52,52,77,91,111,111,111],"floor_reached":29,"language":"ENG","playtime":2577,"items_purged":["Omniscience"],"score":270,"play_id":"2a4f4d47-34e1-420f-9472-22d60d5c4d10","local_time":"20210130220145","is_ascension_mode":false,"campfire_choices":[{"floor":6,"key":"RECALL"},{"floor":10,"key":"REST"},{"data":"CrushJoints","floor":15,"key":"SMITH"},{"floor":23,"key":"REST"},{"floor":25,"key":"REST"}],"circlet_count":0,"master_deck":["Strike_P","Strike_P","Strike_P","Strike_P","Defend_P","Defend_P","Defend_P","Defend_P","Eruption","Vigilance","WindmillStrike+1","ThirdEye","CrushJoints+1","BowlingBash","Adaptation","ReachHeaven","ReachHeaven","Protect","Halt","Prostrate","Vengeance","LikeWater","FearNoEvil","DevaForm","Nirvana","FollowUp"],"relics":["PureWater","Smiling Mask","MawBank","Golden Idol","DollysMirror","Ancient Tea Set","Philosopher\u0027s Stone","Tiny Chest","Potion Belt","Strawberry"],"acts_visited":["Exordium","TheCity"],"potions_floor_usage":[14,16,18,20,24,28],"damage_taken":[{"damage":0,"enemies":"Small Slimes","floor":1,"turns":2},{"damage":3,"enemies":"2 Louse","floor":2,"turns":3},{"damage":7,"enemies":"Cultist","floor":3,"turns":3},{"damage":7,"enemies":"2 Fungi Beasts","floor":4,"turns":4},{"damage":20,"enemies":"Lagavulin Event","floor":7,"turns":5},{"damage":9,"enemies":"Blue Slaver","floor":13,"turns":4},{"damage":15,"enemies":"3 Sentries","floor":14,"turns":9},{"damage":26,"enemies":"The Guardian","floor":16,"turns":11},{"damage":11,"enemies":"2 Thieves","floor":18,"turns":4},{"damage":16,"enemies":"3 Byrds","floor":19,"turns":4},{"damage":11,"enemies":"Shelled Parasite and Fungi","floor":20,"turns":3},{"damage":29,"enemies":"Slavers","floor":24,"turns":8},{"damage":13,"enemies":"Snecko","floor":27,"turns":5},{"damage":15,"enemies":"Sentry and Sphere","floor":28,"turns":5},{"damage":20,"enemies":"Centurion and Healer","floor":29,"turns":2}],"seed_played":"-5357367293709584885","potions_obtained":[{"floor":1,"key":"Swift Potion"},{"floor":3,"key":"FearPotion"},{"floor":16,"key":"Swift Potion"},{"floor":19,"key":"SkillPotion"},{"floor":24,"key":"FearPotion"},{"floor":27,"key":"BlessingOfTheForge"}],"is_trial":false,"path_per_floor":["M","M","M","M","?","R","?","?","T","R","$","?","M","E","R","B",null,"M","M","M","$","?","R","E","R","T","M","M","M"],"character_chosen":"WATCHER","items_purchased":["ReachHeaven","DollysMirror","Regen Potion","Tiny Chest","FearNoEvil"],"campfire_rested":3,"item_purchase_floors":[11,11,11,21,21],"current_hp_per_floor":[72,69,62,55,55,55,35,35,35,55,55,55,46,46,46,20,67,56,40,29,29,29,49,20,40,47,34,19,0,0],"gold":111,"neow_bonus":"RANDOM_COMMON_RELIC","is_daily":false,"chose_seed":false,"campfire_upgraded":1,"win_rate":0.0,"timestamp":1612004505,"path_taken":["M","M","M","M","?","R","?","?","T","R","$","?","M","E","R","BOSS","M","M","?","$","?","R","E","R","T","M","M","M"],"items_purchased_type":["Card","Relic","Potion","Relic","Card"],"build_version":"2020-12-22","purchased_purges":1,"victory":false,"max_hp_per_floor":[72,72,72,72,72,72,72,67,67,67,67,67,67,67,67,67,67,67,67,67,67,67,67,67,67,74,74,74,74,74],"card_choices":[{"not_picked":["Adaptation","SignatureMove"],"picked":"WindmillStrike","floor":1},{"not_picked":["Perseverance","FlurryOfBlows"],"picked":"ThirdEye","floor":2},{"not_picked":["Crescendo","Adaptation"],"picked":"CrushJoints","floor":3},{"not_picked":["CrushJoints","Sanctity"],"picked":"BowlingBash","floor":4},{"not_picked":["Indignation","Consecrate"],"picked":"Adaptation","floor":7},{"not_picked":["JustLucky","Ragnarok"],"picked":"Protect","floor":13},{"not_picked":["EmptyBody","Sanctity"],"picked":"Halt","floor":14},{"not_picked":["Ragnarok","Brilliance"],"picked":"Omniscience","floor":16},{"not_picked":["EmptyFist+1","ReachHeaven+1"],"picked":"Prostrate","floor":18},{"not_picked":["WheelKick","FollowUp"],"picked":"Vengeance","floor":19},{"not_picked":["TalkToTheHand+1","SashWhip"],"picked":"LikeWater","floor":20},{"not_picked":["CrushJoints+1","Vengeance+1"],"picked":"DevaForm","floor":24},{"not_picked":["FlyingSleeves","EmptyFist"],"picked":"Nirvana","floor":27},{"not_picked":["Crescendo","Protect+1"],"picked":"FollowUp","floor":28}],"player_experience":68440,"relics_obtained":[{"floor":7,"key":"MawBank"},{"floor":14,"key":"Ancient Tea Set"},{"floor":24,"key":"Potion Belt"},{"floor":26,"key":"Strawberry"}],"event_choices":[{"damage_healed":0,"gold_gain":0,"player_choice":"Grow","damage_taken":0,"max_hp_gain":0,"max_hp_loss":0,"event_name":"Living Wall","floor":5,"gold_loss":0,"cards_upgraded":["WindmillStrike"]},{"damage_healed":0,"gold_gain":30,"player_choice":"Searched \u00273\u0027 times","damage_taken":0,"max_hp_gain":0,"max_hp_loss":0,"event_name":"Dead Adventurer","floor":7,"gold_loss":0},{"damage_healed":0,"gold_gain":0,"player_choice":"Lose Max HP","damage_taken":0,"relics_obtained":["Golden Idol"],"max_hp_gain":0,"max_hp_loss":5,"event_name":"Golden Idol","floor":8,"gold_loss":0},{"damage_healed":0,"gold_gain":0,"player_choice":"Ignored","damage_taken":0,"max_hp_gain":0,"max_hp_loss":0,"event_name":"NoteForYourself","floor":12,"gold_loss":0}],"is_beta":false,"boss_relics":[{"not_picked":["Snecko Eye","Cursed Key"],"picked":"Philosopher\u0027s Stone"}],"items_purged_floors":[21],"is_endless":false,"potions_floor_spawned":[1,3,16,19,24,27],"killed_by":"Centurion and Healer","ascension_level":0}}