{"host":"8is2j71l4wmybkoi","time":1612006327,"event":{"mods":["AchievementEnabler","BaseMod","Colored Map","Minty Spire (QoL Compilation)","Rare Cards Sparkle","StSLib","SuperFastMode"],"gold_per_floor":[14,24,299,319,336,336,349,349,401,401,129,146,177,177,177,298,298,317,277,30,44,68,107,107,132,158,158,158,158,158,158,158,281,281,297,310,331,331,331],"floor_reached":38,"language":"KOR","playtime":1333,"items_purged":["Regret","Strike_G"],"score":594,"play_id":"278dc5b0-30a7-48ba-9001-c544f016e78f","local_time":"20210130203207","is_ascension_mode":true,"campfire_choices":[{"data":"Bouncing Flask","floor":6.0,"key":"SMITH"},{"data":"Riddle With Holes","floor":8.0,"key":"SMITH"},{"floor":10.0,"key":"REST"},{"data":"Well Laid Plans","floor":15.0,"key":"SMITH"},{"floor":24,"key":"REST"},{"floor":28,"key":"REST"},{"data":"Noxious Fumes","floor":30,"key":"SMITH"},{"data":"Neutralize","floor":32,"key":"SMITH"}],"circlet_count":0,"master_deck":["AscendersBane","Strike_G","Strike_G","Strike_G","Defend_G","Defend_G","Defend_G","Defend_G","Survivor","Neutralize+1","Backflip","Riddle With Holes+1","Bouncing Flask+1","Deadly Poison","Noxious Fumes+1","Well Laid Plans+1","Caltrops","Die Die Die","Flying Knee+1","Blur","Escape Plan","Prepared+1","Decay","Burst","Escape Plan+1"],"relics":["Ring of the Snake","Potion Belt","Ninja Scroll","Golden Idol","SacredBark","Medical Kit","Oddly Smooth Stone","Pen Nib","Nilry\u0027s Codex","Fusion Hammer"],"acts_visited":["Exordium","TheCity","TheBeyond"],"potions_floor_usage":[23,25,25,33,33,37,38,38],"damage_taken":[{"damage":4.0,"enemies":"2 Louse","floor":1.0,"turns":3.0},{"damage":0.0,"enemies":"Cultist","floor":2.0,"turns":4.0},{"damage":11.0,"enemies":"Jaw Worm","floor":4.0,"turns":3.0},{"damage":12.0,"enemies":"3 Louse","floor":5.0,"turns":4.0},{"damage":10.0,"enemies":"Red Slaver","floor":7.0,"turns":3.0},{"damage":6.0,"enemies":"Looter","floor":12.0,"turns":3.0},{"damage":22.0,"enemies":"Gremlin Nob","floor":13.0,"turns":4.0},{"damage":6.0,"enemies":"Hexaghost","floor":16.0,"turns":7.0},{"damage":3.0,"enemies":"3 Byrds","floor":18.0,"turns":3.0},{"damage":18.0,"enemies":"Spheric Guardian","floor":21.0,"turns":5.0},{"damage":13.0,"enemies":"Snecko","floor":22.0,"turns":4.0},{"damage":5,"enemies":"Slavers","floor":23,"turns":3},{"damage":0,"enemies":"Shelled Parasite and Fungi","floor":25,"turns":1},{"damage":34,"enemies":"Collector","floor":33,"turns":8},{"damage":0,"enemies":"Orb Walker","floor":35,"turns":3},{"damage":7,"enemies":"3 Shapes","floor":36,"turns":6},{"damage":42,"enemies":"Jaw Worm Horde","floor":37,"turns":4},{"damage":6,"enemies":"Maw","floor":38,"turns":3}],"seed_played":"-6479712962232305872","potions_obtained":[{"floor":2.0,"key":"Fire Potion"},{"floor":7.0,"key":"CunningPotion"},{"floor":12.0,"key":"BlessingOfTheForge"},{"floor":19.0,"key":"Weak Potion"},{"floor":19.0,"key":"Swift Potion"},{"floor":19.0,"key":"Dexterity Potion"},{"floor":21.0,"key":"CunningPotion"},{"floor":22.0,"key":"SteroidPotion"},{"floor":25,"key":"Explosive Potion"},{"floor":33,"key":"FearPotion"},{"floor":35,"key":"GamblersBrew"},{"floor":37,"key":"ColorlessPotion"}],"is_trial":false,"path_per_floor":["M","M","?","M","M","R","M","R","T","R","$","M","E","?","R","B",null,"M","?","$","M","M","E","R","M","T","?","R","?","R","?","R","B",null,"M","M","M","M"],"character_chosen":"THE_SILENT","items_purchased":["Potion Belt","Poison Potion","Medical Kit"],"campfire_rested":3,"item_purchase_floors":[11,11,20],"current_hp_per_floor":[59,59,59,48,36,36,26,26,26,47,47,41,19,19,19,13,52,49,49,49,31,18,13,32,32,32,16,35,56,56,56,56,22,54,54,47,5,0,0],"gold":331,"neow_bonus":"REMOVE_TWO","is_daily":false,"chose_seed":false,"campfire_upgraded":5,"win_rate":0.0,"timestamp":1612006327,"path_taken":["M","M","?","M","?","R","M","R","T","R","$","M","E","?","R","BOSS","M","?","$","?","M","E","R","M","T","?","R","?","R","?","R","BOSS","M","?","M","M"],"items_purchased_type":["Relic","Potion","Relic"],"build_version":"2020-12-22","purchased_purges":2,"victory":false,"max_hp_per_floor":[70,70,70,70,70,70,70,70,70,70,70,70,70,65,65,65,65,65,65,65,65,65,65,65,65,65,65,65,65,65,65,65,65,65,65,65,65,65,65],"card_choices":[{"not_picked":["Slice","Dodge and Roll","Backflip"],"picked":"SKIP","floor":1.0},{"not_picked":["Slice","Dodge and Roll"],"picked":"Backflip","floor":1.0},{"not_picked":["Deadly Poison","Underhanded Strike"],"picked":"Riddle With Holes","floor":2.0},{"not_picked":["Cloak And Dagger","Slice"],"picked":"Bouncing Flask","floor":4.0},{"not_picked":["Deflect","Outmaneuver"],"picked":"Deadly Poison","floor":5.0},{"not_picked":["Underhanded Strike","PiercingWail"],"picked":"Noxious Fumes","floor":7.0},{"not_picked":["Bane","PiercingWail"],"picked":"Well Laid Plans","floor":12.0},{"not_picked":["Sucker Punch","Backstab"],"picked":"Caltrops","floor":13.0},{"not_picked":["Wraith Form v2","Doppelganger"],"picked":"Die Die Die","floor":16.0},{"not_picked":["Cloak And Dagger","Riddle With Holes"],"picked":"Flying Knee+1","floor":18.0},{"not_picked":["Slice+1","Deflect","Caltrops"],"picked":"SKIP","floor":21.0},{"not_picked":["Poisoned Stab+1","Well Laid Plans"],"picked":"Blur","floor":22.0},{"not_picked":["Dagger Spray","Dodge and Roll+1"],"picked":"Escape Plan","floor":23},{"not_picked":["Deflect","Bane"],"picked":"Prepared+1","floor":25},{"not_picked":["A Thousand Cuts","Tools of the Trade"],"picked":"Burst","floor":33},{"not_picked":["Blade Dance","All Out Attack","PiercingWail"],"picked":"SKIP","floor":35},{"not_picked":["All Out Attack+1","Underhanded Strike+1","Dagger Spray+1"],"picked":"SKIP","floor":36},{"not_picked":["Flying Knee+1","Accuracy+1"],"picked":"Escape Plan+1","floor":37}],"player_experience":847267,"relics_obtained":[{"floor":13.0,"key":"Ninja Scroll"},{"floor":23,"key":"Oddly Smooth Stone"},{"floor":26,"key":"Pen Nib"},{"floor":27,"key":"Nilry\u0027s Codex"}],"event_choices":[{"damage_healed":0.0,"max_hp_gain":0.0,"max_hp_loss":0.0,"gold_gain":275.0,"event_name":"Golden Shrine","player_choice":"Desecrate","floor":3.0,"gold_loss":0.0,"damage_taken":0.0,"cards_obtained":["Regret"]},{"damage_healed":0.0,"max_hp_gain":0.0,"max_hp_loss":5.0,"gold_gain":0.0,"event_name":"Golden Idol","player_choice":"Lose Max HP","floor":14.0,"gold_loss":0.0,"damage_taken":0.0,"relics_obtained":["Golden Idol"]},{"damage_healed":0.0,"max_hp_gain":0.0,"max_hp_loss":0.0,"gold_gain":0.0,"event_name":"The Woman in Blue","player_choice":"Bought 3 Potions","floor":19.0,"gold_loss":0.0,"damage_taken":0.0},{"damage_healed":0,"gold_gain":0,"player_choice":"Obtained Book","damage_taken":16,"max_hp_gain":0,"max_hp_loss":0,"event_name":"Cursed Tome","floor":27,"gold_loss":0},{"damage_healed":21,"gold_gain":0,"player_choice":"Heal","damage_taken":0,"max_hp_gain":0,"max_hp_loss":0,"event_name":"The Library","floor":29,"gold_loss":0},{"damage_healed":0,"gold_gain":0,"player_choice":"Cursed","damage_taken":0,"max_hp_gain":0,"max_hp_loss":0,"event_name":"Wheel of Change","floor":31,"gold_loss":0,"cards_obtained":["Decay"]}],"is_beta":false,"boss_relics":[{"not_picked":["Cursed Key","Philosopher\u0027s Stone"],"picked":"SacredBark"},{"not_picked":["Empty Cage","HoveringKite"],"picked":"Fusion Hammer"}],"items_purged_floors":[11,20],"is_endless":false,"potions_floor_spawned":[2,7,12,21,22,25,33,35,37],"killed_by":"Maw","ascension_level":10}}