{"host":"jmumkimrafwvkspb","time":1612021555,"event":{"mods":["AchievementEnabler","BaseMod","Colored Map","Minty Spire (QoL Compilation)","Replay The Spire","StSLib"],"gold_per_floor":[117,117,117,132,142,171,42,53,53,81,81,81,97,126,126,200,200,216,5,20,20,34,34,34,34],"floor_reached":24,"language":"ENG","playtime":797,"items_purged":["Strike_B","Strike_B"],"score":457,"play_id":"b6d7588f-c0e1-4e98-afe5-f1c43b2590cb","local_time":"20210130164555","is_ascension_mode":true,"campfire_choices":[{"data":"BasicCrystalCard","floor":12,"key":"SMITH"},{"data":"Barrage","floor":15,"key":"SMITH"},{"data":"Buffer","floor":23,"key":"SMITH"}],"circlet_count":0,"master_deck":["AscendersBane","Strike_B","Defend_B+1","Defend_B+1","Defend_B+1","Defend_B+1","Zap","Dualcast","Sweeping Beam","Lockon","Ball Lightning","Chaos","Auto Shields","FIFO Queue","Doom and Gloom","BasicCrystalCard+1","Barrage+1","Buffer+1","Turbo","Buffer","Self Repair","Turbo","Core Surge","Coolheaded"],"relics":["Cracked Core","NeowsBlessing","The Courier","Ice Cream","Mango","Unceasing Top","Replay:Bottled Eggs","Philosopher\u0027s Stone","DollysMirror"],"acts_visited":["Exordium","TheCity"],"potions_floor_usage":[8,10,14,18,22,24],"damage_taken":[{"damage":0.0,"enemies":"Small Slimes","floor":1.0,"turns":1.0},{"damage":0.0,"enemies":"Cultist","floor":4.0,"turns":1.0},{"damage":0.0,"enemies":"2 Louse","floor":5.0,"turns":1.0},{"damage":25.0,"enemies":"Lagavulin","floor":6.0,"turns":7.0},{"damage":14,"enemies":"Lots of Slimes","floor":8,"turns":5},{"damage":4,"enemies":"3 Sentries","floor":10,"turns":5},{"damage":13,"enemies":"Large Slime","floor":13,"turns":5},{"damage":8,"enemies":"Lagavulin","floor":14,"turns":5},{"damage":8,"enemies":"Slime Boss","floor":16,"turns":8},{"damage":16,"enemies":"Shell Parasite","floor":18,"turns":5},{"damage":21,"enemies":"3 Byrds","floor":20,"turns":4},{"damage":27,"enemies":"Cultist and Chosen","floor":22,"turns":7},{"damage":15,"enemies":"Book of Stabbing","floor":24,"turns":2}],"seed_played":"1141796539206684486","potions_obtained":[{"floor":4.0,"key":"SneckoOil"},{"floor":8,"key":"SkillPotion"},{"floor":10,"key":"Explosive Potion"},{"floor":13,"key":"BlessingOfTheForge"},{"floor":16,"key":"Swift Potion"},{"floor":20,"key":"Fruit Juice"},{"floor":22,"key":"Adrenaline Potion"}],"is_trial":false,"path_per_floor":["M","?","?","M","M","E","$","M","T","E","?","R","M","E","R","B",null,"M","$","M","?","M","R","E"],"character_chosen":"DEFECT","items_purchased":["FIFO Queue","DollysMirror"],"campfire_rested":0,"item_purchase_floors":[7,19],"current_hp_per_floor":[64,64,71,71,71,46,46,32,32,42,42,42,29,21,21,13,67,51,51,30,30,15,15,0,0],"gold":34,"neow_bonus":"THREE_ENEMY_KILL","is_daily":false,"chose_seed":false,"campfire_upgraded":3,"win_rate":0.0,"timestamp":1612021555,"path_taken":["M","?","?","M","?","E","?","M","T","E","?","R","M","E","R","BOSS","M","?","M","?","?","R","E"],"items_purchased_type":["Card","Relic"],"build_version":"2020-12-22","purchased_purges":2,"victory":false,"max_hp_per_floor":[71,71,71,71,71,71,71,71,71,85,85,85,85,85,85,85,85,85,85,85,85,90,90,90,90],"card_choices":[{"not_picked":["Steam","Redo"],"picked":"Sweeping Beam","floor":1.0},{"not_picked":["Conserve Battery","Cold Snap"],"picked":"Ball Lightning","floor":4.0},{"not_picked":["Rebound","Capacitor"],"picked":"Chaos","floor":5.0},{"not_picked":["Mirror Shield","Force Field"],"picked":"Auto Shields","floor":6.0},{"not_picked":["Cold Snap","Rebound"],"picked":"Doom and Gloom","floor":8},{"not_picked":["Reprogram","ReplaySolidLightProjector"],"picked":"BasicCrystalCard","floor":10},{"not_picked":["Genetic Algorithm","Chaos"],"picked":"Barrage","floor":13},{"not_picked":["Beam Cell","Stack","Rebound"],"picked":"SKIP","floor":14},{"not_picked":["Creative AI","Seek"],"picked":"Buffer","floor":16},{"not_picked":["Hologram+1","Compile Driver+1"],"picked":"Turbo","floor":18},{"not_picked":["Redo","Beam Cell"],"picked":"Self Repair","floor":20},{"not_picked":["Ball Lightning","FIFO Queue"],"picked":"Coolheaded","floor":22}],"player_experience":1628584,"relics_obtained":[{"floor":6.0,"key":"The Courier"},{"floor":9,"key":"Ice Cream"},{"floor":10,"key":"Mango"},{"floor":14,"key":"Replay:Bottled Eggs"}],"event_choices":[{"damage_healed":0.0,"max_hp_gain":0.0,"max_hp_loss":0.0,"gold_gain":0.0,"cards_transformed":["Strike_B"],"event_name":"Living Wall","player_choice":"Change","floor":2.0,"gold_loss":0.0,"damage_taken":0.0,"cards_obtained":["Lockon"]},{"damage_healed":7.0,"max_hp_gain":0.0,"max_hp_loss":0.0,"gold_gain":0.0,"event_name":"Wheel of Change","player_choice":"Full Heal","floor":3.0,"gold_loss":0.0,"damage_taken":0.0},{"damage_healed":0,"gold_gain":0,"player_choice":"Gave Potion","damage_taken":0,"relics_obtained":["Unceasing Top"],"max_hp_gain":0,"max_hp_loss":0,"event_name":"WeMeetAgain","floor":11,"gold_loss":0},{"damage_healed":0,"gold_gain":0,"player_choice":"2 cards matched","damage_taken":0,"max_hp_gain":0,"max_hp_loss":0,"event_name":"Match and Keep!","floor":21,"gold_loss":0,"cards_obtained":["Turbo","Core Surge"]}],"is_beta":false,"boss_relics":[{"not_picked":["Replay:Bronze Core","Astrolabe"],"picked":"Philosopher\u0027s Stone"}],"items_purged_floors":[7,19],"is_endless":false,"potions_floor_spawned":[4,8,10,13,16,20,22],"killed_by":"Book of Stabbing","ascension_level":20}}