{"host":"tetk82fuf8thwxol","time":1612038672,"event":{"mods":["AchievementEnabler","BaseMod","BetterRewards","GifTheSpireLib","Hermit","Jorbs\u0027s Wanderer Trilogy","Minty Spire (QoL Compilation)","Permanent Neow","Quick Restart","Shop Mod","Spicy Shops","StSLib","The Bug Knight","The Cursed","The Forsaken","The Runesmith"],"gold_per_floor":[116,116,132,82,82,99,127,140,208,208,233,247,77,104,104,203,203,203,203],"floor_reached":18,"language":"ENG","playtime":712,"items_purged":[],"score":225,"play_id":"2082b30d-ee7f-402e-97dd-e363491d6014","local_time":"20210130143112","is_ascension_mode":true,"campfire_choices":[{"floor":10,"key":"REST"},{"data":"BattleHymn","floor":15,"key":"SMITH"}],"circlet_count":0,"master_deck":["Strike_P","Strike_P","Strike_P","Defend_P","Defend_P","Defend_P","Eruption","Vigilance","BowlingBash","FlurryOfBlows","EmptyBody","FlyingSleeves","Halt","BattleHymn+1","EmptyFist","SandsOfTime","MentalFortress","ClearTheMind","DeusExMachina"],"relics":["HolyWater","Thread and Needle","Gremlin Horn","HollowMod:PaleOreRelic","Ancient Tea Set"],"acts_visited":["Exordium","TheCity"],"potions_floor_usage":[11,14,16],"damage_taken":[{"damage":0,"enemies":"Jaw Worm","floor":1,"turns":3},{"damage":1,"enemies":"2 Louse","floor":3,"turns":2},{"damage":0,"enemies":"Small Slimes","floor":6,"turns":2},{"damage":40,"enemies":"Lagavulin","floor":7,"turns":4},{"damage":6,"enemies":"Gremlin Gang","floor":8,"turns":5},{"damage":1,"enemies":"3 Sentries","floor":11,"turns":5},{"damage":5,"enemies":"Exordium Thugs","floor":12,"turns":3},{"damage":4,"enemies":"Gremlin Nob","floor":14,"turns":3},{"damage":23,"enemies":"Hexaghost","floor":16,"turns":7},{"damage":0,"enemies":"3 Byrds","floor":18,"turns":1}],"seed_played":"-3581238240849888017","potions_obtained":[{"floor":8,"key":"GamblersBrew"},{"floor":12,"key":"LiquidBronze"},{"floor":14,"key":"PowerPotion"}],"is_trial":false,"path_per_floor":["M","?","M","?","?","M","E","M","T","R","E","M","$","E","R","B",null,"M"],"character_chosen":"WATCHER","items_purchased":["SandsOfTime","MentalFortress"],"campfire_rested":1,"item_purchase_floors":[13,13],"current_hp_per_floor":[79,84,83,83,83,83,43,37,37,62,61,56,56,52,52,29,70,70,70],"gold":203,"neow_bonus":"TEN_PERCENT_HP_BONUS","is_daily":false,"chose_seed":false,"campfire_upgraded":1,"win_rate":0.0,"timestamp":1612038672,"path_taken":["M","?","M","?","?","M","E","M","T","R","E","?","$","E","R","BOSS","M"],"items_purchased_type":["Card","Card"],"build_version":"2020-12-22","purchased_purges":0,"victory":false,"max_hp_per_floor":[79,84,84,84,84,84,84,84,84,84,84,84,84,84,84,84,84,84,84],"card_choices":[{"not_picked":["PathToVictory","Perseverance"],"picked":"BowlingBash","floor":1},{"not_picked":["BowlingBash","Halt"],"picked":"FlurryOfBlows","floor":3},{"not_picked":["Nirvana","FearNoEvil"],"picked":"EmptyBody","floor":6},{"not_picked":["Vault","ThirdEye"],"picked":"FlyingSleeves","floor":7},{"not_picked":["BowlingBash","EmptyBody"],"picked":"Halt","floor":8},{"not_picked":["DeceiveReality","EmptyFist"],"picked":"BattleHymn","floor":11},{"not_picked":["ForeignInfluence","SashWhip"],"picked":"EmptyFist","floor":12},{"not_picked":["FollowUp","Pray"],"picked":"ClearTheMind","floor":14},{"not_picked":["Omniscience","Blasphemy"],"picked":"DeusExMachina","floor":16}],"player_experience":265351,"relics_obtained":[{"floor":7,"key":"Thread and Needle"},{"floor":9,"key":"Gremlin Horn"},{"floor":11,"key":"HollowMod:PaleOreRelic"},{"floor":14,"key":"Ancient Tea Set"}],"event_choices":[{"damage_healed":0,"gold_gain":0,"player_choice":"Donut","damage_taken":0,"max_hp_gain":5,"max_hp_loss":0,"event_name":"Big Fish","floor":2,"gold_loss":0},{"cards_removed":["Strike_P"],"damage_healed":0,"gold_gain":0,"player_choice":"Card Removal","damage_taken":0,"max_hp_gain":0,"max_hp_loss":0,"event_name":"The Cleric","floor":4,"gold_loss":50},{"cards_removed":["Defend_P"],"damage_healed":0,"gold_gain":0,"player_choice":"Purged","damage_taken":0,"max_hp_gain":0,"max_hp_loss":0,"event_name":"Purifier","floor":5,"gold_loss":0}],"is_beta":false,"boss_relics":[{"not_picked":["VioletLotus","SlaversCollar"],"picked":"HolyWater"}],"items_purged_floors":[],"is_endless":false,"potions_floor_spawned":[8,12,14],"killed_by":"3 Byrds","ascension_level":5}}