{"host":"6xsbn6ynqlzwllfm","time":1612044376,"event":{"mods":["2.2 Compatiblity","BaseMod","Bestiary","Colored Map","Colored Powertips","Curses Come First","Highlight Path","Keyboard Shortcuts","Minty Spire (QoL Compilation)","Relic Stats","Slay the Relics Exporter","StSLib","SuperFastMode"],"gold_per_floor":[118,128,140,154,164,164,198,198,247,273,273,306,306,381,381,381,381],"floor_reached":16,"language":"ENG","playtime":349,"items_purged":[],"score":290,"play_id":"9106cc39-4041-4825-accb-7b471e1e0b19","local_time":"20210130170616","is_ascension_mode":true,"campfire_choices":[{"data":"Tantrum","floor":6.0,"key":"SMITH"},{"data":"WheelKick","floor":8.0,"key":"SMITH"},{"data":"EmptyFist","floor":11.0,"key":"SMITH"},{"data":"FlyingSleeves","floor":15.0,"key":"SMITH"}],"circlet_count":0,"master_deck":["AscendersBane","Strike_P","Strike_P","Strike_P+1","Strike_P","Defend_P","Defend_P","Defend_P","Eruption+1","Vigilance","Judgement","Consecrate","FlyingSleeves+1","WheelKick+1","EmptyFist+1","Tantrum+1","FearNoEvil"],"relics":["PureWater","The Courier","Whetstone","StrikeDummy","Akabeko"],"acts_visited":["Exordium"],"potions_floor_usage":[16],"damage_taken":[{"damage":0.0,"enemies":"Cultist","floor":1.0,"turns":2.0},{"damage":2.0,"enemies":"Jaw Worm","floor":2.0,"turns":2.0},{"damage":0.0,"enemies":"Small Slimes","floor":3.0,"turns":2.0},{"damage":0.0,"enemies":"Exordium Thugs","floor":4.0,"turns":2.0},{"damage":8.0,"enemies":"Blue Slaver","floor":5.0,"turns":3.0},{"damage":7.0,"enemies":"3 Sentries","floor":7.0,"turns":3.0},{"damage":0.0,"enemies":"Lagavulin","floor":10.0,"turns":2.0},{"damage":7.0,"enemies":"3 Sentries","floor":12.0,"turns":3.0},{"damage":20,"enemies":"The Guardian","floor":16,"turns":4}],"seed_played":"-2662113213118499980","potions_obtained":[{"floor":2.0,"key":"Ancient Potion"},{"floor":4.0,"key":"EntropicBrew"},{"floor":7.0,"key":"AttackPotion"},{"floor":10.0,"key":"Swift Potion"},{"floor":12.0,"key":"SpeedPotion"}],"is_trial":false,"path_per_floor":["M","M","M","M","M","R","E","R","T","E","R","E","?","?","R","B"],"character_chosen":"WATCHER","items_purchased":[],"campfire_rested":0,"item_purchase_floors":[],"current_hp_per_floor":[61,59,59,59,51,51,44,44,44,44,44,37,30,19,19,0,0],"gold":381,"neow_bonus":"ONE_RANDOM_RARE_CARD","is_daily":false,"chose_seed":false,"campfire_upgraded":4,"win_rate":0.0,"timestamp":1612044376,"path_taken":["M","M","?","M","M","R","E","R","T","E","R","E","?","?","R","BOSS"],"items_purchased_type":[],"build_version":"2020-12-22","purchased_purges":0,"victory":false,"max_hp_per_floor":[68,68,68,68,68,68,68,68,68,68,68,68,68,68,68,68,68],"relic_stats":{"counters":[9,23],"Whetstone":["Eruption","Strike_P"],"obtain_stats":[{"The Courier":7,"Whetstone":9,"PureWater":0,"StrikeDummy":10,"Akabeko":12},{"The Courier":6,"Whetstone":6,"PureWater":0,"StrikeDummy":7,"Akabeko":8},{"The Courier":14,"Whetstone":14,"PureWater":0,"StrikeDummy":16,"Akabeko":19}]},"card_choices":[{"not_picked":["Crescendo","Halt"],"picked":"Consecrate","floor":1.0},{"not_picked":["Consecrate","EmptyFist"],"picked":"FlyingSleeves","floor":2.0},{"not_picked":["Evaluate","EmptyMind"],"picked":"WheelKick","floor":3.0},{"not_picked":["Indignation","Nirvana"],"picked":"EmptyFist","floor":4.0},{"not_picked":["Meditate","Sanctity"],"picked":"Tantrum","floor":5.0},{"not_picked":["Sanctity","EmptyMind"],"picked":"FearNoEvil","floor":7.0}],"player_experience":1304505,"relics_obtained":[{"floor":7.0,"key":"The Courier"},{"floor":9.0,"key":"Whetstone"},{"floor":10.0,"key":"StrikeDummy"},{"floor":12.0,"key":"Akabeko"}],"event_choices":[{"cards_removed":["Defend_P"],"damage_healed":0.0,"max_hp_gain":0.0,"max_hp_loss":0.0,"gold_gain":0.0,"event_name":"Golden Wing","player_choice":"Card Removal","floor":13.0,"gold_loss":0.0,"damage_taken":7.0},{"damage_healed":0.0,"max_hp_gain":0.0,"max_hp_loss":0.0,"gold_gain":75.0,"event_name":"World of Goop","player_choice":"Gather Gold","floor":14.0,"gold_loss":0.0,"damage_taken":11.0}],"is_beta":false,"boss_relics":[],"items_purged_floors":[],"is_endless":false,"potions_floor_spawned":[2,4,7,10,12],"killed_by":"The Guardian","ascension_level":20}}