{"host":"ekyl8r8j8fco3zlk","time":1612032135,"event":{"mods":["ATMod(∞¢Ë™Mod)","Act Like it!","Arknights The Spire","BaseMod","CapriCore","Decade(Õı–°√˜)","Dota2Spire","Downfall","Friendly Minions","Gensokyo","Lobotomy","LobotomyExtend","Marisa£®ÏF”Í°°ƒß¿Ì…≥£©","Minty Spire (QoL Compilation)","READ ME - Guardian Mod","Rare Cards Sparkle","Reimu£®≤©¿ˆ¡È√Œ£©","StSLib","The Alterego","The Immortal","The Jungle","TheWitcher","Waifu the Spire","WarShipGirlsR/’ΩΩ¢…Ÿ≈ÆR mod","Yakumo Yukari mod","°æ“≈ŒÔø®≈∆°øREMEMod"],"gold_per_floor":[116,116,126,301,312,312,312,312,312,323,336,346,13,42,42,139,139,139,165,190,190,222,222,222],"floor_reached":23,"language":"ZHS","playtime":939,"items_purged":["Doubt"],"score":193,"play_id":"a151bb19-c3e6-488d-8efd-f0441eb7ac28","local_time":"20210131024215","is_ascension_mode":false,"campfire_choices":[{"data":"ats:Part Time Job","floor":6.0,"key":"SMITH"},{"data":"AT_Dispersion","floor":8.0,"key":"SMITH"},{"data":"ats:Calcification","floor":15.0,"key":"SMITH"}],"circlet_count":0,"master_deck":["ats:Strike C","ats:Strike G","ats:Strike S","ats:Strike V","ats:Armor Crushing Shot","ats:Defend","ats:Defend","ats:Defend","ats:Defend","ats:Emotion Absorption","AT_Dispersion+1","ats:Roar Of Ursus","ats:Soul Absorption","ats:Sword Rain","ats:Part Time Job+1","ats:Powerful Strike","ats:Defend Order","ats:Apocalypse","ats:Calcification+1","ats:Durian","CurseOfTheBell","ats:Overload+1","ats:Closed Bolt Burst Fire","ats:Cat Scratch+1"],"relics":["ats:Sanity","AT_ATBox","REME_ComplimentaryCards","NeowsBlessing","InkBottle","Dota2Spire:MantaStyle","LetterFromLob","Frozen Egg 2","ats:Originium","Juzu Bracelet","Calling Bell","Toy Ornithopter","Dota2Spire:MonkeyKingBar","ats:Gyao","bronze:BronzeCore"],"acts_visited":["Exordium","TheCity"],"potions_floor_usage":[23],"damage_taken":[{"damage":0.0,"enemies":"Jaw Worm","floor":1.0,"turns":1.0},{"damage":0.0,"enemies":"Small Slimes","floor":3.0,"turns":1.0},{"damage":0.0,"enemies":"2 Louse","floor":5.0,"turns":1.0},{"damage":5.0,"enemies":"Blue Slaver","floor":10.0,"turns":6.0},{"damage":11.0,"enemies":"3 Louse","floor":11.0,"turns":2.0},{"damage":11.0,"enemies":"Large Slime","floor":12.0,"turns":7.0},{"damage":26.0,"enemies":"Lagavulin","floor":14.0,"turns":9.0},{"damage":60.0,"enemies":"Hexaghost","floor":16.0,"turns":18.0},{"damage":24.0,"enemies":"Spheric Guardian","floor":19.0,"turns":5.0},{"damage":29.0,"enemies":"Shell Parasite","floor":20.0,"turns":6.0},{"damage":26.0,"enemies":"Snake Plant","floor":22.0,"turns":3.0},{"damage":38,"enemies":"Book of Stabbing","floor":23,"turns":5}],"seed_played":"-6858585870109818337","potions_obtained":[{"floor":1.0,"key":"Weak Potion"},{"floor":5.0,"key":"Energy Potion"},{"floor":11.0,"key":"LiquidMemories"},{"floor":16.0,"key":"Weak Potion"},{"floor":20.0,"key":"ColorlessPotion"}],"is_trial":false,"path_per_floor":["M","?","M","?","M","R","?","R","T","M","M","M","$","E","R","B",null,"M","M","M","?","M","E"],"character_chosen":"DOCTOR_CLASS","items_purchased":["Frozen Egg 2"],"campfire_rested":0,"item_purchase_floors":[13],"current_hp_per_floor":[72,72,72,72,72,72,47,47,47,48,37,38,38,34,34,20,72,72,58,41,41,25,0,0],"gold":222,"neow_bonus":"THREE_ENEMY_KILL","is_daily":false,"chose_seed":false,"campfire_upgraded":3,"win_rate":0.0,"timestamp":1612032135,"path_taken":["M","?","M","?","?","R","?","R","T","M","M","M","$","E","R","BOSS","M","M","M","?","M","E"],"items_purchased_type":["Relic"],"build_version":"2020-12-22","purchased_purges":1,"victory":false,"max_hp_per_floor":[72,72,72,72,72,72,72,72,72,72,72,72,72,72,72,72,72,72,72,72,72,72,72,72],"card_choices":[{"not_picked":["ats:Very Hot Blade","ats:Absolute Focus"],"picked":"ats:Soul Absorption","floor":1.0},{"not_picked":["ats:Flexible Camouflage","ats:Shell Defense"],"picked":"ats:Sword Rain","floor":3.0},{"not_picked":["ats:Hammer On","ats:Mental Burst"],"picked":"ats:Part Time Job","floor":5.0},{"not_picked":["ats:Ignite","ats:Flame Of Heaven"],"picked":"ats:Powerful Strike","floor":10.0},{"not_picked":["ats:Ignite","ats:Shadow Raid"],"picked":"ats:Defend Order","floor":11.0},{"not_picked":["ats:Steam Pump","ats:Guard Mode"],"picked":"ats:Apocalypse","floor":12.0},{"not_picked":["ats:Sword Rain","ats:Thermite Blade"],"picked":"ats:Calcification","floor":14.0},{"not_picked":["ats:Roar Of Ursus+1","ats:Dogmatic Field+1"],"picked":"ats:Durian","floor":16.0},{"not_picked":["ats:Hammer On+1","ats:Counter Healing Mode+1"],"picked":"ats:Overload+1","floor":19.0},{"not_picked":["ats:Chain Hook","ats:Flexible Camouflage"],"picked":"ats:Closed Bolt Burst Fire","floor":20.0},{"not_picked":["ats:Guard Mode","ats:Revitalization+1"],"picked":"ats:Cat Scratch+1","floor":22.0}],"player_experience":746260,"relics_obtained":[{"floor":9.0,"key":"Dota2Spire:MantaStyle"},{"floor":12.0,"key":"LetterFromLob"},{"floor":14.0,"key":"ats:Originium"},{"floor":14.0,"key":"Juzu Bracelet"},{"floor":17.0,"key":"Toy Ornithopter"},{"floor":17.0,"key":"Dota2Spire:MonkeyKingBar"},{"floor":17.0,"key":"ats:Gyao"}],"event_choices":[{"damage_healed":0.0,"max_hp_gain":0.0,"max_hp_loss":0.0,"gold_gain":175.0,"event_name":"Liars Game","player_choice":"AGREE","floor":4.0,"gold_loss":0.0,"damage_taken":0.0,"cards_obtained":["Doubt"]},{"damage_healed":0.0,"max_hp_gain":0.0,"max_hp_loss":0.0,"gold_gain":0.0,"event_name":"Scrap Ooze","player_choice":"Success","floor":7.0,"gold_loss":0.0,"damage_taken":25.0,"relics_obtained":["InkBottle"]}],"is_beta":false,"boss_relics":[{"not_picked":["Fusion Hammer","Astrolabe"],"picked":"Calling Bell"}],"items_purged_floors":[13],"is_endless":false,"potions_floor_spawned":[1,5,11,12,16,20],"killed_by":"Book of Stabbing","ascension_level":0}}