{"host":"jggt5i9rbuoqvque","time":1612030666,"event":{"mods":["BaseMod","Colored Map","Minty Spire (QoL Compilation)","StSLib"],"gold_per_floor":[116,116,141,66,79,79,118,132,132,132,132,157,180,180,180,305,305,323,341,47,47,146,146,146,146,226,151,164,39,39,39,39,164,164,180,180,195,218,318,318,339,339,366,366,385,78,78,78,78,78],"floor_reached":51,"language":"KOR","playtime":1268,"items_purged":["Pain","Strike_R","Strike_R"],"score":953,"play_id":"8cfe7527-f252-452e-9637-e5b4c8ffe5fe","local_time":"20210131031746","is_ascension_mode":true,"campfire_choices":[{"floor":6.0,"key":"REST"},{"data":"Bash","floor":11.0,"key":"SMITH"},{"floor":15.0,"key":"REST"},{"data":"Apotheosis","floor":23.0,"key":"SMITH"},{"data":"Pommel Strike","floor":25.0,"key":"SMITH"},{"data":"Battle Trance","floor":30.0,"key":"SMITH"},{"data":"Bludgeon","floor":32.0,"key":"SMITH"},{"data":"Spot Weakness","floor":40.0,"key":"SMITH"},{"data":"Flame Barrier","floor":42.0,"key":"SMITH"},{"data":"Ghostly Armor","floor":44.0,"key":"SMITH"},{"data":"Cleave","floor":47.0,"key":"SMITH"},{"data":"Thunderclap","floor":49.0,"key":"SMITH"}],"circlet_count":0,"master_deck":["Defend_R","Defend_R","Defend_R","Defend_R","Bash+1","Ghostly Armor+1","Thunderclap+1","Cleave+1","Flex","Bludgeon+1","Pommel Strike+1","Battle Trance+1","Apotheosis+1","Spot Weakness+1","Metallicize+1","Flame Barrier+1","Fire Breathing+1"],"relics":["Burning Blood","Lizard Tail","Golden Idol","Happy Flower","Frozen Egg 2","Coffee Dripper","Enchiridion","Letter Opener","Mark of Pain","Potion Belt","Mercury Hourglass"],"acts_visited":["Exordium","TheCity","TheBeyond"],"potions_floor_usage":[50,50],"damage_taken":[{"damage":23.0,"enemies":"Small Slimes","floor":1.0,"turns":3.0},{"damage":22.0,"enemies":"Jaw Worm","floor":3.0,"turns":3.0},{"damage":6.0,"enemies":"Cultist","floor":5.0,"turns":3.0},{"damage":35.0,"enemies":"3 Sentries","floor":7.0,"turns":9.0},{"damage":0.0,"enemies":"Large Slime","floor":8.0,"turns":4.0},{"damage":14.0,"enemies":"3 Louse","floor":12.0,"turns":3.0},{"damage":11.0,"enemies":"2 Fungi Beasts","floor":13.0,"turns":4.0},{"damage":25.0,"enemies":"Slime Boss","floor":16.0,"turns":8.0},{"damage":12.0,"enemies":"Chosen","floor":18.0,"turns":3.0},{"damage":14.0,"enemies":"Shell Parasite","floor":19.0,"turns":2.0},{"damage":13.0,"enemies":"Centurion and Healer","floor":28.0,"turns":4.0},{"damage":50.0,"enemies":"Champ","floor":33.0,"turns":8.0},{"damage":15.0,"enemies":"3 Darklings","floor":35.0,"turns":4.0},{"damage":0.0,"enemies":"Orb Walker","floor":37.0,"turns":2.0},{"damage":15.0,"enemies":"Transient","floor":38.0,"turns":5.0},{"damage":12.0,"enemies":"Jaw Worm Horde","floor":41.0,"turns":4.0},{"damage":3.0,"enemies":"3 Darklings","floor":45.0,"turns":5.0},{"damage":0.0,"enemies":"Writhing Mass","floor":48.0,"turns":1.0},{"damage":37,"enemies":"Donu and Deca","floor":50,"turns":7}],"seed_played":"-7954412743769375395","potions_obtained":[{"floor":5.0,"key":"CultistPotion"},{"floor":7.0,"key":"Fire Potion"},{"floor":12.0,"key":"Fruit Juice"},{"floor":13.0,"key":"Fire Potion"},{"floor":16.0,"key":"FearPotion"},{"floor":19.0,"key":"EntropicBrew"},{"floor":37.0,"key":"SmokeBomb"},{"floor":38.0,"key":"SneckoOil"},{"floor":41.0,"key":"DuplicationPotion"}],"is_trial":false,"path_per_floor":["M","?","M","$","M","R","E","M","T","?","R","M","M","?","R","B",null,"M","M","$","?","?","R","?","R","T","?","M","$","R","$","R","B",null,"M","?","M","M","?","R","M","R","T","R","M","$","R","M","R","B",null],"character_chosen":"IRONCLAD","items_purchased":["Apotheosis","Mercury Hourglass","Fire Breathing+1"],"campfire_rested":2,"item_purchase_floors":[20,46,46],"current_hp_per_floor":[55,35,19,19,19,43,14,20,20,20,20,17,12,12,37,18,68,62,54,54,82,82,82,66,66,66,66,59,59,59,59,59,15,68,59,59,65,56,56,56,50,50,50,50,53,53,53,59,59,28],"gold":78,"neow_bonus":"ONE_RARE_RELIC","is_daily":false,"chose_seed":false,"campfire_upgraded":10,"win_rate":0.0,"timestamp":1612030666,"path_taken":["M","?","M","$","M","R","E","M","T","?","R","M","M","?","R","BOSS","M","M","$","?","?","R","?","R","T","?","M","$","R","?","R","BOSS","M","?","M","?","?","R","M","R","T","R","M","$","R","M","R","BOSS"],"items_purchased_type":["Card","Relic","Card"],"build_version":"2020-12-22","purchased_purges":3,"victory":true,"max_hp_per_floor":[80,80,80,80,80,80,80,80,80,80,80,85,85,85,85,85,85,85,85,85,85,85,85,85,85,85,85,85,85,85,85,85,85,85,85,85,85,85,85,85,85,85,85,85,85,85,85,85,85,85],"card_choices":[{"not_picked":["Perfected Strike","True Grit","Feel No Pain"],"picked":"SKIP","floor":1.0},{"not_picked":["Hemokinesis","Blood for Blood","Fire Breathing"],"picked":"SKIP","floor":3.0},{"not_picked":["Combust","Havoc","Bloodletting"],"picked":"SKIP","floor":5.0},{"not_picked":["True Grit","Berserk"],"picked":"Ghostly Armor","floor":7.0},{"not_picked":["Wild Strike","Iron Wave"],"picked":"Thunderclap","floor":8.0},{"not_picked":["Intimidate","Pummel","Hemokinesis"],"picked":"SKIP","floor":12.0},{"not_picked":["Combust+1","Clash"],"picked":"Cleave","floor":13.0},{"not_picked":["Offering","Fiend Fire"],"picked":"Bludgeon","floor":16.0},{"not_picked":["Thunderclap","Searing Blow"],"picked":"Pommel Strike","floor":18.0},{"not_picked":["Rupture+1","Perfected Strike"],"picked":"Battle Trance","floor":19.0},{"not_picked":["Entrench","Ghostly Armor"],"picked":"Spot Weakness","floor":28.0},{"not_picked":["Havoc+1","Armaments","Headbutt+1"],"picked":"SKIP","floor":35.0},{"not_picked":["Heavy Blade+1","Seeing Red"],"picked":"Metallicize+1","floor":37.0},{"not_picked":["Flex","Armaments","Perfected Strike+1"],"picked":"SKIP","floor":38.0},{"not_picked":["Armaments+1","Rage+1"],"picked":"Flame Barrier","floor":41.0},{"not_picked":["Shrug It Off","Iron Wave","Clash"],"picked":"SKIP","floor":45.0}],"player_experience":344370,"relics_obtained":[{"floor":7.0,"key":"Happy Flower"},{"floor":9.0,"key":"Frozen Egg 2"},{"floor":24.0,"key":"Enchiridion"},{"floor":26.0,"key":"Letter Opener"},{"floor":43.0,"key":"Potion Belt"}],"event_choices":[{"damage_healed":0.0,"max_hp_gain":0.0,"max_hp_loss":0.0,"gold_gain":0.0,"event_name":"Golden Idol","player_choice":"Take Damage","floor":2.0,"gold_loss":0.0,"damage_taken":20.0,"relics_obtained":["Golden Idol"]},{"damage_healed":0.0,"max_hp_gain":0.0,"max_hp_loss":0.0,"gold_gain":0.0,"event_name":"Liars Game","player_choice":"Ignored","floor":10.0,"gold_loss":0.0,"damage_taken":0.0},{"damage_healed":0.0,"max_hp_gain":0.0,"max_hp_loss":0.0,"gold_gain":0.0,"cards_transformed":["Strike_R"],"event_name":"Transmorgrifier","player_choice":"Transformed","floor":14.0,"gold_loss":0.0,"damage_taken":0.0,"cards_obtained":["Flex"]},{"damage_healed":28.0,"max_hp_gain":0.0,"max_hp_loss":0.0,"gold_gain":0.0,"event_name":"The Library","player_choice":"Heal","floor":21.0,"gold_loss":0.0,"damage_taken":0.0},{"damage_healed":0.0,"max_hp_gain":0.0,"max_hp_loss":0.0,"gold_gain":99.0,"event_name":"Nest","player_choice":"Stole From Cult","floor":22.0,"gold_loss":0.0,"damage_taken":0.0},{"damage_healed":0.0,"max_hp_gain":0.0,"max_hp_loss":0.0,"gold_gain":0.0,"event_name":"Cursed Tome","player_choice":"Obtained Book","floor":24.0,"gold_loss":0.0,"damage_taken":16.0},{"cards_removed":["Strike_R"],"damage_healed":0.0,"max_hp_gain":0.0,"max_hp_loss":0.0,"gold_gain":0.0,"event_name":"Beggar","player_choice":"Gave Gold","floor":27.0,"gold_loss":75.0,"damage_taken":0.0},{"cards_removed":["Strike_R"],"damage_healed":0.0,"max_hp_gain":0.0,"max_hp_loss":0.0,"gold_gain":0.0,"event_name":"Purifier","player_choice":"Purged","floor":36.0,"gold_loss":0.0,"damage_taken":0.0},{"damage_healed":0.0,"max_hp_gain":0.0,"max_hp_loss":0.0,"gold_gain":100.0,"event_name":"Golden Shrine","player_choice":"Pray","floor":39.0,"gold_loss":0.0,"damage_taken":0.0}],"is_beta":false,"boss_relics":[{"not_picked":["Astrolabe","Ectoplasm"],"picked":"Coffee Dripper"},{"not_picked":["Runic Pyramid","Pandora\u0027s Box"],"picked":"Mark of Pain"}],"items_purged_floors":[4,20,29],"is_endless":false,"potions_floor_spawned":[5,7,12,13,16,19,37,38,41],"ascension_level":7}}