{"host":"Ian","time":1612019705,"event":{"mods":["BaseMod","Bestiary","Block Reminder","Colored Map","Highlight Path","Key Reminder","Minty Spire (QoL Compilation)","Relic Stats"],"gold_per_floor":[368,384,395,12,22,22,57,57,111,111,129,129,149,179,179,252,252,274,286,308,330,342,380,42,42,42,42,42,42,42,52,52,128,128,147,161,238,257,257,257,276,47,47,47,59,86,98,129,129,129,129],"floor_reached":50,"language":"ENG","playtime":2569,"items_purged":["Strike_R","Strike_R"],"score":1114,"play_id":"55d55315-dcdb-4706-b0d5-508caeadb3f9","local_time":"20210130151505","is_ascension_mode":true,"campfire_choices":[{"data":"Carnage","floor":6,"key":"SMITH"},{"data":"Rupture","floor":8,"key":"SMITH"},{"data":"Combust","floor":12,"key":"SMITH"},{"data":"Shrug It Off","floor":15,"key":"SMITH"},{"floor":27,"key":"REST"},{"data":"Brutality","floor":30,"key":"SMITH"},{"data":"Feed","floor":32,"key":"SMITH"},{"floor":40,"key":"REST"},{"floor":44,"key":"REST"},{"floor":49,"key":"RECALL"}],"circlet_count":0,"master_deck":["AscendersBane","Defend_R","Defend_R","Defend_R","Defend_R","Bash","Carnage+1","Pommel Strike","Thunderclap","Power Through","Combust+1","Rupture+1","Shrug It Off+1","Feed+1","Brutality+1","CurseOfTheBell","Bloodletting","Pummel","Disarm","Impervious","Bite","Bite","Bite","Bite","Bite","J.A.X.","Impervious","Cleave+1","Reaper","PanicButton","Flame Barrier","Rage+1","Impervious"],"relics":["Burning Blood","Bag of Marbles","Meat on the Bone","Art of War","Centennial Puzzle","Calling Bell","MawBank","Ornamental Fan","Peace Pipe","Tiny Chest","Bag of Preparation","Velvet Choker","Pear","Membership Card","Mercury Hourglass","Potion Belt","Singing Bowl"],"acts_visited":["Exordium","TheCity","TheBeyond"],"potions_floor_usage":[2,5,7,23,23,41,48,50],"damage_taken":[{"damage":12,"enemies":"Cultist","floor":1,"turns":4},{"damage":15,"enemies":"Small Slimes","floor":2,"turns":4},{"damage":4,"enemies":"2 Louse","floor":3,"turns":3},{"damage":0,"enemies":"Blue Slaver","floor":5,"turns":1},{"damage":17,"enemies":"Lagavulin","floor":7,"turns":5},{"damage":3,"enemies":"3 Louse","floor":11,"turns":4},{"damage":1,"enemies":"Looter","floor":13,"turns":2},{"damage":14,"enemies":"3 Sentries","floor":14,"turns":4},{"damage":18,"enemies":"The Guardian","floor":16,"turns":11},{"damage":9,"enemies":"Chosen","floor":18,"turns":6},{"damage":21,"enemies":"Spheric Guardian","floor":20,"turns":4},{"damage":16,"enemies":"Snake Plant","floor":21,"turns":4},{"damage":54,"enemies":"Book of Stabbing","floor":23,"turns":5},{"damage":12,"enemies":"Centurion and Healer","floor":31,"turns":5},{"damage":57,"enemies":"Champ","floor":33,"turns":9},{"damage":29,"enemies":"3 Darklings","floor":35,"turns":6},{"damage":36,"enemies":"3 Shapes","floor":36,"turns":7},{"damage":30,"enemies":"Writhing Mass","floor":38,"turns":5},{"damage":53,"enemies":"3 Darklings","floor":41,"turns":6},{"damage":34,"enemies":"Spire Growth","floor":45,"turns":5},{"damage":79,"enemies":"Giant Head","floor":46,"turns":8},{"damage":14,"enemies":"Jaw Worm Horde","floor":47,"turns":5},{"damage":55,"enemies":"Reptomancer","floor":48,"turns":10},{"damage":197,"enemies":"Awakened One","floor":50,"turns":13}],"seed_played":"1272890428964010013","potions_obtained":[{"floor":1,"key":"EntropicBrew"},{"floor":2,"key":"AttackPotion"},{"floor":14,"key":"LiquidBronze"},{"floor":18,"key":"Swift Potion"},{"floor":31,"key":"Swift Potion"},{"floor":33,"key":"GamblersBrew"},{"floor":47,"key":"BloodPotion"}],"is_trial":false,"path_per_floor":["M","M","M","$","M","R","E","R","T","?","M","R","M","E","R","B",null,"M","$","M","M","$","E","$","?","T","R","?","?","R","M","R","B",null,"M","M","T","M","?","R","M","$","T","R","M","E","M","E","R","B"],"character_chosen":"IRONCLAD","items_purchased":["Bag of Marbles","Thunderclap","Power Through","Bag of Preparation","Impervious","Membership Card","FairyPotion"],"campfire_rested":3,"item_purchase_floors":[4,4,4,24,24,42,42],"current_hp_per_floor":[44,35,37,37,43,43,44,44,44,44,47,47,52,44,44,47,70,67,67,55,60,60,24,24,24,24,49,49,49,49,58,58,39,59,48,36,46,42,32,55,30,30,30,53,64,55,71,79,79,0,0],"gold":129,"neow_bonus":"TWO_FIFTY_GOLD","is_daily":false,"chose_seed":false,"campfire_upgraded":6,"win_rate":0.0,"timestamp":1612019705,"path_taken":["M","M","M","$","?","R","E","R","T","?","M","R","M","E","R","BOSS","M","?","M","M","$","E","$","?","T","R","?","?","R","M","R","BOSS","M","M","?","M","?","R","M","$","T","R","M","E","M","E","R","BOSS"],"items_purchased_type":["Relic","Card","Card","Relic","Card","Relic","Potion"],"build_version":"2020-12-18","purchased_purges":2,"victory":false,"max_hp_per_floor":[75,75,75,75,75,75,75,75,75,75,75,75,75,75,75,78,78,78,78,81,84,84,84,84,84,84,84,58,58,58,61,61,65,65,65,69,79,79,79,79,79,79,79,79,79,79,83,85,85,89,89],"relic_stats":{"Singing Bowl":2,"counters":[24,135],"Bag of Preparation":[22],"MawBank":84,"Burning Blood":138,"Mercury Hourglass":[186],"Peace Pipe":0,"Centennial Puzzle":[48],"Ornamental Fan":[64],"Tiny Chest":1,"Art of War":[26],"obtain_stats":[{"Potion Belt":46,"Pear":37,"Singing Bowl":48,"Velvet Choker":34,"Bag of Preparation":24,"MawBank":17,"Burning Blood":0,"Mercury Hourglass":43,"Calling Bell":17,"Peace Pipe":17,"keyreminder:keyreminder":26,"Centennial Puzzle":14,"Ornamental Fan":17,"Tiny Chest":23,"Bag of Marbles":4,"Art of War":9,"Membership Card":42,"Meat on the Bone":7},{"Potion Belt":21,"Pear":17,"Singing Bowl":23,"Velvet Choker":15,"Bag of Preparation":13,"MawBank":9,"Burning Blood":0,"Mercury Hourglass":19,"Calling Bell":9,"Peace Pipe":9,"keyreminder:keyreminder":13,"Centennial Puzzle":8,"Ornamental Fan":9,"Tiny Chest":13,"Bag of Marbles":3,"Art of War":5,"Membership Card":19,"Meat on the Bone":5},{"Potion Belt":108,"Pear":84,"Singing Bowl":123,"Velvet Choker":71,"Bag of Preparation":57,"MawBank":38,"Burning Blood":0,"Mercury Hourglass":95,"Calling Bell":38,"Peace Pipe":38,"keyreminder:keyreminder":57,"Centennial Puzzle":27,"Ornamental Fan":38,"Tiny Chest":57,"Bag of Marbles":11,"Art of War":17,"Membership Card":95,"Meat on the Bone":17}],"Meat on the Bone":96},"card_choices":[{"not_picked":["Sword Boomerang","Rage"],"picked":"Carnage","floor":1},{"not_picked":["Clothesline","Sever Soul","Carnage"],"picked":"SKIP","floor":2},{"not_picked":["Twin Strike","Flex"],"picked":"Pommel Strike","floor":3},{"not_picked":["Wild Strike","Headbutt"],"picked":"Combust","floor":5},{"not_picked":["Sword Boomerang","Infernal Blade"],"picked":"Rupture","floor":7},{"not_picked":["Sword Boomerang","Heavy Blade","Infernal Blade"],"picked":"SKIP","floor":11},{"not_picked":["Carnage","Ghostly Armor"],"picked":"Shrug It Off","floor":13},{"not_picked":["Wild Strike","Battle Trance"],"picked":"Feed","floor":14},{"not_picked":["Feed","Barricade"],"picked":"Brutality","floor":16},{"not_picked":["Warcry","Inflame+1","Clothesline"],"picked":"SKIP","floor":18},{"not_picked":["Cleave","Armaments"],"picked":"Bloodletting","floor":20},{"not_picked":["Body Slam","Heavy Blade"],"picked":"Pummel","floor":21},{"not_picked":["Infernal Blade","Cleave+1"],"picked":"Disarm","floor":23},{"not_picked":["Anger","Rampage","Headbutt"],"picked":"SKIP","floor":31},{"not_picked":["Limit Break","Bludgeon"],"picked":"Impervious","floor":33},{"not_picked":["Body Slam","Pummel"],"picked":"Cleave+1","floor":35},{"not_picked":["Clothesline","Cleave+1","Warcry"],"picked":"SKIP","floor":36},{"not_picked":["Infernal Blade+1","Rampage+1"],"picked":"Reaper","floor":38},{"not_picked":["Dramatic Entrance","Discovery"],"picked":"PanicButton","floor":39},{"not_picked":["Cleave","Sword Boomerang"],"picked":"Flame Barrier","floor":41},{"not_picked":["Wild Strike","Metallicize","Headbutt"],"picked":"SKIP","floor":45},{"not_picked":["Havoc","Iron Wave"],"picked":"Rage+1","floor":46},{"not_picked":["True Grit","Wild Strike"],"picked":"Impervious","floor":47},{"not_picked":["Uppercut","Twin Strike+1","Spot Weakness+1"],"picked":"Singing Bowl","floor":48}],"player_experience":2706845,"relics_obtained":[{"floor":7,"key":"Meat on the Bone"},{"floor":9,"key":"Art of War"},{"floor":14,"key":"Centennial Puzzle"},{"floor":17,"key":"MawBank"},{"floor":17,"key":"Ornamental Fan"},{"floor":17,"key":"Peace Pipe"},{"floor":23,"key":"Tiny Chest"},{"floor":37,"key":"Pear"},{"floor":43,"key":"Mercury Hourglass"},{"floor":46,"key":"Potion Belt"},{"floor":48,"key":"Singing Bowl"}],"event_choices":[{"cards_removed":["Strike_R"],"damage_healed":0,"gold_gain":0,"player_choice":"Purged","damage_taken":0,"max_hp_gain":0,"max_hp_loss":0,"event_name":"Purifier","floor":10,"gold_loss":0},{"damage_healed":0,"gold_gain":0,"player_choice":"Ignored","damage_taken":0,"max_hp_gain":0,"max_hp_loss":0,"event_name":"The Mausoleum","floor":25,"gold_loss":0},{"damage_healed":0,"gold_gain":0,"player_choice":"Became a vampire","damage_taken":0,"max_hp_gain":0,"max_hp_loss":26,"event_name":"Vampires","floor":28,"gold_loss":0,"cards_obtained":["Bite","Bite","Bite","Bite","Bite"]},{"damage_healed":0,"gold_gain":0,"player_choice":"Obtain J.A.X.","damage_taken":0,"max_hp_gain":0,"max_hp_loss":0,"event_name":"Drug Dealer","floor":29,"gold_loss":0,"cards_obtained":["J.A.X."]},{"damage_healed":0,"gold_gain":0,"player_choice":"Memory 3","damage_taken":10,"max_hp_gain":0,"max_hp_loss":0,"event_name":"SensoryStone","floor":39,"gold_loss":0}],"is_beta":true,"boss_relics":[{"not_picked":["Sozu","Empty Cage"],"picked":"Calling Bell"},{"not_picked":["SlaversCollar","Tiny House"],"picked":"Velvet Choker"}],"items_purged_floors":[4,24],"is_endless":false,"potions_floor_spawned":[1,2,14,18,31,33,35,36,47],"killed_by":"Awakened One","ascension_level":20}}