{"host":"4qt77pm52ljaz00q","time":1612019247,"event":{"mods":["2.2 Compatiblity","BaseMod","Colored Map","Downfall","Minty Spire (QoL Compilation)","Relic Sorter","StSLib","Unknown Chances"],"gold_per_floor":[99,118,130,142,142,172,221,233,33,66,78,75,101,125,148,264,276,288,315,327,357,369,400,412,324,58,58,75,91,121,29,46,143,143,143,161,177,191,220,253,279,308,308,322,339,6,31,57,74,74,74,74,74,74],"floor_reached":52,"language":"ENG","playtime":3194,"items_purged":[],"score":891,"play_id":"5460009c-568c-4e74-b7c5-355a26167233","local_time":"20210130100727","is_ascension_mode":true,"campfire_choices":[{"data":"Slimebound:Split","floor":1.0,"key":"SMITH"},{"data":"Slimebound:PressTheAttack","floor":9.0,"key":"SMITH"},{"data":"Slimebound:GoopSpray","floor":11.0,"key":"SMITH"},{"floor":18,"key":"RECALL"},{"data":"Slimebound:HauntingLick","floor":25,"key":"SMITH"},{"data":"Slimebound:LeadByExample","floor":27,"key":"SMITH"},{"data":"Slimebound:LeadByExample","floor":35,"key":"SMITH"},{"data":"Slimebound:MinionMaster","floor":43,"key":"SMITH"}],"circlet_count":0,"master_deck":["Slimebound:Strike_Slimebound","Slimebound:Strike_Slimebound","Slimebound:Strike_Slimebound","Slimebound:Tackle+1","Slimebound:Defend_Slimebound+1","Slimebound:Defend_Slimebound","Slimebound:Defend_Slimebound","Slimebound:Defend_Slimebound","Slimebound:Split+1","Slimebound:CorrosiveSpit","Flash of Steel","Slimebound:LevelUp+1","Slimebound:Schlurp+1","Slimebound:ItLooksTasty","Slimebound:LeechLife","Slimebound:PressTheAttack+1","Slimebound:GoopSpray+1","Slimebound:SpikyOuterGoop","Slimebound:SlimeSpikes","Slimebound:SlimeBarrage+1","Slimebound:Darklings","Slimebound:GoopSpray","Slimebound:HauntingLick+1","Slimebound:TongueLash+1","Slimebound:LeadByExample+1","Slimebound:Equalize+1","Slimebound:Darklings","Slimebound:Schlurp+1","Slimebound:ItLooksTasty","Slimebound:LeadByExample+1","Slimebound:RallyTheTroops","Slimebound:SlimeSpikes+1","Slimebound:MinionMaster+1","Slimebound:SamplingLick+1","Slimebound:Gluttony","Slimebound:MinionMaster","Sadistic Nature","Slimebound:PressTheAttack+1","Slimebound:ItLooksTasty","Slimebound:SpikyOuterGoop","Slimebound:HauntingLick+1","Slimebound:FirmFortitude","Slimebound:AcidTongue+1"],"relics":["Slimebound:AbsorbEndCombat","War Paint","downfall:HeartBlessingBlue","downfall:HeartBlessingGreen","MawBank","Slimebound:TarBlob","Pantograph","downfall:HeartBlessingRed","Membership Card","PreservedInsect","Whetstone","Philosopher\u0027s Stone","DollysMirror","Shuriken","Pen Nib","Akabeko","Ice Cream","Strawberry","FossilizedHelix"],"acts_visited":["Exordium","TheCity","TheBeyond","TheEnding"],"potions_floor_usage":[33,39,50,50],"damage_taken":[{"damage":11.0,"enemies":"Jaw Worm","floor":2.0,"turns":3.0},{"damage":4.0,"enemies":"Cultist","floor":3.0,"turns":3.0},{"damage":0.0,"enemies":"Small Slimes","floor":4.0,"turns":3.0},{"damage":33.0,"enemies":"Gremlin Nob","floor":6.0,"turns":4.0},{"damage":11.0,"enemies":"Exordium Thugs","floor":8.0,"turns":7.0},{"damage":9.0,"enemies":"Lagavulin","floor":10.0,"turns":4.0},{"damage":3.0,"enemies":"downfall:FleeingMerchant","floor":12.0,"turns":4.0},{"damage":2.0,"enemies":"Blue Slaver","floor":13.0,"turns":3.0},{"damage":17,"enemies":"Exordium Wildlife","floor":14,"turns":4},{"damage":14,"enemies":"3 Louse","floor":15,"turns":2},{"damage":8,"enemies":"WA_ARCHETYPE_RETAIN","floor":16,"turns":8},{"damage":0,"enemies":"Chosen","floor":19,"turns":4},{"damage":3,"enemies":"Spheric Guardian","floor":21,"turns":3},{"damage":26,"enemies":"Centurion and Healer","floor":23,"turns":7},{"damage":0,"enemies":"downfall:FleeingMerchant","floor":26,"turns":4},{"damage":22,"enemies":"Snake Plant","floor":28,"turns":5},{"damage":4,"enemies":"Snecko","floor":29,"turns":4},{"damage":4,"enemies":"Book of Stabbing","floor":30,"turns":4},{"damage":0,"enemies":"downfall:FleeingMerchant","floor":31,"turns":4},{"damage":16,"enemies":"Centurion and Healer","floor":32,"turns":5},{"damage":43,"enemies":"IC_MUSHROOM_ARCHETYPE","floor":33,"turns":7},{"damage":0,"enemies":"Orb Walker","floor":36,"turns":3},{"damage":18,"enemies":"3 Darklings","floor":37,"turns":5},{"damage":33,"enemies":"Maw","floor":38,"turns":6},{"damage":0,"enemies":"downfall:FleeingMerchant","floor":39,"turns":2},{"damage":55,"enemies":"Nemesis","floor":40,"turns":5},{"damage":24,"enemies":"Giant Head","floor":42,"turns":6},{"damage":16,"enemies":"Transient","floor":44,"turns":5},{"damage":36,"enemies":"3 Darklings","floor":45,"turns":4},{"damage":77,"enemies":"Nemesis","floor":48,"turns":5},{"damage":1,"enemies":"Spire Growth","floor":49,"turns":4},{"damage":115,"enemies":"DF_ARCHETYPE_ORBS","floor":50,"turns":8},{"damage":117,"enemies":"downfall:CharBossMerchant","floor":52,"turns":6}],"seed_played":"7837702983954854865","potions_obtained":[{"floor":6.0,"key":"EssenceOfSteel"},{"floor":8.0,"key":"PowerPotion"},{"floor":13.0,"key":"BlessingOfTheForge"},{"floor":14,"key":"Energy Potion"},{"floor":21,"key":"Fruit Juice"},{"floor":40,"key":"FairyPotion"},{"floor":42,"key":"BlessingOfTheForge"},{"floor":44,"key":"FearPotion"},{"floor":49,"key":"Slimebound:ThreeZeroPotion"}],"is_trial":false,"path_per_floor":["R","M","M","M","?","E","T","M","R","E","R","$","M","M","M","B",null,"R","M","?","M","?","M","T","R","$","R","M","M","E","$","M","B",null,"R","M","M","M","$","E","T","E","R","M","M","?","?","E","M","B",null,"E"],"character_chosen":"SLIMEBOUND","items_purchased":["Membership Card","Slimebound:Equalize","Slimebound:Darklings","Whetstone","Slimebound:Gluttony","DollysMirror","Sadistic Nature","Shuriken"],"campfire_rested":0,"item_purchase_floors":[26,26,26,31,39,39,39,39],"current_hp_per_floor":[65,58,56,62,62,36,36,65,75,75,75,72,75,62,60,60,75,75,75,67,70,56,56,56,56,64,64,56,56,68,80,80,56,85,85,85,73,59,65,16,16,46,46,49,33,96,103,42,51,17,103,0,0,0],"gold":74,"neow_bonus":"RANDOM_COLORLESS","is_daily":false,"chose_seed":false,"campfire_upgraded":7,"win_rate":0.0,"timestamp":1612019247,"path_taken":["R","M","M","M","?","E","T","?","R","E","R","$","M","M","M","BOSS","R","M","?","?","?","M","T","R","$","R","M","M","E","$","M","BOSS","R","M","M","M","$","E","T","E","R","M","M","?","?","E","M","BOSS","E"],"items_purchased_type":["Relic","Card","Card","Relic","Card","Relic","Card","Relic"],"build_version":"2020-12-22","purchased_purges":0,"victory":false,"max_hp_per_floor":[65,65,65,65,65,65,65,65,75,75,75,75,75,75,75,75,75,75,75,75,75,80,80,80,80,80,80,80,80,80,80,80,85,85,85,85,85,85,85,85,85,85,85,85,85,96,103,103,103,103,103,103,103,103],"card_choices":[{"not_picked":["Panacea","Forethought"],"picked":"Flash of Steel","floor":0.0},{"not_picked":["Slimebound:LivingWall","Slimebound:AcidTongue"],"picked":"Slimebound:LevelUp","floor":2.0},{"not_picked":["Slimebound:ForwardTackle","Slimebound:LeechEnergy"],"picked":"Slimebound:Schlurp","floor":3.0},{"not_picked":["Slimebound:AcidTongue","Slimebound:SlimeTap"],"picked":"Slimebound:ItLooksTasty","floor":4.0},{"not_picked":["Slimebound:Schlurp","Slimebound:LeechingTouch"],"picked":"Slimebound:LeechLife","floor":6.0},{"not_picked":["Slimebound:SpikyOuterGoop","Slimebound:RollThrough"],"picked":"Slimebound:PressTheAttack","floor":8.0},{"not_picked":["Slimebound:ServeAndProtect","Slimebound:SplitMire"],"picked":"Slimebound:GoopSpray","floor":10.0},{"not_picked":["Slimebound:ViciousTackle","Slimebound:Dissolve"],"picked":"Slimebound:SpikyOuterGoop","floor":12.0},{"not_picked":["Slimebound:GoopSpray","Slimebound:ViciousTackle"],"picked":"Slimebound:SlimeSpikes","floor":13.0},{"not_picked":["Slimebound:GoopSpray","Slimebound:DisruptingSlam"],"picked":"Slimebound:SlimeBarrage","floor":14},{"not_picked":["Slimebound:DuplicatedForm","Slimebound:SplitBruiser"],"picked":"Slimebound:SplitLeeching","floor":15},{"not_picked":["Slimebound:MassFeed","Slimebound:Overexert"],"picked":"Slimebound:Darklings","floor":16},{"not_picked":["Slimebound:Prepare","Slimebound:SplitSpecialist"],"picked":"Slimebound:GoopSpray","floor":19},{"not_picked":["Slimebound:SplitBruiser","Slimebound:GoopTackle+1"],"picked":"Slimebound:HauntingLick","floor":21},{"not_picked":["Slimebound:FinishingTackle+1","Slimebound:BestDefense+1"],"picked":"Slimebound:TongueLash+1","floor":23},{"not_picked":["Slimebound:SlimeSpikes","Slimebound:SplitMire"],"picked":"Slimebound:LeadByExample","floor":26},{"not_picked":["Slimebound:SlimeSpikes","Slimebound:SplitLeeching"],"picked":"Slimebound:Schlurp+1","floor":28},{"not_picked":["Slimebound:SplitLeeching","Slimebound:SplitBruiser+1","Slimebound:RejuvenatingLick"],"picked":"SKIP","floor":29},{"not_picked":["Slimebound:LeechEnergy","Slimebound:SplitAcid+1"],"picked":"Slimebound:ItLooksTasty","floor":30},{"not_picked":["Slimebound:RejuvenatingLick","Slimebound:SelfFormingGoo"],"picked":"Slimebound:LeadByExample","floor":31},{"not_picked":["Slimebound:SplitLeeching","Slimebound:GoopTackle","Slimebound:SplitMire"],"picked":"SKIP","floor":32},{"not_picked":["Slimebound:TagTeam","Slimebound:Recycling"],"picked":"Slimebound:RallyTheTroops","floor":33},{"not_picked":["Slimebound:SplitLeeching+1","Slimebound:ComboTackle+1","Slimebound:SplitMire+1"],"picked":"SKIP","floor":36},{"not_picked":["Slimebound:SplitMire","Slimebound:LivingWall"],"picked":"Slimebound:SlimeSpikes+1","floor":37},{"not_picked":["Slimebound:Dissolve+1","Slimebound:PressTheAttack"],"picked":"Slimebound:MinionMaster","floor":38},{"not_picked":["Slimebound:RollThrough+1","Slimebound:SplitLeeching"],"picked":"Slimebound:SamplingLick+1","floor":39},{"not_picked":["Slimebound:GoopTackle+1","Slimebound:LeechingTouch"],"picked":"Slimebound:PressTheAttack+1","floor":40},{"not_picked":["Slimebound:LivingWall","Slimebound:BestDefense"],"picked":"Slimebound:ItLooksTasty","floor":42},{"not_picked":["Slimebound:ComboTackle+1","Slimebound:Chomp"],"picked":"Slimebound:SpikyOuterGoop","floor":44},{"not_picked":["Slimebound:LeechEnergy+1","Slimebound:ItLooksTasty"],"picked":"Slimebound:HauntingLick+1","floor":45},{"not_picked":["Slimebound:PressTheAttack+1","Slimebound:DisruptingSlam+1"],"picked":"Slimebound:FirmFortitude","floor":48},{"not_picked":["Slimebound:SlimeSpikes+1","Slimebound:LeechingTouch+1"],"picked":"Slimebound:AcidTongue+1","floor":49}],"player_experience":212227,"relics_obtained":[{"floor":6.0,"key":"War Paint"},{"floor":10.0,"key":"MawBank"},{"floor":24,"key":"Pantograph"},{"floor":30,"key":"PreservedInsect"},{"floor":40,"key":"Pen Nib"},{"floor":41,"key":"Akabeko"},{"floor":42,"key":"Ice Cream"},{"floor":47,"key":"Strawberry"},{"floor":48,"key":"FossilizedHelix"}],"event_choices":[],"is_beta":false,"boss_relics":[{"not_picked":["Coffee Dripper","Runic Pyramid"],"picked":"Slimebound:TarBlob"},{"not_picked":["Calling Bell","SlaversCollar"],"picked":"Philosopher\u0027s Stone"}],"items_purged_floors":[],"is_endless":false,"potions_floor_spawned":[6,8,13,14,21,29,40,42,44,49],"killed_by":"downfall:CharBossMerchant","ascension_level":1}}