{"host":"v3kezv78kizrjutp","time":1612047739,"event":{"mods":["BaseMod","BetterRewards","Colored Map","DeckTracker","Downfall","Duelist Mod","GifTheSpireLib","Highlight Path","Hubris","Infinite Spire","Jorbs\u0027s Wanderer Trilogy","Koishi","Marisa????????","Minty Spire (QoL Compilation)","Permanent Neow","Quick Restart","Random Character Button","Replay The Spire","Robot Space Explorer","Shop Mod","StSLib","Stuff the Spire","SuperFastMode","The Animator","The Blackbeard","The Construct","The Disciple","The Elementalist","The Jungle","The Necromancer","The Poker Player","The Runesmith","The Wild Card","TheBandit","thorton"],"gold_per_floor":[10,10,26,43,43,69,84,116,116,116,166,168,168,178,178,178,178,178],"floor_reached":16,"language":"ENG","playtime":834,"items_purged":["Spreading Infection"],"score":121,"play_id":"fb817eb2-c42e-47cc-80e2-3c45dbed1875","local_time":"20210131000219","is_ascension_mode":true,"campfire_choices":[{"floor":15,"key":"REST"}],"circlet_count":0,"master_deck":["wariomod:Strike","wariomod:Strike","wariomod:Strike","wariomod:Defend","wariomod:Defend","wariomod:Defend","wariomod:Defend","wariomod:Leap","wariomod:BlastDash","wariomod:Boomsmack","wariomod:BoomBoom","wariomod:TrekTime","wariomod:SilenceBombs","wariomod:BoomBoom"],"relics":["wariomod:TheHat","Bronze Scales","InkBottle","Gremlin Horn","Runesmith:AutoHammer","infinitespire:Bottled Soul","ReplayTheSpireMod:CursedCoin","hubris:Towel"],"acts_visited":["Exordium"],"potions_floor_usage":[16],"damage_taken":[{"damage":0,"enemies":"2 Louse","floor":1,"turns":2},{"damage":2,"enemies":"Jaw Worm","floor":3,"turns":4},{"damage":5,"enemies":"Small Slimes","floor":4,"turns":3},{"damage":18,"enemies":"Replay:BlueRogue","floor":6,"turns":5},{"damage":2,"enemies":"Looter","floor":7,"turns":3},{"damage":27,"enemies":"Gremlin Nob","floor":8,"turns":4},{"damage":2,"enemies":"2 Fungi Beasts","floor":14,"turns":4},{"damage":36,"enemies":"The Guardian","floor":16,"turns":12}],"seed_played":"-2659478779716548401","potions_obtained":[{"floor":1,"key":"BlessingOfTheForge"},{"floor":3,"key":"Block Potion"},{"floor":7,"key":"champ:CounterPotion"}],"is_trial":false,"path_per_floor":["M","?","M","M","?","E","M","E","T","$","?","$","?","M","R","B"],"character_chosen":"THE_BANDIT","items_purchased":["ReplayTheSpireMod:CursedCoin","wariomod:SilenceBombs"],"campfire_rested":1,"item_purchase_floors":[12,12],"current_hp_per_floor":[80,80,78,73,61,43,41,14,14,14,14,14,14,12,36,0,0,0],"gold":178,"neow_bonus":"REMOVE_TWO","is_daily":false,"chose_seed":false,"campfire_upgraded":0,"win_rate":0.0,"timestamp":1612047739,"path_taken":["M","?","M","M","?","E","M","E","T","?","?","$","?","?","R","BOSS"],"items_purchased_type":["Relic","Card"],"build_version":"2020-12-22","purchased_purges":1,"victory":false,"max_hp_per_floor":[80,80,80,80,80,80,80,80,80,80,80,80,80,80,80,80,80,80],"card_choices":[{"not_picked":["wariomod:f","wariomod:NullJump"],"picked":"wariomod:BlastDash","floor":1},{"not_picked":["wariomod:ThatsNotAll","wariomod:DiceyMove"],"picked":"wariomod:Boomsmack","floor":3},{"not_picked":["wariomod:Bombshield","wariomod:SmackSlam"],"picked":"wariomod:BoomBoom","floor":4},{"not_picked":["wariomod:SpikeSlash","wariomod:EmptyMind","wariomod:DisarmingMoves"],"picked":"SKIP","floor":6},{"not_picked":["wariomod:TempestBlasts","wariomod:SmackSlam","wariomod:DeadlyDash"],"picked":"SKIP","floor":7},{"not_picked":["wariomod:OctoJump","wariomod:Smackflip"],"picked":"wariomod:TrekTime","floor":8},{"not_picked":["wariomod:SmackSlam","wariomod:Leapslam"],"picked":"wariomod:BoomBoom","floor":14}],"player_experience":1119937,"relics_obtained":[{"floor":2,"key":"Bronze Scales"},{"floor":6,"key":"Gremlin Horn"},{"floor":8,"key":"Runesmith:AutoHammer"},{"floor":9,"key":"infinitespire:Bottled Soul"}],"event_choices":[{"damage_healed":0,"gold_gain":0,"player_choice":"Success","damage_taken":12,"relics_obtained":["InkBottle"],"max_hp_gain":0,"max_hp_loss":0,"event_name":"Scrap Ooze","floor":5,"gold_loss":0}],"is_beta":false,"boss_relics":[],"items_purged_floors":[12],"is_endless":false,"potions_floor_spawned":[1,3,7,8,14],"killed_by":"The Guardian","ascension_level":2}}