{"host":"s5d39dhq0ddhxhke","time":1612044896,"event":{"mods":["AchievementEnabler","BaseMod","Colored Map","Minty Spire (QoL Compilation)","SuperFastMode"],"gold_per_floor":[111,125,140,140,140,170,170,182,205,54,72,72,72,82,82,160,160,177,177,8,8,8,8,41,41,67,93,105,130,159,231,243,332,344,372,403,97,112,126,126,176,206,278,294,294,344,2,52,52,52],"floor_reached":51,"language":"ENG","playtime":1924,"items_purged":["Regret","Strike_R+1","Strike_R+1"],"score":1207,"play_id":"81f73b7a-0a79-457b-94cf-8c5655674ebe","local_time":"20210131001456","is_ascension_mode":true,"campfire_choices":[{"data":"Bash","floor":7.0,"key":"SMITH"},{"data":"True Grit","floor":12.0,"key":"SMITH"},{"floor":15.0,"key":"REST"},{"floor":23.0,"key":"REST"},{"floor":28.0,"key":"REST"},{"floor":32,"key":"REST"},{"floor":40,"key":"REST"},{"floor":45,"key":"REST"},{"data":"Demon Form","floor":49,"key":"SMITH"}],"circlet_count":0,"master_deck":["AscendersBane","Strike_R+1","Strike_R+1","Defend_R+1","Defend_R+1","Defend_R+1","Defend_R+1","Bash+1","Whirlwind","Shrug It Off","Fire Breathing","Seeing Red","Power Through","Evolve+1","True Grit+1","Dark Embrace","Juggernaut","Fire Breathing","Feel No Pain+1","Demon Form+1","CurseOfTheBell","Fire Breathing+1","Feel No Pain","Fire Breathing+1"],"relics":["Philosopher\u0027s Stone","Vajra","MealTicket","Akabeko","Busted Crown","Enchiridion","Anchor","SsserpentHead","MawBank","Calling Bell","Lantern","Eternal Feather","Ginger","Bronze Scales","Oddly Smooth Stone","Mummified Hand","HornCleat"],"acts_visited":["Exordium","TheCity","TheBeyond"],"potions_floor_usage":[29,33,39,42,49,50],"damage_taken":[{"damage":3.0,"enemies":"2 Louse","floor":1.0,"turns":3.0},{"damage":15.0,"enemies":"Small Slimes","floor":2.0,"turns":3.0},{"damage":0.0,"enemies":"Jaw Worm","floor":3.0,"turns":3.0},{"damage":33.0,"enemies":"Lagavulin","floor":6.0,"turns":8.0},{"damage":3.0,"enemies":"Looter","floor":8.0,"turns":3.0},{"damage":0.0,"enemies":"2 Fungi Beasts","floor":11.0,"turns":2.0},{"damage":12.0,"enemies":"Lots of Slimes","floor":14.0,"turns":3.0},{"damage":1.0,"enemies":"Slime Boss","floor":16.0,"turns":6.0},{"damage":10.0,"enemies":"Shell Parasite","floor":18.0,"turns":6.0},{"damage":42.0,"enemies":"Book of Stabbing","floor":24.0,"turns":7.0},{"damage":0.0,"enemies":"Chosen","floor":27.0,"turns":4.0},{"damage":24,"enemies":"Shelled Parasite and Fungi","floor":29,"turns":5},{"damage":2,"enemies":"Snake Plant","floor":30,"turns":4},{"damage":0,"enemies":"3 Cultists","floor":31,"turns":1},{"damage":20,"enemies":"Collector","floor":33,"turns":9},{"damage":0,"enemies":"3 Darklings","floor":35,"turns":3},{"damage":17,"enemies":"Orb Walker","floor":36,"turns":5},{"damage":14,"enemies":"Writhing Mass","floor":38,"turns":6},{"damage":43,"enemies":"Spire Growth","floor":39,"turns":5},{"damage":19,"enemies":"Reptomancer","floor":42,"turns":6},{"damage":12,"enemies":"4 Shapes","floor":44,"turns":2},{"damage":71,"enemies":"Time Eater","floor":50,"turns":8}],"seed_played":"-3566340333273361843","potions_obtained":[{"floor":1.0,"key":"Energy Potion"},{"floor":3.0,"key":"SpeedPotion"},{"floor":6.0,"key":"FearPotion"},{"floor":16.0,"key":"EssenceOfSteel"},{"floor":30,"key":"SkillPotion"},{"floor":33,"key":"Explosive Potion"},{"floor":36,"key":"SkillPotion"},{"floor":39,"key":"Swift Potion"}],"is_trial":false,"path_per_floor":["M","M","M","?","?","E","R","M","T","$","M","R","?","M","R","B",null,"M","?","$","?","?","R","E","?","T","M","R","M","M","M","R","B",null,"M","M","$","M","M","R","?","E","T","M","R","?","$","?","R","B",null],"character_chosen":"IRONCLAD","items_purchased":["Evolve","Fire Breathing","Bronze Scales","Dexterity Potion","HornCleat","Fruit Juice"],"campfire_rested":6,"item_purchase_floors":[10,20,37,37,47,47],"current_hp_per_floor":[65,50,50,50,50,17,17,14,14,29,29,29,29,17,39,38,66,56,56,71,50,29,53,11,11,11,11,35,11,9,9,33,13,63,63,46,61,47,4,40,40,21,21,9,48,48,63,63,80,9],"gold":52,"neow_bonus":"BOSS_RELIC","is_daily":false,"chose_seed":false,"campfire_upgraded":3,"win_rate":0.0,"timestamp":1612044896,"path_taken":["M","M","M","?","?","E","R","M","T","$","M","R","?","M","R","BOSS","M","?","$","?","?","R","E","?","T","M","R","M","M","?","R","BOSS","M","M","$","M","M","R","?","E","T","M","R","?","$","?","R","BOSS"],"items_purchased_type":["Card","Card","Relic","Potion","Relic","Potion"],"build_version":"2020-12-22","purchased_purges":3,"victory":true,"max_hp_per_floor":[75,75,75,75,75,75,75,75,75,75,75,75,75,75,75,75,75,75,75,75,75,80,80,80,80,80,80,80,80,80,80,80,80,80,80,80,80,80,80,80,80,80,80,80,80,80,80,80,85,85],"card_choices":[{"not_picked":["Flame Barrier","Shockwave"],"picked":"Whirlwind","floor":1.0},{"not_picked":["Thunderclap","Sentinel"],"picked":"Shrug It Off","floor":2.0},{"not_picked":["Whirlwind","Rupture"],"picked":"Fire Breathing","floor":3.0},{"not_picked":["Body Slam","Offering"],"picked":"Seeing Red","floor":6.0},{"not_picked":["Intimidate","Sword Boomerang"],"picked":"Power Through","floor":8.0},{"not_picked":["Ghostly Armor","Warcry"],"picked":"True Grit","floor":11.0},{"not_picked":["Cleave","Thunderclap"],"picked":"Dark Embrace","floor":14.0},{"not_picked":["Limit Break","Double Tap"],"picked":"Juggernaut","floor":16.0},{"not_picked":["Havoc+1"],"picked":"SKIP","floor":18.0},{"not_picked":["Perfected Strike"],"picked":"SKIP","floor":24.0},{"not_picked":[],"picked":"Feel No Pain+1","floor":27.0},{"not_picked":["Dark Embrace"],"picked":"SKIP","floor":29},{"not_picked":["Iron Wave"],"picked":"SKIP","floor":30},{"not_picked":["Pommel Strike"],"picked":"SKIP","floor":31},{"not_picked":[],"picked":"Demon Form","floor":33},{"not_picked":["Havoc"],"picked":"SKIP","floor":35},{"not_picked":["Havoc"],"picked":"SKIP","floor":35},{"not_picked":[],"picked":"Fire Breathing+1","floor":36},{"not_picked":[],"picked":"Feel No Pain","floor":38},{"not_picked":["Wild Strike+1"],"picked":"SKIP","floor":39},{"not_picked":[],"picked":"Fire Breathing+1","floor":42},{"not_picked":["Iron Wave"],"picked":"SKIP","floor":44}],"player_experience":468509,"relics_obtained":[{"floor":6.0,"key":"MealTicket"},{"floor":9.0,"key":"Akabeko"},{"floor":21.0,"key":"Enchiridion"},{"floor":24.0,"key":"Anchor"},{"floor":26.0,"key":"MawBank"},{"floor":34,"key":"Lantern"},{"floor":34,"key":"Eternal Feather"},{"floor":34,"key":"Ginger"},{"floor":42,"key":"Oddly Smooth Stone"},{"floor":43,"key":"Mummified Hand"}],"event_choices":[{"damage_healed":0.0,"max_hp_gain":0.0,"max_hp_loss":0.0,"gold_gain":0.0,"event_name":"Liars Game","player_choice":"Ignored","floor":4.0,"gold_loss":0.0,"damage_taken":0.0},{"damage_healed":0.0,"max_hp_gain":0.0,"max_hp_loss":0.0,"gold_gain":0.0,"event_name":"Big Fish","player_choice":"Box","floor":5.0,"gold_loss":0.0,"damage_taken":0.0,"relics_obtained":["Vajra"],"cards_obtained":["Regret"]},{"damage_healed":0.0,"max_hp_gain":0.0,"max_hp_loss":0.0,"gold_gain":0.0,"event_name":"Living Wall","player_choice":"Grow","floor":13.0,"gold_loss":0.0,"damage_taken":0.0,"cards_upgraded":["Evolve"]},{"damage_healed":0.0,"max_hp_gain":0.0,"max_hp_loss":0.0,"gold_gain":0.0,"event_name":"Back to Basics","player_choice":"Simplicity","floor":19.0,"gold_loss":0.0,"damage_taken":0.0,"cards_upgraded":["Strike_R","Strike_R","Strike_R","Strike_R","Strike_R","Defend_R","Defend_R","Defend_R","Defend_R"]},{"damage_healed":0.0,"max_hp_gain":0.0,"max_hp_loss":0.0,"gold_gain":0.0,"event_name":"Cursed Tome","player_choice":"Obtained Book","floor":21.0,"gold_loss":0.0,"damage_taken":21.0},{"damage_healed":0.0,"max_hp_gain":5.0,"max_hp_loss":0.0,"gold_gain":0.0,"event_name":"Forgotten Altar","player_choice":"Shed Blood","floor":22.0,"gold_loss":0.0,"damage_taken":26.0},{"damage_healed":0.0,"max_hp_gain":0.0,"max_hp_loss":0.0,"gold_gain":0.0,"event_name":"FaceTrader","player_choice":"Trade","floor":25.0,"gold_loss":0.0,"damage_taken":0.0,"relics_obtained":["SsserpentHead"]},{"damage_healed":0,"gold_gain":0,"player_choice":"Ignored","damage_taken":0,"max_hp_gain":0,"max_hp_loss":0,"event_name":"Tomb of Lord Red Mask","floor":41,"gold_loss":0},{"damage_healed":0,"gold_gain":0,"player_choice":"Ignored","damage_taken":0,"max_hp_gain":0,"max_hp_loss":0,"event_name":"Mysterious Sphere","floor":46,"gold_loss":0},{"cards_removed":["Strike_R"],"damage_healed":0,"gold_gain":0,"player_choice":"Purged","damage_taken":0,"max_hp_gain":0,"max_hp_loss":0,"event_name":"Purifier","floor":48,"gold_loss":0}],"is_beta":false,"boss_relics":[{"not_picked":["Sozu","Velvet Choker"],"picked":"Busted Crown"},{"not_picked":["Empty Cage","Mark of Pain"],"picked":"Calling Bell"}],"items_purged_floors":[10,20,37],"is_endless":false,"potions_floor_spawned":[1,3,6,14,16,18,30,33,36,39],"ascension_level":15}}