{"host":"qy7jow5usmjkdnnq","time":1612048078,"event":{"mods":["BaseMod","Colored Map","Downfall","Minty Spire (QoL Compilation)","Permanent Neow","Relic Stats","StSLib"],"gold_per_floor":[199,218,235,253,263,263,290,321,350,45,45,45,45,145,165,265,265,165,182,202,202,216,245,245,265,297,312,337,20,34,64,74,179,229,29,45,59,59,73,9,9,24,39,73,73,102,102,135,155,155,155,189,0,0,0,0],"floor_reached":57,"language":"ENG","playtime":5967,"items_purged":["champ:Defend","champ:Defend"],"score":1831,"play_id":"45efc98c-d4ef-4f4f-8c11-722be0ce16ab","local_time":"20210131000758","is_ascension_mode":true,"campfire_choices":[{"data":"champ:Execute","floor":1,"key":"SMITH"},{"data":"champ:TripleStrike","floor":11,"key":"SMITH"},{"data":"champ:Duel","floor":13,"key":"SMITH"},{"floor":18,"key":"RECALL"},{"data":"champ:Shatter","floor":35,"key":"SMITH"},{"data":"champ:Backstep","floor":47,"key":"SMITH"},{"floor":54,"key":"REST"}],"circlet_count":0,"master_deck":["champ:Strike","champ:Strike","champ:Strike","champ:Defend","champ:Defend","champ:Execute+1","champ:Taunt","champ:Duel+1","champ:TripleStrike+1","champ:EnGarde","champ:Backstep+1","champ:CrookedStrike","champ:BerserkersShout","champ:Encircle","champ:AdrenalArmor","champ:StanceDance","champ:StrikeOfGenius+1","champ:GutPunch","champ:CalledShot","champ:EnragedBash","champ:Endure","champ:Shatter+1","champ:AdrenalArmor+1","champ:Duel+1","Flash of Steel","expansioncontent:GuardianWhirl","champ:BladeFlurry+1","champ:BerserkerStyle"],"relics":["champ:ChampionCrown","MealTicket","MawBank","Bag of Preparation","champ:LiftRelic","Toy Ornithopter","Busted Crown","downfall:HeartBlessingGreen","The Courier","Ornamental Fan","Thread and Needle","TungstenRod","Mercury Hourglass","Tiny House","downfall:HeartBlessingRed","downfall:HeartBlessingBlue","champ:DuelingGlove","Orichalcum","Prayer Wheel","sneckomod:BlankCard","Boot","Bronze Scales","Nunchaku"],"acts_visited":["Exordium","TheCity","TheBeyond","TheEnding"],"potions_floor_usage":[14,15,16,26,27,28,31,44,50,56,56,56],"damage_taken":[{"damage":10,"enemies":"Jaw Worm","floor":2,"turns":5},{"damage":15,"enemies":"Small Slimes","floor":3,"turns":3},{"damage":20,"enemies":"Cultist","floor":4,"turns":3},{"damage":36,"enemies":"Large Slime","floor":5,"turns":5},{"damage":34,"enemies":"Gremlin Nob","floor":8,"turns":5},{"damage":15,"enemies":"2 Fungi Beasts","floor":9,"turns":5},{"damage":35,"enemies":"downfall:FleeingMerchant","floor":10,"turns":4},{"damage":75,"enemies":"downfall:LadyInBlue","floor":14,"turns":5},{"damage":25,"enemies":"3 Louse","floor":15,"turns":2},{"damage":58,"enemies":"SI_SHIV_ARCHETYPE","floor":16,"turns":8},{"damage":5,"enemies":"Spheric Guardian","floor":19,"turns":3},{"damage":53,"enemies":"3 Byrds","floor":20,"turns":4},{"damage":20,"enemies":"Snake Plant","floor":22,"turns":3},{"damage":70,"enemies":"Gremlin Leader","floor":23,"turns":5},{"damage":53,"enemies":"Centurion and Healer","floor":25,"turns":4},{"damage":31,"enemies":"Slavers","floor":26,"turns":4},{"damage":30,"enemies":"Snecko","floor":27,"turns":3},{"damage":75,"enemies":"Gremlin Leader","floor":28,"turns":5},{"damage":55,"enemies":"downfall:FleeingMerchant","floor":29,"turns":4},{"damage":25,"enemies":"Snake Plant","floor":30,"turns":3},{"damage":39,"enemies":"Slavers","floor":31,"turns":3},{"damage":40,"enemies":"3 Cultists","floor":32,"turns":4},{"damage":81,"enemies":"WA_ARCHETYPE_CALM","floor":33,"turns":7},{"damage":31,"enemies":"3 Shapes","floor":36,"turns":4},{"damage":25,"enemies":"Orb Walker","floor":37,"turns":2},{"damage":41,"enemies":"3 Darklings","floor":39,"turns":4},{"damage":36,"enemies":"downfall:FleeingMerchant","floor":40,"turns":3},{"damage":65,"enemies":"Writhing Mass","floor":42,"turns":5},{"damage":44,"enemies":"Jaw Worm Horde","floor":43,"turns":3},{"damage":24,"enemies":"Reptomancer","floor":44,"turns":4},{"damage":36,"enemies":"Nemesis","floor":46,"turns":5},{"damage":44,"enemies":"Giant Head","floor":48,"turns":5},{"damage":32,"enemies":"Spire Growth","floor":49,"turns":2},{"damage":84,"enemies":"DF_ARCHETYPE_ORBS","floor":50,"turns":6},{"damage":136,"enemies":"downfall:CharBossMerchant","floor":52,"turns":7},{"damage":113,"enemies":"downfall:NeowBoss","floor":55,"turns":8},{"damage":112,"enemies":"downfall:NeowBossFinal","floor":56,"turns":5}],"seed_played":"3854229181459467818","potions_obtained":[{"floor":4,"key":"GamblersBrew"},{"floor":9,"key":"champ:TechniquePotion"},{"floor":14,"key":"Guardian:BlockOnCardUsePotion"},{"floor":14,"key":"Dexterity Potion"},{"floor":15,"key":"Swift Potion"},{"floor":19,"key":"PowerPotion"},{"floor":26,"key":"Fire Potion"},{"floor":30,"key":"SteroidPotion"},{"floor":32,"key":"bronze:BurnAndBuffPotion"},{"floor":33,"key":"sneckomod:MuddlingPotion"},{"floor":34,"key":"PowerPotion"},{"floor":36,"key":"Energy Potion"},{"floor":44,"key":"FearPotion"},{"floor":48,"key":"AttackPotion"},{"floor":52,"key":"Swift Potion"}],"is_trial":false,"path_per_floor":["R","M","M","M","M","?","T","E","M","$","R","?","R","?","M","B",null,"R","M","M","?","M","E","T","M","E","M","E","$","M","E","M","B",null,"R","M","M","?","M","$","T","M","M","E","?","E","R","E","M","B",null,"E","$","R","B","B",null],"character_chosen":"THE_CHAMP","items_purchased":["champ:BerserkersShout","champ:Encircle","Bag of Preparation","TungstenRod","champ:EnragedBash","champ:DuelingGlove","Flash of Steel","Nunchaku","champ:BerserkerStyle"],"campfire_rested":1,"item_purchase_floors":[10,10,10,29,29,40,40,53,53],"current_hp_per_floor":[81,81,76,76,65,65,65,51,51,66,66,66,66,61,66,48,80,80,75,72,72,72,72,72,64,68,73,78,90,90,90,90,90,95,105,104,105,105,105,105,105,105,105,105,96,105,105,105,105,91,102,35,50,81,102,105],"gold":0,"neow_bonus":"HUNDRED_GOLD","is_daily":false,"chose_seed":false,"campfire_upgraded":5,"win_rate":0.0,"timestamp":1612048078,"path_taken":["R","M","M","M","M","?","T","E","M","$","R","?","R","?","M","BOSS","R","M","?","?","M","E","T","M","E","M","E","$","M","E","M","BOSS","R","M","M","?","M","$","T","M","M","E","?","E","R","E","M","BOSS","E","$","R","BOSS","BOSS"],"items_purchased_type":["Card","Card","Relic","Relic","Card","Relic","Card","Relic","Card"],"build_version":"2020-12-22","purchased_purges":2,"victory":true,"max_hp_per_floor":[90,90,90,90,90,90,90,90,90,90,90,90,90,90,90,90,90,90,90,90,90,90,90,90,90,90,90,90,90,90,90,90,90,95,105,105,105,105,105,105,105,105,105,105,105,105,105,105,105,105,105,105,105,105,105,105],"relic_stats":{"counters":[37,159],"Bag of Preparation":[60],"Orichalcum":[6],"MawBank":24,"Boot":[12],"Mercury Hourglass":[184],"Nunchaku":[5],"Busted Crown":58,"Ornamental Fan":[284],"Bronze Scales":[33],"MealTicket":42,"Prayer Wheel":1,"obtain_stats":[{"champ:DuelingGlove":40,"Tiny House":34,"downfall:HeartBlessingRed":35,"sneckomod:BlankCard":46,"champ:ChampionCrown":0,"downfall:HeartBlessingGreen":18,"Thread and Needle":28,"The Courier":23,"Bag of Preparation":10,"Orichalcum":41,"MawBank":8,"Boot":48,"Mercury Hourglass":31,"Nunchaku":53,"Busted Crown":17,"Ornamental Fan":26,"downfall:HeartBlessingBlue":35,"champ:LiftRelic":12,"Bronze Scales":52,"MealTicket":7,"Prayer Wheel":44,"Toy Ornithopter":14,"TungstenRod":29},{"champ:DuelingGlove":27,"Tiny House":23,"downfall:HeartBlessingRed":23,"sneckomod:BlankCard":31,"champ:ChampionCrown":0,"downfall:HeartBlessingGreen":10,"Thread and Needle":18,"The Courier":14,"Bag of Preparation":7,"Orichalcum":27,"MawBank":5,"Boot":32,"Mercury Hourglass":21,"Nunchaku":35,"Busted Crown":10,"Ornamental Fan":16,"downfall:HeartBlessingBlue":23,"champ:LiftRelic":7,"Bronze Scales":35,"MealTicket":4,"Prayer Wheel":30,"Toy Ornithopter":8,"TungstenRod":19},{"champ:DuelingGlove":110,"Tiny House":97,"downfall:HeartBlessingRed":97,"sneckomod:BlankCard":127,"champ:ChampionCrown":0,"downfall:HeartBlessingGreen":45,"Thread and Needle":76,"The Courier":60,"Bag of Preparation":30,"Orichalcum":110,"MawBank":21,"Boot":131,"Mercury Hourglass":86,"Nunchaku":146,"Busted Crown":45,"Ornamental Fan":68,"downfall:HeartBlessingBlue":97,"champ:LiftRelic":30,"Bronze Scales":146,"MealTicket":16,"Prayer Wheel":122,"Toy Ornithopter":35,"TungstenRod":80}],"Toy Ornithopter":39,"TungstenRod":219},"card_choices":[{"not_picked":["champ:Shatter","champ:CrownThrow"],"picked":"champ:Duel","floor":2},{"not_picked":["champ:AdrenalArmor","champ:SwordSigil"],"picked":"champ:TripleStrike","floor":3},{"not_picked":["champ:DefensiveShout","champ:FocusedDefense"],"picked":"champ:EnGarde","floor":4},{"not_picked":["champ:EnGarde","champ:IronFortress"],"picked":"champ:Backstep","floor":5},{"not_picked":["champ:Backstep","champ:HeartStrike","champ:ShieldSigil"],"picked":"SKIP","floor":8},{"not_picked":["champ:BladeFlurry","champ:DancingMaster"],"picked":"champ:CrookedStrike","floor":9},{"not_picked":["champ:Encircle","champ:DefensiveShout","champ:Duel"],"picked":"SKIP","floor":10},{"not_picked":["champ:TornadoPunch","champ:DefensiveShout"],"picked":"champ:AdrenalArmor","floor":14},{"not_picked":["champ:BerserkersShout","champ:EnGarde"],"picked":"champ:StanceDance","floor":15},{"not_picked":["champ:TripleStrike","champ:VampiricStrike"],"picked":"champ:StrikeOfGenius","floor":16},{"not_picked":[],"picked":"champ:GutPunch","floor":19},{"not_picked":["champ:ShieldSlam"],"picked":"SKIP","floor":20},{"not_picked":[],"picked":"champ:CalledShot","floor":22},{"not_picked":["champ:ViciousMockery+1"],"picked":"SKIP","floor":23},{"not_picked":["champ:BerserkersShout"],"picked":"SKIP","floor":25},{"not_picked":["champ:FlashCut"],"picked":"SKIP","floor":26},{"not_picked":["champ:Circumvent"],"picked":"SKIP","floor":27},{"not_picked":["champ:CrownThrow"],"picked":"SKIP","floor":28},{"not_picked":["champ:FocusedDefense"],"picked":"SKIP","floor":29},{"not_picked":["champ:Circumvent"],"picked":"SKIP","floor":30},{"not_picked":["champ:SkillfulDodge+1"],"picked":"SKIP","floor":31},{"not_picked":[],"picked":"champ:Endure","floor":32},{"not_picked":[],"picked":"champ:Shatter","floor":34},{"not_picked":[],"picked":"champ:AdrenalArmor+1","floor":36},{"not_picked":["champ:TornadoPunch"],"picked":"SKIP","floor":37},{"not_picked":["champ:PreciseThrust+1"],"picked":"SKIP","floor":39},{"not_picked":[],"picked":"champ:Duel+1","floor":40},{"not_picked":["champ:SetATrap+1"],"picked":"SKIP","floor":42},{"not_picked":["champ:CrownThrow"],"picked":"SKIP","floor":43},{"not_picked":["champ:Parry"],"picked":"SKIP","floor":44},{"not_picked":["expansioncontent:InvincibleStrength","expansioncontent:DecaShield"],"picked":"expansioncontent:GuardianWhirl","floor":45},{"not_picked":["champ:Parry+1"],"picked":"SKIP","floor":46},{"not_picked":["champ:PreciseThrust+1"],"picked":"SKIP","floor":48},{"not_picked":[],"picked":"champ:BladeFlurry+1","floor":49},{"not_picked":["champ:SteelEdge"],"picked":"SKIP","floor":49},{"not_picked":["champ:CrookedStrike+1"],"picked":"SKIP","floor":52}],"player_experience":688361,"relics_obtained":[{"floor":7,"key":"MealTicket"},{"floor":8,"key":"MawBank"},{"floor":14,"key":"Toy Ornithopter"},{"floor":23,"key":"The Courier"},{"floor":26,"key":"Ornamental Fan"},{"floor":28,"key":"Thread and Needle"},{"floor":31,"key":"Mercury Hourglass"},{"floor":41,"key":"Orichalcum"},{"floor":44,"key":"Prayer Wheel"},{"floor":46,"key":"sneckomod:BlankCard"},{"floor":48,"key":"Boot"},{"floor":52,"key":"Bronze Scales"}],"event_choices":[],"is_beta":false,"boss_relics":[{"not_picked":["Sozu","Pandora\u0027s Box"],"picked":"Busted Crown"},{"not_picked":["Fusion Hammer","Velvet Choker"],"picked":"Tiny House"}],"items_purged_floors":[10,40],"is_endless":false,"potions_floor_spawned":[4,9,14,15,19,22,26,30,32,33,36,37,44,48,49,52],"ascension_level":6}}