{"host":"nw4g04f085wnqcgt","time":1612035237,"event":{"mods":["AchievementEnabler","BaseMod","Colored Map","Colored Powertips","DeckTracker","Minty Spire (QoL Compilation)","Relic Sorter","SuperFastMode"],"gold_per_floor":[113,113,63,63,84,134,134,167,190,190,213,213,256,290,290,290,290],"floor_reached":16,"language":"ENG","playtime":759,"items_purged":[],"score":149,"play_id":"b2ac9677-b516-4c47-baae-f6f33c72550c","local_time":"20210130143357","is_ascension_mode":true,"campfire_choices":[{"data":"Nirvana","floor":7,"key":"SMITH"},{"data":"Vigilance","floor":10,"key":"SMITH"},{"data":"Halt","floor":12,"key":"SMITH"},{"data":"Tantrum","floor":15,"key":"SMITH"}],"circlet_count":0,"master_deck":["Strike_P","Strike_P","Strike_P","Defend_P","Defend_P","Defend_P","Defend_P","Eruption+1","Vigilance+1","Wireheading","CutThroughFate","Nirvana+1","Consecrate","Halt+1","Pray","Tantrum+1"],"relics":["PureWater","NeowsBlessing","Golden Idol","CeramicFish","PreservedInsect","Strawberry"],"acts_visited":["Exordium"],"potions_floor_usage":[13,16],"damage_taken":[{"damage":0,"enemies":"2 Louse","floor":1,"turns":1},{"damage":0,"enemies":"Cultist","floor":5,"turns":1},{"damage":0,"enemies":"Lagavulin","floor":6,"turns":1},{"damage":0,"enemies":"Small Slimes","floor":8,"turns":2},{"damage":23,"enemies":"Gremlin Gang","floor":11,"turns":4},{"damage":3,"enemies":"Gremlin Nob","floor":13,"turns":4},{"damage":2,"enemies":"Exordium Thugs","floor":14,"turns":4},{"damage":46,"enemies":"The Guardian","floor":16,"turns":6}],"seed_played":"-3208926905601789436","potions_obtained":[{"floor":6,"key":"LiquidMemories"},{"floor":8,"key":"DistilledChaos"}],"is_trial":false,"path_per_floor":["M","?","?","?","M","E","R","M","T","R","M","R","E","M","R","B"],"character_chosen":"WATCHER","items_purchased":[],"campfire_rested":0,"item_purchase_floors":[],"current_hp_per_floor":[72,67,67,67,67,67,67,67,67,67,44,44,48,46,46,0,0],"gold":290,"neow_bonus":"THREE_ENEMY_KILL","is_daily":false,"chose_seed":false,"campfire_upgraded":4,"win_rate":0.0,"timestamp":1612035237,"path_taken":["M","?","?","?","M","E","R","M","T","R","?","R","E","M","R","BOSS"],"items_purchased_type":[],"build_version":"2020-12-22","purchased_purges":0,"victory":false,"max_hp_per_floor":[72,67,67,67,67,67,67,67,67,67,67,67,74,74,74,74,74],"card_choices":[{"not_picked":["CrushJoints","DeceiveReality"],"picked":"Wireheading","floor":1},{"not_picked":["EmptyFist","FlyingSleeves"],"picked":"CutThroughFate","floor":5},{"not_picked":["FollowUp","WindmillStrike"],"picked":"Nirvana","floor":6},{"not_picked":["ThirdEye","FollowUp"],"picked":"Consecrate","floor":8},{"not_picked":["Evaluate","BowlingBash"],"picked":"Halt","floor":11},{"not_picked":["Protect","JustLucky"],"picked":"Pray","floor":13},{"not_picked":["FearNoEvil","Consecrate"],"picked":"Tantrum","floor":14}],"player_experience":373518,"relics_obtained":[{"floor":6,"key":"CeramicFish"},{"floor":9,"key":"PreservedInsect"},{"floor":13,"key":"Strawberry"}],"event_choices":[{"damage_healed":0,"gold_gain":0,"player_choice":"Lose Max HP","damage_taken":0,"relics_obtained":["Golden Idol"],"max_hp_gain":0,"max_hp_loss":5,"event_name":"Golden Idol","floor":2,"gold_loss":0},{"cards_removed":["Strike_P"],"damage_healed":0,"gold_gain":0,"player_choice":"Card Removal","damage_taken":0,"max_hp_gain":0,"max_hp_loss":0,"event_name":"The Cleric","floor":3,"gold_loss":50},{"damage_healed":0,"gold_gain":0,"player_choice":"Forge","damage_taken":0,"max_hp_gain":0,"max_hp_loss":0,"event_name":"Accursed Blacksmith","floor":4,"gold_loss":0,"cards_upgraded":["Eruption"]}],"is_beta":false,"boss_relics":[],"items_purged_floors":[],"is_endless":false,"potions_floor_spawned":[6,8],"killed_by":"The Guardian","ascension_level":2}}