{"host":"7oiwk103j2prpym5","time":1612048941,"event":{"mods":["BaseMod","BetterRewards","Colored Map","Colored Powertips","GifTheSpireLib","Infinite Spire","Minty Spire (QoL Compilation)","Permanent Neow","Relic Filter Mod","Reliquary","Remove Card Discount Mod","Replay The Spire","StSLib","Stuff the Spire","Weighted Paths"],"gold_per_floor":[117,117,27,27,39,68,83,83,83,93,126,126,145,162,162,260,260,273,273,239,252,268,268,300,87,112,74,74,87,116,142,142,238,238,251,277,294,312,330,361,361,372,372,401,242,274,274,290,290,290,290,290,5,38,38],"floor_reached":56,"language":"ENG","playtime":5942,"items_purged":["Strike_G","Defend_G","Strike_G","Defend_G","ReplayTheSpireMod:Necrosis","Defend_G","Parasite"],"score":1829,"play_id":"99c6bb73-3e34-4942-bbb2-7e2c6d024918","local_time":"20210130172221","is_ascension_mode":true,"campfire_choices":[{"floor":8,"key":"REST"},{"floor":15,"key":"DIG"},{"floor":23,"key":"REST"},{"floor":28,"key":"REST"},{"floor":32,"key":"REST"},{"floor":41,"key":"RECALL"},{"floor":49,"key":"REST"},{"data":"Noxious Fumes","floor":52,"key":"SMITH"}],"circlet_count":0,"master_deck":["Strike_G","Defend_G","Defend_G+1","Survivor","Neutralize","Footwork","Finisher","ReplayUltimateDefense","Deadly Poison","Flying Knee","Draining Mist","Draining Mist","Dodge and Roll","Sucker Punch","Noxious Fumes+1","Poisoned Stab","Poisoned Stab","Deadly Poison","Replay:Poison Smokescreen","Adrenaline","Prepared","Deflect","Deadly Poison+1","ReplayTheSpireMod:Chaos Vortex","Outmaneuver","Backflip","Sucker Punch+1","Venomology","Envenom","StuffTheSpire:BrimstoneBlast","Dagger Throw","StuffTheSpire:MirrorStance+1","Envenom","Footwork","Catalyst","Atom Bomb","Poisoned Stab","Dagger Spray+1","Deadly Poison","After Image"],"relics":["Ring of the Snake","Pear","Bird Faced Urn","StuffTheSpire:BottledEssence","reliquary:KillPill","Pondfish Scales","Ice Cream","PreservedInsect","Calipers","reliquary:JackalopeAntler","Juzu Bracelet","Black Star","Darkstone Periapt","StuffTheSpire:OldFever","reliquary:SilkGlove","Anchor","Replay:Mystery Machine","Orichalcum","Centennial Puzzle","Snecko Eye","Replay:PocketPolymizer","StuffTheSpire:Barrel","Pen Nib","Pocketwatch","Blood Vial","Art of War","Lee\u0027s Waffle","ReplayTheSpireMod:TigerMarble","ReplayTheSpireMod:Lightbulb","Snecko Heart","infinitespire:Golems Mask","Counterbalance","StuffTheSpire:WitherSkull","Quantum Egg"],"acts_visited":["Exordium","TheCity","TheBeyond","TheEnding"],"potions_floor_usage":[11,20,22,22,33,33,33,33,38,40,44,46,50,55,55,55],"damage_taken":[{"damage":0,"enemies":"Small Slimes","floor":1,"turns":3},{"damage":0,"enemies":"Cultist","floor":5,"turns":3},{"damage":22,"enemies":"Lagavulin","floor":6,"turns":6},{"damage":0,"enemies":"Jaw Worm","floor":7,"turns":3},{"damage":15,"enemies":"Large Slime","floor":10,"turns":4},{"damage":18,"enemies":"Gremlin Nob","floor":11,"turns":3},{"damage":11,"enemies":"Exordium Thugs","floor":13,"turns":4},{"damage":7,"enemies":"Looter","floor":14,"turns":3},{"damage":16,"enemies":"Fading Forest","floor":16,"turns":11},{"damage":13,"enemies":"Chosen","floor":18,"turns":5},{"damage":8,"enemies":"2 Thieves","floor":20,"turns":5},{"damage":8,"enemies":"Snake Plant","floor":21,"turns":4},{"damage":49,"enemies":"Cultist and Chosen","floor":22,"turns":6},{"damage":48,"enemies":"Slavers","floor":24,"turns":7},{"damage":0,"enemies":"Centurion and Healer","floor":29,"turns":6},{"damage":9,"enemies":"Book of Stabbing","floor":30,"turns":5},{"damage":1,"enemies":"Champ","floor":33,"turns":9},{"damage":21,"enemies":"3 Darklings","floor":35,"turns":4},{"damage":0,"enemies":"3 Shapes","floor":37,"turns":5},{"damage":9,"enemies":"Sphere and 2 Shapes","floor":38,"turns":6},{"damage":0,"enemies":"Writhing Mass","floor":39,"turns":4},{"damage":0,"enemies":"R_Hoarder","floor":40,"turns":6},{"damage":28,"enemies":"Spire Growth","floor":42,"turns":4},{"damage":29,"enemies":"Reptomancer","floor":44,"turns":3},{"damage":22,"enemies":"R_Hoarder","floor":46,"turns":5},{"damage":17,"enemies":"Jaw Worm Horde","floor":48,"turns":4},{"damage":20,"enemies":"Awakened One","floor":50,"turns":7},{"damage":47,"enemies":"Shield and Spear","floor":54,"turns":4},{"damage":66,"enemies":"The Heart","floor":55,"turns":7}],"seed_played":"-5707562074519609196","potions_obtained":[{"floor":6,"key":"Ancient Potion"},{"floor":7,"key":"Languid Potion"},{"floor":13,"key":"Death Potion"},{"floor":16,"key":"Cursed Concoction"},{"floor":18,"key":"GamblersBrew"},{"floor":21,"key":"Swift Potion"},{"floor":24,"key":"Swift Potion"},{"floor":35,"key":"Block Potion"},{"floor":37,"key":"Dexterity Potion"},{"floor":39,"key":"Reflective Coating"}],"is_trial":false,"path_per_floor":["M","?","$","?","M","E","M","R","T","M","E","?","M","M","R_BF","B",null,"M","AVR","M","M","M","R","E","$","T","$","R","M","E","T","R","B",null,"M","?","M","M","M","E","R","M","T","E","$","E","AVR","M","R","B",null,"R","$","E","B",null],"character_chosen":"THE_SILENT","items_purchased":["Pear","Bird Faced Urn","StuffTheSpire:BottledEssence","Footwork","ReplayUltimateDefense","Deadly Poison","Flying Knee","Infinite Blades+1","Draining Mist","Dodge and Roll","Noxious Fumes","Poisoned Stab","Envenom","BlessingOfTheForge","StuffTheSpire:BrimstoneBlast","Lee\u0027s Waffle","Counterbalance"],"campfire_rested":5,"item_purchase_floors":[0,0,0,0,0,0,0,0,0,0,3,3,25,25,27,45,53],"current_hp_per_floor":[68,68,68,68,72,54,54,78,78,65,49,49,44,39,39,45,80,71,71,71,67,22,46,4,4,4,4,28,36,33,33,57,64,80,61,29,39,42,58,66,66,48,48,23,90,68,68,63,90,84,90,90,90,55,13],"gold":38,"neow_bonus":"","is_daily":false,"chose_seed":false,"campfire_upgraded":1,"win_rate":0.0,"timestamp":1612048941,"path_taken":["M","?","?","?","M","E","M","R","T","M","E","?","M","M","R_BF","BOSS","M","AVR","M","M","M","R","E","?","T","?","R","M","E","?","R","BOSS","M","?","M","M","M","E","R","M","T","E","$","E","AVR","M","R","BOSS","R","$","E","BOSS"],"items_purchased_type":["Relic","Relic","Relic","Card","Card","Card","Card","Card","Card","Card","Card","Card","Card","Potion","Card","Relic","Relic"],"build_version":"2020-12-22","purchased_purges":7,"victory":true,"max_hp_per_floor":[80,80,80,80,80,80,80,80,80,80,80,80,80,80,80,80,80,80,80,80,80,80,80,80,80,80,80,80,80,80,80,80,80,80,80,80,80,80,86,86,86,86,86,86,90,90,90,90,90,90,90,90,90,90,90],"card_choices":[{"not_picked":["StuffTheSpire:DoubleShiv","Blade Dance"],"picked":"Sucker Punch","floor":1},{"not_picked":["Caltrops","Backstab"],"picked":"Poisoned Stab","floor":5},{"not_picked":["Expertise","Dodge and Roll","Sucker Punch"],"picked":"SKIP","floor":6},{"not_picked":["PiercingWail","Adrenaline"],"picked":"Deadly Poison","floor":7},{"not_picked":["Choke","PiercingWail"],"picked":"Replay:Poison Smokescreen","floor":10},{"not_picked":["Expertise","Prepared"],"picked":"Adrenaline","floor":11},{"not_picked":["Underhanded Strike","Quick Slash"],"picked":"Prepared","floor":13},{"not_picked":["Heel Hook","StuffTheSpire:Incursion"],"picked":"Deflect","floor":14},{"not_picked":["A Thousand Cuts","Storm of Steel"],"picked":"ReplayTheSpireMod:Necrosis","floor":16},{"not_picked":["Hidden Blade","Escape Plan"],"picked":"Deadly Poison+1","floor":18},{"not_picked":["Dagger Spray","Flying Knee"],"picked":"Outmaneuver","floor":20},{"not_picked":["Flying Knee","Prepared"],"picked":"Backflip","floor":21},{"not_picked":["Prepared","Quick Slash"],"picked":"Sucker Punch+1","floor":22},{"not_picked":["Distraction","Phantasmal Killer"],"picked":"Venomology","floor":24},{"not_picked":["Slice","Outmaneuver"],"picked":"Dagger Throw","floor":29},{"not_picked":["StuffTheSpire:Python","Venomology"],"picked":"StuffTheSpire:MirrorStance+1","floor":30},{"not_picked":["Replay:Bag of Tricks","After Image"],"picked":"Envenom","floor":33},{"not_picked":["Sucker Punch+1","Slice+1","Underhanded Strike"],"picked":"SKIP","floor":35},{"not_picked":["StuffTheSpire:Python","StuffTheSpire:BumpUp"],"picked":"Footwork","floor":37},{"not_picked":["Flying Knee","Masterful Stab"],"picked":"Catalyst","floor":38},{"not_picked":["Underhanded Strike","Eviscerate+1","Draining Mist"],"picked":"SKIP","floor":39},{"not_picked":["Fluid Movement","Backstab"],"picked":"Atom Bomb","floor":40},{"not_picked":["Deadly Poison+1","ReplayTheSpireMod:Scrap Shanks+1"],"picked":"Poisoned Stab","floor":42},{"not_picked":["StuffTheSpire:BumpUp+1","Flying Knee"],"picked":"Dagger Spray+1","floor":44},{"not_picked":["Prepared","Cloak And Dagger+1","PiercingWail"],"picked":"SKIP","floor":46},{"not_picked":["Predator","Underhanded Strike","Dagger Throw"],"picked":"SKIP","floor":48},{"not_picked":["Distraction+1","ReplayTheSpireMod:Speed Training+1"],"picked":"After Image","floor":54}],"player_experience":807133,"relics_obtained":[{"floor":6,"key":"PreservedInsect"},{"floor":11,"key":"Calipers"},{"floor":15,"key":"Juzu Bracelet"},{"floor":24,"key":"StuffTheSpire:OldFever"},{"floor":24,"key":"reliquary:SilkGlove"},{"floor":26,"key":"Anchor"},{"floor":30,"key":"Replay:Mystery Machine"},{"floor":30,"key":"Orichalcum"},{"floor":31,"key":"Centennial Puzzle"},{"floor":36,"key":"Replay:PocketPolymizer"},{"floor":40,"key":"StuffTheSpire:Barrel"},{"floor":40,"key":"Pen Nib"},{"floor":43,"key":"Pocketwatch"},{"floor":44,"key":"Blood Vial"},{"floor":44,"key":"Art of War"},{"floor":46,"key":"ReplayTheSpireMod:TigerMarble"},{"floor":46,"key":"ReplayTheSpireMod:Lightbulb"},{"floor":54,"key":"StuffTheSpire:WitherSkull"},{"floor":54,"key":"Quantum Egg"}],"event_choices":[{"cards_removed":["Strike_G"],"damage_healed":0,"gold_gain":0,"player_choice":"Purged","damage_taken":0,"max_hp_gain":0,"max_hp_loss":0,"event_name":"Purifier","floor":2,"gold_loss":0},{"damage_healed":0,"gold_gain":0,"player_choice":"Gave Potion","damage_taken":0,"relics_obtained":["reliquary:JackalopeAntler"],"max_hp_gain":0,"max_hp_loss":0,"event_name":"WeMeetAgain","floor":12,"gold_loss":0}],"is_beta":false,"boss_relics":[{"not_picked":["Calling Bell","Ring of the Serpent"],"picked":"Black Star"},{"not_picked":["StuffTheSpire:RunicConfusion","Pandora\u0027s Box"],"picked":"Snecko Eye"}],"items_purged_floors":[0,0,0,0,25,25,45],"is_endless":false,"potions_floor_spawned":[6,7,13,16,18,21,24,29,35,37,39,46],"ascension_level":3}}