{"host":"uld0x1f6or5rl385","time":1612043448,"event":{"mods":["BaseMod","Minty Spire (QoL Compilation)","Quick Restart","StSLib","Unceasing Turn Reminder"],"gold_per_floor":[111,130,130,146,71,71,104,104,104,144,144,168,168,186,186,316,316,330,330,330,349,349,349,383,408,434,434,111,127,19,44,44,167,167,180,180,180,203,217,240,240,253,253,278,315,327,360,436,448,460],"floor_reached":51,"language":"ZHS","playtime":1911,"items_purged":["Injury","Writhe"],"score":881,"play_id":"5061b833-b112-4b03-acc8-3da38b240df7","local_time":"20210131055048","is_ascension_mode":false,"campfire_choices":[{"data":"Footwork","floor":6,"key":"SMITH"},{"data":"Quick Slash","floor":8,"key":"SMITH"},{"data":"Deflect","floor":13,"key":"SMITH"},{"data":"Dagger Spray","floor":15,"key":"SMITH"},{"floor":23,"key":"REST"},{"floor":32,"key":"REST"},{"floor":41,"key":"REST"},{"floor":46,"key":"REST"},{"floor":49,"key":"REST"}],"circlet_count":0,"master_deck":["Strike_G+1","Strike_G+1","Defend_G+1","Defend_G+1","Defend_G+1","Defend_G+1","Defend_G+1","Neutralize","Leg Sweep","Footwork+1","Deflect+1","Quick Slash+1","Noxious Fumes+1","Dagger Spray+1","After Image+1","Predator+1","Escape Plan","Footwork+1","Well Laid Plans+1","Footwork+1","Catalyst+1","Envenom+1","Acrobatics+1","Envenom+1","Underhanded Strike+1","Escape Plan+1"],"relics":["Ring of the Snake","Bronze Scales","Golden Idol","Paper Crane","Mercury Hourglass","Frozen Egg 2","TungstenRod","Fusion Hammer","Anchor","Nunchaku","Toy Ornithopter","HandDrill","Astrolabe","MawBank","Torii"],"acts_visited":["Exordium","TheCity","TheBeyond"],"potions_floor_usage":[10,24,47,47,47,47,50],"damage_taken":[{"damage":0,"enemies":"Small Slimes","floor":1,"turns":3},{"damage":0,"enemies":"Jaw Worm","floor":2,"turns":4},{"damage":0,"enemies":"2 Louse","floor":4,"turns":4},{"damage":11,"enemies":"3 Sentries","floor":7,"turns":13},{"damage":14,"enemies":"Gremlin Nob","floor":10,"turns":5},{"damage":0,"enemies":"2 Fungi Beasts","floor":12,"turns":3},{"damage":0,"enemies":"3 Louse","floor":14,"turns":3},{"damage":0,"enemies":"Slime Boss","floor":16,"turns":8},{"damage":0,"enemies":"Shell Parasite","floor":18,"turns":6},{"damage":15,"enemies":"Spheric Guardian","floor":21,"turns":4},{"damage":7,"enemies":"Slavers","floor":24,"turns":5},{"damage":0,"enemies":"Chosen and Byrds","floor":25,"turns":4},{"damage":0,"enemies":"Shelled Parasite and Fungi","floor":29,"turns":4},{"damage":0,"enemies":"Sentry and Sphere","floor":31,"turns":5},{"damage":0,"enemies":"Collector","floor":33,"turns":10},{"damage":0,"enemies":"Orb Walker","floor":35,"turns":4},{"damage":0,"enemies":"3 Darklings","floor":38,"turns":4},{"damage":0,"enemies":"Maw","floor":39,"turns":7},{"damage":6,"enemies":"Writhing Mass","floor":40,"turns":6},{"damage":12,"enemies":"Transient","floor":42,"turns":5},{"damage":0,"enemies":"Spire Growth","floor":44,"turns":7},{"damage":6,"enemies":"4 Shapes","floor":45,"turns":5},{"damage":0,"enemies":"3 Darklings","floor":47,"turns":4},{"damage":28,"enemies":"2 Orb Walkers","floor":48,"turns":6},{"damage":0,"enemies":"Donu and Deca","floor":50,"turns":12}],"seed_played":"7513517212361340264","potions_obtained":[{"floor":1,"key":"PowerPotion"},{"floor":2,"key":"Ancient Potion"},{"floor":10,"key":"Fruit Juice"},{"floor":14,"key":"DuplicationPotion"},{"floor":33,"key":"EntropicBrew"},{"floor":48,"key":"PowerPotion"}],"is_trial":false,"path_per_floor":["M","M","?","M","$","R","E","R","T","E","?","M","R","M","R","B",null,"M","?","?","M","?","R","E","M","T","?","$","M","$","M","R","B",null,"M","?","?","M","M","M","R","M","T","M","M","R","M","?","R","B",null],"character_chosen":"THE_SILENT","items_purchased":["HandDrill","Well Laid Plans+1","Footwork+1","DuplicationPotion"],"campfire_rested":5,"item_purchase_floors":[28,28,30,30],"current_hp_per_floor":[70,70,70,70,70,70,59,59,59,50,43,43,43,43,43,43,75,75,75,62,47,47,71,64,64,64,64,64,64,64,64,80,80,80,80,80,80,80,80,74,80,68,68,68,62,80,80,52,76,80],"gold":472,"neow_bonus":"RANDOM_COMMON_RELIC","is_daily":false,"chose_seed":false,"campfire_upgraded":4,"win_rate":0.0,"timestamp":1612043448,"path_taken":["M","M","?","M","$","R","E","R","T","E","?","M","R","M","R","BOSS","M","?","?","M","?","R","E","M","T","?","$","M","$","M","R","BOSS","M","?","?","M","?","M","R","M","T","M","M","R","M","?","R","BOSS"],"items_purchased_type":["Relic","Card","Card","Potion"],"build_version":"2020-12-22","purchased_purges":2,"victory":true,"max_hp_per_floor":[70,70,70,70,70,70,70,70,70,75,75,75,75,75,75,75,75,75,75,80,80,80,80,80,80,80,80,80,80,80,80,80,80,80,80,80,80,80,80,80,80,80,80,80,80,80,80,80,80,80],"card_choices":[{"not_picked":["All Out Attack","Prepared"],"picked":"Leg Sweep","floor":1},{"not_picked":["Sucker Punch","Slice"],"picked":"Footwork","floor":2},{"not_picked":["Infinite Blades","Flechettes"],"picked":"Deflect","floor":4},{"not_picked":["Escape Plan","Night Terror"],"picked":"Quick Slash","floor":7},{"not_picked":["Outmaneuver","Infinite Blades+1"],"picked":"Noxious Fumes+1","floor":10},{"not_picked":["Eviscerate","Expertise","Dodge and Roll"],"picked":"SKIP","floor":12},{"not_picked":["Masterful Stab","Quick Slash"],"picked":"Dagger Spray","floor":14},{"not_picked":["Phantasmal Killer","Night Terror"],"picked":"After Image+1","floor":16},{"not_picked":["Blade Dance","Endless Agony+1"],"picked":"Predator+1","floor":18},{"not_picked":["Deflect","Dagger Spray","Outmaneuver+1"],"picked":"SKIP","floor":21},{"not_picked":["Sucker Punch","Concentrate+1"],"picked":"Escape Plan","floor":24},{"not_picked":["Flechettes","Heel Hook"],"picked":"Footwork+1","floor":25},{"not_picked":["Predator","Backflip","Dagger Throw+1"],"picked":"SKIP","floor":29},{"not_picked":["Predator+1","Deadly Poison"],"picked":"Catalyst+1","floor":31},{"not_picked":["Night Terror","Tools of the Trade+1"],"picked":"Envenom+1","floor":33},{"not_picked":["Flying Knee","Dagger Throw","Expertise"],"picked":"SKIP","floor":35},{"not_picked":["Flying Knee","Dagger Throw","Expertise"],"picked":"SKIP","floor":35},{"not_picked":["PiercingWail+1","Sucker Punch","Accuracy+1"],"picked":"SKIP","floor":38},{"not_picked":["Underhanded Strike","Cloak And Dagger","Deadly Poison"],"picked":"SKIP","floor":39},{"not_picked":["Acrobatics+1","Blade Dance","Masterful Stab+1"],"picked":"SKIP","floor":40},{"not_picked":["Dodge and Roll","Infinite Blades+1","Flying Knee"],"picked":"SKIP","floor":42},{"not_picked":["PiercingWail+1","Prepared","Crippling Poison"],"picked":"SKIP","floor":44},{"not_picked":["Skewer","Riddle With Holes","Expertise+1"],"picked":"SKIP","floor":45},{"not_picked":["Night Terror","Deflect+1","Crippling Poison+1"],"picked":"SKIP","floor":47},{"not_picked":["Flying Knee","Dagger Throw"],"picked":"Escape Plan+1","floor":48}],"player_experience":349761,"relics_obtained":[{"floor":7,"key":"Paper Crane"},{"floor":9,"key":"Mercury Hourglass"},{"floor":10,"key":"Frozen Egg 2"},{"floor":24,"key":"Anchor"},{"floor":26,"key":"Nunchaku"},{"floor":43,"key":"MawBank"},{"floor":48,"key":"Torii"}],"event_choices":[{"damage_healed":0,"gold_gain":0,"player_choice":"Take Wound","damage_taken":0,"relics_obtained":["Golden Idol"],"max_hp_gain":0,"max_hp_loss":0,"event_name":"Golden Idol","floor":3,"gold_loss":0,"cards_obtained":["Injury"]},{"damage_healed":0,"gold_gain":0,"player_choice":"Success","damage_taken":7,"relics_obtained":["TungstenRod"],"max_hp_gain":0,"max_hp_loss":0,"event_name":"Scrap Ooze","floor":11,"gold_loss":0},{"damage_healed":0,"gold_gain":0,"player_choice":"Ignored","damage_taken":0,"max_hp_gain":0,"max_hp_loss":0,"event_name":"Ghosts","floor":19,"gold_loss":0},{"damage_healed":0,"gold_gain":0,"player_choice":"Shed Blood","damage_taken":19,"max_hp_gain":5,"max_hp_loss":0,"event_name":"Forgotten Altar","floor":20,"gold_loss":0},{"damage_healed":0,"gold_gain":0,"player_choice":"Simplicity","damage_taken":0,"max_hp_gain":0,"max_hp_loss":0,"event_name":"Back to Basics","floor":22,"gold_loss":0,"cards_upgraded":["Strike_G","Strike_G","Strike_G","Strike_G","Strike_G","Defend_G","Defend_G","Defend_G","Defend_G","Defend_G"]},{"damage_healed":0,"gold_gain":0,"player_choice":"Opened","damage_taken":0,"relics_obtained":["Toy Ornithopter"],"max_hp_gain":0,"max_hp_loss":0,"event_name":"The Mausoleum","floor":27,"gold_loss":0,"cards_obtained":["Writhe"]},{"cards_removed":["Strike_G"],"damage_healed":0,"gold_gain":0,"player_choice":"Removed Attack","damage_taken":0,"max_hp_gain":0,"max_hp_loss":0,"event_name":"Falling","floor":36,"gold_loss":0},{"damage_healed":0,"gold_gain":0,"player_choice":"Got Potions","damage_taken":0,"max_hp_gain":0,"max_hp_loss":0,"event_name":"Lab","floor":37,"gold_loss":0},{"damage_healed":0,"gold_gain":0,"player_choice":"Fight","damage_taken":0,"max_hp_gain":0,"max_hp_loss":0,"event_name":"Mysterious Sphere","floor":48,"gold_loss":0}],"is_beta":false,"boss_relics":[{"not_picked":["Ring of the Serpent","Pandora\u0027s Box"],"picked":"Fusion Hammer"},{"not_picked":["Sozu","WristBlade"],"picked":"Astrolabe"}],"items_purged_floors":[5,28],"is_endless":false,"potions_floor_spawned":[1,2,10,14,18,21,31,33,35,39,40,45,48],"ascension_level":0}}