{"host":"6r3ioyv75hs1gp74","time":1612042438,"event":{"mods":["AchievementEnabler","Act Like it!","BaseMod","Better Sensory Stone","Better Third Choice","Block Reminder","Colored Map","Colored Powertips","Curses Come First","Minty Spire (QoL Compilation)","StSLib"],"gold_per_floor":[117,137,149,9,25,25,45,76,76,103,123,123,123,123,123,224,224,234,234,159,159,159,2,35,46,114,182,197,227,239,250,250,346,346,356,1,21,21,32,64,64,92,92,119,119,133,133,0,0,0,0,0,0,26,26],"floor_reached":56,"language":"ENG","playtime":3759,"items_purged":[],"score":1437,"play_id":"f1dea310-b7fe-4ca6-be87-a42664b33536","local_time":"20210130213358","is_ascension_mode":true,"campfire_choices":[{"data":"Infinite Blades","floor":6,"key":"SMITH"},{"floor":12,"key":"REST"},{"data":"Deadly Poison","floor":15,"key":"SMITH"},{"data":"Venomology","floor":32,"key":"SMITH"},{"data":"Ghostly","floor":41,"key":"SMITH"},{"floor":47,"key":"RECALL"},{"floor":49,"key":"REST"},{"data":"Ghostly","floor":52,"key":"SMITH"}],"circlet_count":0,"master_deck":["Strike_G","Strike_G","Strike_G","Defend_G","Defend_G","Defend_G","Defend_G","Defend_G","Survivor","Neutralize","Deadly Poison+1","Sucker Punch","Infinite Blades+1","Poisoned Stab","Underhanded Strike","Sucker Punch+1","Bane","Die Die Die","Heel Hook+1","Quick Slash","Infinite Blades","Venomology+1","Noxious Fumes","Ghostly+1","Ghostly+1","Ghostly","Ghostly","Ghostly","Endless Agony","Flying Knee","Caltrops","Accuracy","All Out Attack","Dash+1","Venomology+1","PiercingWail+1","Ghostly+1","Prepared+1","Cloak And Dagger+1","Venomology+1"],"relics":["Busted Crown","Blood Vial","Shuriken","Ornamental Fan","Black Star","PreservedInsect","Question Card","Ancient Tea Set","Toxic Egg 2","Pantograph","Bottled Lightning","Bird Faced Urn","WristBlade","DollysMirror","Centennial Puzzle","Ginger","Prayer Wheel","Omamori","Lizard Tail","Whetstone","Orichalcum","Red Mask","Pocketwatch","Bag of Preparation"],"acts_visited":["Exordium","TheCity","TheBeyond","TheEnding"],"potions_floor_usage":[5,8,11,16,18,21,24,29,29,29,29,30,31,33,33,35,37,37,39,40,42,42,42,44,44,45,46,46,46,46,46,50,50,50,50,54,54,55,55,55],"damage_taken":[{"damage":0,"enemies":"2 Louse","floor":1,"turns":4},{"damage":0,"enemies":"Small Slimes","floor":2,"turns":3},{"damage":3,"enemies":"Jaw Worm","floor":3,"turns":4},{"damage":22,"enemies":"Lots of Slimes","floor":5,"turns":4},{"damage":11,"enemies":"Gremlin Gang","floor":7,"turns":5},{"damage":9,"enemies":"Gremlin Nob","floor":8,"turns":4},{"damage":12,"enemies":"3 Sentries","floor":10,"turns":4},{"damage":3,"enemies":"Looter","floor":11,"turns":2},{"damage":17,"enemies":"Slime Boss","floor":16,"turns":6},{"damage":29,"enemies":"2 Thieves","floor":18,"turns":4},{"damage":0,"enemies":"Shell Parasite","floor":21,"turns":1},{"damage":2,"enemies":"Gremlin Leader","floor":24,"turns":5},{"damage":0,"enemies":"Centurion and Healer","floor":25,"turns":5},{"damage":2,"enemies":"Cultist and Chosen","floor":28,"turns":5},{"damage":12,"enemies":"Book of Stabbing","floor":29,"turns":4},{"damage":11,"enemies":"Shelled Parasite and Fungi","floor":30,"turns":5},{"damage":3,"enemies":"Centurion and Healer","floor":31,"turns":5},{"damage":5,"enemies":"Automaton","floor":33,"turns":9},{"damage":12,"enemies":"3 Shapes","floor":35,"turns":4},{"damage":4,"enemies":"Orb Walker","floor":37,"turns":4},{"damage":0,"enemies":"3 Darklings","floor":39,"turns":4},{"damage":0,"enemies":"Nemesis","floor":40,"turns":7},{"damage":30,"enemies":"Reptomancer","floor":42,"turns":5},{"damage":4,"enemies":"Nemesis","floor":44,"turns":7},{"damage":0,"enemies":"Transient","floor":45,"turns":1},{"damage":24,"enemies":"Jaw Worm Horde","floor":46,"turns":4},{"damage":26,"enemies":"Time Eater","floor":50,"turns":10},{"damage":6,"enemies":"Shield and Spear","floor":54,"turns":7},{"damage":57,"enemies":"The Heart","floor":55,"turns":10}],"seed_played":"5152693116161365008","potions_obtained":[{"floor":3,"key":"LiquidBronze"},{"floor":7,"key":"GamblersBrew"},{"floor":10,"key":"PowerPotion"},{"floor":11,"key":"LiquidMemories"},{"floor":24,"key":"Dexterity Potion"},{"floor":30,"key":"Poison Potion"},{"floor":31,"key":"Dexterity Potion"},{"floor":39,"key":"LiquidBronze"},{"floor":40,"key":"SmokeBomb"},{"floor":46,"key":"Fire Potion"}],"is_trial":false,"path_per_floor":["M","M","M","$","M","R","M","E","T","E","M","R","?","?","R","B",null,"M","?","?","M","?","$","E","M","T","T","M","E","M","M","R","B",null,"M","$","M","$","M","E","R","E","T","E","M","M","R","?","R","B",null,"R","$","E","B",null],"character_chosen":"THE_SILENT","items_purchased":["Infinite Blades","Poisoned Stab","Underhanded Strike","PreservedInsect","DollysMirror","Centennial Puzzle","Poison Potion"],"campfire_rested":2,"item_purchase_floors":[4,4,4,23,36,36,36],"current_hp_per_floor":[70,70,67,67,45,45,34,25,25,15,14,35,58,58,58,43,70,41,41,41,43,35,35,33,35,35,35,33,23,20,27,27,31,35,23,23,27,27,33,35,35,7,7,13,15,14,14,14,24,26,35,35,35,35,4],"gold":26,"neow_bonus":"BOSS_RELIC","is_daily":false,"chose_seed":false,"campfire_upgraded":5,"win_rate":0.0,"timestamp":1612042438,"path_taken":["M","M","M","$","M","R","M","E","T","E","M","R","?","?","R","BOSS","M","?","?","M","?","$","E","M","T","?","M","E","?","M","R","BOSS","M","$","?","$","?","E","R","E","T","E","M","M","R","?","R","BOSS","R","$","E","BOSS"],"items_purchased_type":["Card","Card","Card","Relic","Relic","Relic","Potion"],"build_version":"2020-12-22","purchased_purges":0,"victory":true,"max_hp_per_floor":[70,70,70,70,70,70,70,70,70,70,70,70,70,70,70,70,70,70,70,70,70,35,35,35,35,35,35,35,35,35,35,35,35,35,35,35,35,35,35,35,35,35,35,35,35,35,35,35,35,35,35,35,35,35,35],"card_choices":[{"not_picked":[],"picked":"Deadly Poison","floor":1},{"not_picked":["Acrobatics"],"picked":"SKIP","floor":2},{"not_picked":[],"picked":"Sucker Punch","floor":3},{"not_picked":[],"picked":"Sucker Punch","floor":5},{"not_picked":[],"picked":"Bane","floor":7},{"not_picked":[],"picked":"Die Die Die","floor":8},{"not_picked":[],"picked":"Heel Hook","floor":10},{"not_picked":[],"picked":"Quick Slash","floor":11},{"not_picked":[],"picked":"Venomology","floor":16},{"not_picked":["Acrobatics"],"picked":"SKIP","floor":18},{"not_picked":[],"picked":"Endless Agony","floor":24},{"not_picked":["Backflip"],"picked":"Flying Knee","floor":25},{"not_picked":["Prepared+1"],"picked":"Caltrops","floor":28},{"not_picked":["Bane"],"picked":"Accuracy","floor":29},{"not_picked":["Backstab"],"picked":"All Out Attack","floor":30},{"not_picked":["Infinite Blades"],"picked":"Dash+1","floor":31},{"not_picked":["Wraith Form v2"],"picked":"Venomology+1","floor":33},{"not_picked":["Reflex+1"],"picked":"PiercingWail+1","floor":35},{"not_picked":["Poisoned Stab+1","Quick Slash"],"picked":"SKIP","floor":37},{"not_picked":["Heel Hook+1"],"picked":"Prepared+1","floor":39},{"not_picked":["Slice"],"picked":"Cloak And Dagger+1","floor":40},{"not_picked":["Crippling Poison+1","Footwork"],"picked":"SKIP","floor":42},{"not_picked":["Eviscerate+1","Crippling Poison+1"],"picked":"SKIP","floor":44},{"not_picked":["Dagger Throw+1"],"picked":"Venomology+1","floor":46},{"not_picked":["Slice+1","Heel Hook"],"picked":"SKIP","floor":46},{"not_picked":["Flying Knee+1","Dodge and Roll+1"],"picked":"SKIP","floor":54}],"player_experience":124234,"relics_obtained":[{"floor":8,"key":"Blood Vial"},{"floor":9,"key":"Shuriken"},{"floor":10,"key":"Ornamental Fan"},{"floor":24,"key":"Question Card"},{"floor":24,"key":"Ancient Tea Set"},{"floor":26,"key":"Toxic Egg 2"},{"floor":27,"key":"Pantograph"},{"floor":29,"key":"Bottled Lightning"},{"floor":29,"key":"Bird Faced Urn"},{"floor":40,"key":"Ginger"},{"floor":40,"key":"Prayer Wheel"},{"floor":42,"key":"Omamori"},{"floor":42,"key":"Lizard Tail"},{"floor":44,"key":"Whetstone"},{"floor":44,"key":"Orichalcum"},{"floor":54,"key":"Pocketwatch"},{"floor":54,"key":"Bag of Preparation"}],"event_choices":[{"damage_healed":23,"gold_gain":0,"player_choice":"Banana","damage_taken":0,"max_hp_gain":0,"max_hp_loss":0,"event_name":"Big Fish","floor":13,"gold_loss":0},{"damage_healed":0,"gold_gain":0,"cards_transformed":["Strike_G"],"player_choice":"Change","damage_taken":0,"max_hp_gain":0,"max_hp_loss":0,"event_name":"Living Wall","floor":14,"gold_loss":0,"cards_obtained":["Infinite Blades"]},{"damage_healed":0,"gold_gain":0,"player_choice":"Read","damage_taken":0,"max_hp_gain":0,"max_hp_loss":0,"event_name":"The Library","floor":19,"gold_loss":0,"cards_obtained":["Noxious Fumes"]},{"cards_removed":["Strike_G"],"damage_healed":0,"gold_gain":0,"player_choice":"Gave Gold","damage_taken":0,"max_hp_gain":0,"max_hp_loss":0,"event_name":"Beggar","floor":20,"gold_loss":75},{"damage_healed":0,"gold_gain":0,"player_choice":"Became a Ghost","damage_taken":0,"max_hp_gain":0,"max_hp_loss":35,"event_name":"Ghosts","floor":22,"gold_loss":0,"cards_obtained":["Ghostly","Ghostly","Ghostly","Ghostly","Ghostly"]},{"damage_healed":0,"gold_gain":0,"player_choice":"Paid","damage_taken":0,"relics_obtained":["Red Mask"],"max_hp_gain":0,"max_hp_loss":0,"event_name":"Tomb of Lord Red Mask","floor":48,"gold_loss":133}],"is_beta":false,"boss_relics":[{"not_picked":["SacredBark","Philosopher\u0027s Stone"],"picked":"Black Star"},{"not_picked":["Astrolabe","Runic Dome"],"picked":"WristBlade"}],"items_purged_floors":[],"is_endless":false,"potions_floor_spawned":[3,7,10,11,21,24,30,31,39,40,45,46],"ascension_level":3}}