{"host":"BaronFel","time":1612030459,"event":{"mods":["BaseMod","Filter the Spire","Highlight Path","Minty Spire (QoL Compilation)","Relic Stats","ojb\u0027s Info Mod"],"gold_per_floor":[416,432,3,0,0,28,28,28,28,56,56,76,76,91,91,168,168,182,182,194,14,14,41,41,41],"floor_reached":24,"language":"ENG","playtime":1371,"items_purged":[],"score":464,"play_id":"637efd96-2300-4cbe-bd30-1bb070f84801","local_time":"20210130121419","is_ascension_mode":true,"campfire_choices":[{"data":"Bludgeon","floor":7.0,"key":"SMITH"},{"floor":13.0,"key":"REST"},{"data":"True Grit","floor":15.0,"key":"SMITH"}],"circlet_count":0,"master_deck":["AscendersBane","Strike_R","Strike_R","Strike_R","Strike_R","Defend_R","Defend_R","Defend_R","Bash","Pommel Strike","Dark Embrace","Bludgeon+1","Combust","True Grit+1","Offering","CurseOfTheBell","Twin Strike","Cleave","Trip","Rupture","Shame","Entrench"],"relics":["Burning Blood","Old Coin","Self Forming Clay","ClockworkSouvenir","Darkstone Periapt","Letter Opener","Mercury Hourglass","Calling Bell","Juzu Bracelet","Pantograph","Shovel","Blue Candle","TungstenRod"],"acts_visited":["Exordium","TheCity"],"potions_floor_usage":[],"damage_taken":[{"damage":2.0,"enemies":"Cultist","floor":1.0,"turns":4.0},{"damage":5.0,"enemies":"Small Slimes","floor":2.0,"turns":4.0},{"damage":34.0,"enemies":"Gremlin Nob","floor":6.0,"turns":5.0},{"damage":0.0,"enemies":"Lagavulin","floor":8.0,"turns":4.0},{"damage":10.0,"enemies":"3 Sentries","floor":10.0,"turns":6.0},{"damage":0.0,"enemies":"2 Louse","floor":12.0,"turns":2.0},{"damage":17.0,"enemies":"Gremlin Gang","floor":14.0,"turns":3.0},{"damage":24.0,"enemies":"The Guardian","floor":16.0,"turns":10.0},{"damage":35.0,"enemies":"Shell Parasite","floor":18.0,"turns":5.0},{"damage":14.0,"enemies":"3 Byrds","floor":20.0,"turns":4.0},{"damage":30.0,"enemies":"Book of Stabbing","floor":23.0,"turns":4.0},{"damage":0,"enemies":"Snecko","floor":24,"turns":1}],"seed_played":"-2733966029640136180","potions_obtained":[{"floor":1.0,"key":"SmokeBomb"},{"floor":6.0,"key":"GamblersBrew"},{"floor":14.0,"key":"EssenceOfSteel"},{"floor":18.0,"key":"LiquidMemories"}],"is_trial":false,"path_per_floor":["M","M","$","?","?","E","R","E","T","E","?","M","R","M","R","B",null,"M","?","M","$","?","E","M"],"character_chosen":"IRONCLAD","items_purchased":["Self Forming Clay","ClockworkSouvenir","Trip","Rupture"],"campfire_rested":1,"item_purchase_floors":[3,3,21,21],"current_hp_per_floor":[54,55,55,55,48,20,20,26,26,22,22,28,50,39,39,21,68,39,39,31,31,37,13,13,13],"gold":41,"neow_bonus":"ONE_RARE_RELIC","is_daily":false,"chose_seed":false,"campfire_upgraded":2,"win_rate":0.0,"timestamp":1612030459,"path_taken":["M","M","$","?","?","E","R","E","T","E","?","M","R","M","R","BOSS","M","?","M","$","?","E","M"],"items_purchased_type":["Relic","Relic","Card","Card"],"build_version":"2020-12-18","purchased_purges":0,"victory":false,"max_hp_per_floor":[75,75,75,75,75,75,75,75,75,75,75,75,75,75,75,75,81,81,81,81,81,87,87,87,87],"relic_stats":{"Darkstone Periapt":12,"Shovel":0,"counters":[12,51],"Self Forming Clay":[138],"Pantograph":0,"Blue Candle":[3],"Juzu Bracelet":1,"Letter Opener":[30],"obtain_stats":[{"Darkstone Periapt":6,"Self Forming Clay":3,"Blue Candle":22,"Juzu Bracelet":17,"Letter Opener":9,"Burning Blood":0,"Old Coin":0,"ClockworkSouvenir":3,"Mercury Hourglass":10,"Calling Bell":17,"Shovel":17,"Pantograph":17,"TungstenRod":23},{"Darkstone Periapt":3,"Self Forming Clay":2,"Blue Candle":10,"Juzu Bracelet":8,"Letter Opener":4,"Burning Blood":0,"Old Coin":0,"ClockworkSouvenir":2,"Mercury Hourglass":5,"Calling Bell":8,"Shovel":8,"Pantograph":8,"TungstenRod":11},{"Darkstone Periapt":13,"Self Forming Clay":8,"Blue Candle":46,"Juzu Bracelet":37,"Letter Opener":17,"Burning Blood":0,"Old Coin":0,"ClockworkSouvenir":8,"Mercury Hourglass":23,"Calling Bell":37,"Shovel":37,"Pantograph":37,"TungstenRod":50}],"Burning Blood":66,"TungstenRod":0,"Mercury Hourglass":[104]},"card_choices":[{"not_picked":["Wild Strike","Anger"],"picked":"Pommel Strike","floor":1.0},{"not_picked":["Anger","Clash"],"picked":"Dark Embrace","floor":2.0},{"not_picked":["Thunderclap","Barricade"],"picked":"Bludgeon","floor":6.0},{"not_picked":["Blood for Blood","Rupture"],"picked":"Combust","floor":10.0},{"not_picked":["Evolve","Flex","Body Slam"],"picked":"SKIP","floor":12.0},{"not_picked":["Sword Boomerang","Shrug It Off"],"picked":"True Grit","floor":14.0},{"not_picked":["Exhume","Berserk"],"picked":"Offering","floor":16.0},{"not_picked":["Wild Strike","Cleave"],"picked":"Twin Strike","floor":18.0},{"not_picked":["Infernal Blade","Ghostly Armor"],"picked":"Cleave","floor":20.0},{"not_picked":["Evolve","Shrug It Off"],"picked":"Entrench","floor":23.0}],"player_experience":1098600,"relics_obtained":[{"floor":6.0,"key":"Darkstone Periapt"},{"floor":9.0,"key":"Letter Opener"},{"floor":10.0,"key":"Mercury Hourglass"},{"floor":17.0,"key":"Juzu Bracelet"},{"floor":17.0,"key":"Pantograph"},{"floor":17.0,"key":"Shovel"},{"floor":23.0,"key":"TungstenRod"}],"event_choices":[{"damage_healed":0.0,"max_hp_gain":0.0,"max_hp_loss":0.0,"gold_gain":0.0,"event_name":"World of Goop","player_choice":"Left Gold","floor":4.0,"gold_loss":3.0,"damage_taken":0.0},{"cards_removed":["Defend_R"],"damage_healed":0.0,"max_hp_gain":0.0,"max_hp_loss":0.0,"gold_gain":0.0,"event_name":"Golden Wing","player_choice":"Card Removal","floor":5.0,"gold_loss":0.0,"damage_taken":7.0},{"cards_removed":["Strike_R"],"damage_healed":0.0,"max_hp_gain":0.0,"max_hp_loss":0.0,"gold_gain":0.0,"event_name":"Purifier","player_choice":"Purged","floor":11.0,"gold_loss":0.0,"damage_taken":0.0},{"damage_healed":0.0,"max_hp_gain":0.0,"max_hp_loss":0.0,"gold_gain":0.0,"event_name":"Ghosts","player_choice":"Ignored","floor":19.0,"gold_loss":0.0,"damage_taken":0.0},{"damage_healed":0.0,"max_hp_gain":0.0,"max_hp_loss":0.0,"gold_gain":0.0,"event_name":"Addict","player_choice":"Stole Relic","floor":22.0,"gold_loss":0.0,"damage_taken":0.0,"relics_obtained":["Blue Candle"],"cards_obtained":["Shame"]}],"is_beta":true,"boss_relics":[{"not_picked":["Coffee Dripper","Black Star"],"picked":"Calling Bell"}],"items_purged_floors":[],"is_endless":false,"potions_floor_spawned":[1,6,8,14,18],"killed_by":"Snecko","ascension_level":20}}