{"host":"yecadp3kwkksam5a","time":1612021038,"event":{"mods":["100% Spire Juice","Arknights The Spire","BaseMod","Minty Spire (QoL Compilation)","StSLib","SuperFastMode","The Cursed","The Runesmith","WarShipGirlsR/??á´Ò³R mod"],"gold_per_floor":[111,111,132,157,170,170,211,211,287,306,306,306],"floor_reached":11,"language":"KOR","playtime":503,"items_purged":[],"score":100,"play_id":"d7dcb3e3-ec84-4c4a-bd63-392a84939451","local_time":"20210131003718","is_ascension_mode":false,"campfire_choices":[{"data":"ats:Emotion Absorption","floor":6,"key":"SMITH"}],"circlet_count":0,"master_deck":["ats:Strike C","ats:Strike G","ats:Strike S","ats:Strike V","ats:Armor Crushing Shot","ats:Defend","ats:Defend","ats:Defend","ats:Defend","ats:Emotion Absorption+1","Mayhem+1","Mayhem+1","Mayhem+1","Mayhem+1","Mayhem+1","ats:Phantom","ats:Apocalypse","ats:Poison Spread","ats:Apocalypse","ats:Closed Bolt Burst Fire","ats:Poison Spread"],"relics":["ats:Sanity","Bird Faced Urn","Golden Idol","ats:Originium","FossilizedHelix","Frozen Egg 2"],"acts_visited":["Exordium"],"potions_floor_usage":[],"damage_taken":[{"damage":7,"enemies":"2 Louse","floor":1,"turns":3},{"damage":19,"enemies":"Jaw Worm","floor":3,"turns":4},{"damage":5,"enemies":"Cultist","floor":4,"turns":5},{"damage":32,"enemies":"Lots of Slimes","floor":5,"turns":7},{"damage":10,"enemies":"Lagavulin","floor":7,"turns":6},{"damage":12,"enemies":"Blue Slaver","floor":10,"turns":5},{"damage":0,"enemies":"3 Sentries","floor":11,"turns":1}],"seed_played":"6584481878092840286","potions_obtained":[{"floor":1,"key":"Swift Potion"},{"floor":4,"key":"Regen Potion"},{"floor":5,"key":"Explosive Potion"}],"is_trial":false,"path_per_floor":["M","?","M","M","M","R","E","?","T","M","E"],"character_chosen":"DOCTOR_CLASS","items_purchased":[],"campfire_rested":0,"item_purchase_floors":[],"current_hp_per_floor":[74,55,48,75,75,75,74,79,79,79,81,81],"gold":306,"neow_bonus":"TEN_PERCENT_HP_BONUS","is_daily":false,"chose_seed":false,"campfire_upgraded":1,"win_rate":0.0,"timestamp":1612021038,"path_taken":["M","?","M","M","M","R","E","?","T","M","E"],"items_purchased_type":[],"build_version":"2020-12-22","purchased_purges":0,"victory":false,"max_hp_per_floor":[79,79,79,79,79,79,79,84,84,84,84,84],"card_choices":[{"not_picked":["ats:Red Shift","ats:Counter Healing Mode"],"picked":"ats:Phantom","floor":1},{"not_picked":["ats:Poison Spread","ats:Assault Order"],"picked":"ats:Apocalypse","floor":3},{"not_picked":["ats:Explosion Area Strengthen","ats:Fractured Body"],"picked":"ats:Poison Spread","floor":4},{"not_picked":["ats:Assault Order","ats:Blood Oath"],"picked":"ats:Apocalypse","floor":5},{"not_picked":["ats:Shadow Raid","ats:Soul Absorption"],"picked":"ats:Closed Bolt Burst Fire","floor":7},{"not_picked":["ats:Shell Defense","ats:Explosion Area Strengthen"],"picked":"ats:Poison Spread","floor":10}],"player_experience":564914,"relics_obtained":[{"floor":7,"key":"ats:Originium"},{"floor":7,"key":"FossilizedHelix"},{"floor":9,"key":"Frozen Egg 2"}],"event_choices":[{"damage_healed":0,"gold_gain":0,"player_choice":"Take Damage","damage_taken":19,"relics_obtained":["Golden Idol"],"max_hp_gain":0,"max_hp_loss":0,"event_name":"Golden Idol","floor":2,"gold_loss":0},{"damage_healed":0,"gold_gain":0,"player_choice":"Donut","damage_taken":0,"max_hp_gain":5,"max_hp_loss":0,"event_name":"Big Fish","floor":8,"gold_loss":0}],"is_beta":false,"boss_relics":[],"items_purged_floors":[],"is_endless":false,"potions_floor_spawned":[1,4,5],"killed_by":"3 Sentries","ascension_level":0}}