{"host":"fortuna","time":1612029382,"event":{"mods":["100% Spire Juice","Act Like it!","Arknights The Spire","BaseMod","Downfall","Gensokyo","Hallownest","Luminous","Minty Spire (QoL Compilation)","Reimu£®≤©¿ˆ¡È√Œ£©","Relic Stats","StSLib","The Administrix","Waifu the Spire","WarShipGirlsR/’ΩΩ¢…Ÿ≈ÆR mod","Yakumo Yukari mod"],"gold_per_floor":[115,115,115,115,135,135,160,160,186,39,65,81,114,39,39,138,138,157,67,67,67,67,94,94,58,58,58,76,131,131,208,208,312,312,326,342,262,262,342,370,382,409,421,433,465,495,507,534,546,558,570,582,77,107,37],"floor_reached":56,"language":"ZHS","playtime":3672,"items_purged":["Strike_Lin:ReiMu"],"score":1209,"play_id":"99e9c686-eaf9-48e3-9234-90fc7a218e69","local_time":"20210131015622","is_ascension_mode":false,"campfire_choices":[{"data":"Meditation:ReiMu","floor":6.0,"key":"SMITH"},{"data":"NB:ReiMu","floor":8.0,"key":"SMITH"},{"floor":15.0,"key":"REST"},{"data":"KyokaiOfKami:ReiMu","floor":24.0,"key":"SMITH"},{"data":"InherentArray:ReiMu","floor":27.0,"key":"SMITH"},{"data":"Hallownest:skillGreenpathMap","floor":32.0,"key":"SMITH"},{"floor":41.0,"key":"REST"},{"floor":44.0,"key":"REST"},{"floor":47.0,"key":"REST"},{"floor":49.0,"key":"RECALL"},{"data":"OrbThrow:ReiMu","floor":52.0,"key":"SMITH"}],"circlet_count":0,"master_deck":["Strike_Lin:ReiMu","Strike_Lin:ReiMu","Defend_Lin:ReiMu","Defend_Lin:ReiMu","NB:ReiMu+1","Stagnation:ReiMu","Meditation:ReiMu+1","OctopathBindingBorder2:ReiMu","Amulet:ReiMu+1","Meditation:ReiMu","OrbThrow:ReiMu+1","WonderfulDomain:ReiMu","Hallownest:skillGreenpathMap+1","BlastKick2:ReiMu","LovePray:ReiMu+1","KyokaiOfKami:ReiMu+1","MikOfLucky:ReiMu+1","InherentArray:ReiMu+1","Authority:ReiMu","CurseOfTheBell","SpringWay:ReiMu","Mountainwind:ReiMu+1","Hallownest:attackMasterDashSlash","Strike_Lin:ReiMu","Strike_Lin:ReiMu","SafetyPray:ReiMu+1","SealNeedle:ReiMu+1","MountainWay:ReiMu","Panacea"],"relics":["FlyPower:ReiMu","NeowsBlessing","Hallownest:DreamNailRelic","Blood Vial","Shuriken","Art of War","SkyOrb:ReiMu","HornCleat","Bow_fan:ReiMu","Busted Crown","Hallownest:StagBellRelic1","Dream Catcher","Ancient Tea Set","Blue Candle","Tea:ReiMu","Calling Bell","War Paint","InkBottle","Lizard Tail","MawBank","The Courier","Lantern","Sundial","Pantograph"],"acts_visited":["Hallownest:Greenpath","Hallownest:CityofTears","Hallownest:KingdomsEdge","TheEnding"],"potions_floor_usage":[55,55],"damage_taken":[{"damage":0.0,"enemies":"Hallownest:2_Tiktiks_and_1_Crawlid","floor":1.0,"turns":2.0},{"damage":0.0,"enemies":"Hallownest:monsterHuskGuard","floor":5.0,"turns":1.0},{"damage":0.0,"enemies":"Hallownest:eliteCrystalGuardian","floor":7.0,"turns":1.0},{"damage":11.0,"enemies":"Hallownest:eliteVengeflyKing","floor":11.0,"turns":11.0},{"damage":0.0,"enemies":"2_ Uuma","floor":12.0,"turns":4.0},{"damage":13.0,"enemies":"Hallownest:eliteMossKnight","floor":13.0,"turns":7.0},{"damage":18.0,"enemies":"Hallownest:BossHornet","floor":16.0,"turns":9.0},{"damage":5.0,"enemies":"Hallownest:2_Mistakes","floor":18.0,"turns":7.0},{"damage":13.0,"enemies":"Hallownest:eliteWatcherKnight","floor":23.0,"turns":15.0},{"damage":6.0,"enemies":"Hallownest:3_Youths","floor":28.0,"turns":5.0},{"damage":0.0,"enemies":"Hallownest:Glutton_and_Coward","floor":29.0,"turns":4.0},{"damage":29.0,"enemies":"Hallownest:BossMantisLord","floor":33.0,"turns":7.0},{"damage":3.0,"enemies":"Hallownest:Shield_Heavy","floor":35.0,"turns":7.0},{"damage":26.0,"enemies":"Hallownest:3_Siblings","floor":36.0,"turns":9.0},{"damage":17.0,"enemies":"Hallownest:3_Siblings","floor":39.0,"turns":7.0},{"damage":0.0,"enemies":"Hallownest:3_Siblings","floor":39.0,"turns":2.0},{"damage":13.0,"enemies":"Hallownest:eliteHiveKnight","floor":40.0,"turns":8.0},{"damage":1.0,"enemies":"Hallownest:Shield_Sturdy","floor":42.0,"turns":6.0},{"damage":4.0,"enemies":"Hallownest:2_Soldiers_and_1_Guardian","floor":45.0,"turns":9.0},{"damage":26.0,"enemies":"Hallownest:Xero_Hu_Marmu","floor":46.0,"turns":9.0},{"damage":6.0,"enemies":"Hallownest:Shield_Sturdy","floor":48.0,"turns":8.0},{"damage":8.0,"enemies":"Hallownest:Radiance","floor":50.0,"turns":10.0},{"damage":18,"enemies":"Shield and Spear","floor":54,"turns":8},{"damage":47,"enemies":"The Heart","floor":55,"turns":10}],"seed_played":"3506440272099041231","potions_obtained":[{"floor":5.0,"key":"LiquidBronze"},{"floor":7.0,"key":"EssenceOfSteel"},{"floor":12.0,"key":"Strength Potion"},{"floor":23.0,"key":"SkillPotion"},{"floor":36.0,"key":"DuplicationPotion"},{"floor":42.0,"key":"LiquidMemories"},{"floor":48.0,"key":"Slimebound:ThreeZeroPotion"}],"is_trial":false,"path_per_floor":["M","?","?","?","M","R","E","R","T","$","E","M","E","?","R","B",null,"M","?","?","?","$","E","R","$","T","R","M","M","?","T","R","B",null,"M","M","?","?","?","E","R","M","T","R","M","M","R","M","R","B",null,"R","$","E","B",null],"character_chosen":"REIMU","items_purchased":["SkyOrb:ReiMu","InherentArray:ReiMu","Lantern","MountainWay:ReiMu","Panacea","Sundial"],"campfire_rested":4,"item_purchase_floors":[10,25,53,53,53,53],"current_hp_per_floor":[65,65,37,28,30,30,32,32,32,32,23,25,14,14,33,17,65,60,60,60,60,60,49,49,49,49,49,45,47,42,42,42,15,65,62,38,38,38,25,14,33,34,34,53,51,27,46,42,42,36,65,65,65,47,18],"gold":37,"neow_bonus":"THREE_ENEMY_KILL","is_daily":false,"chose_seed":false,"campfire_upgraded":6,"win_rate":0.0,"timestamp":1612029382,"path_taken":["M","?","?","?","M","R","E","R","T","$","E","M","E","?","R","BOSS","M","?","?","?","$","E","R","?","T","R","M","?","?","?","R","BOSS","M","M","?","?","?","E","R","?","T","R","M","M","R","?","R","BOSS","R","$","E","BOSS"],"items_purchased_type":["Relic","Card","Relic","Card","Card","Relic"],"build_version":"2020-12-18","purchased_purges":1,"victory":true,"max_hp_per_floor":[65,65,65,65,65,65,65,65,65,65,65,65,65,65,65,65,65,65,65,65,65,65,65,65,65,65,65,65,65,65,65,65,65,65,65,65,65,65,65,65,65,65,65,65,65,65,65,65,65,65,65,65,65,65,65],"relic_stats":{"counters":[24,164],"Blue Candle":[11],"War Paint":["Amulet:ReiMu","LovePray:ReiMu"],"MawBank":156,"Blood Vial":38,"Dream Catcher":3,"Lizard Tail":0,"Busted Crown":34,"Shuriken":[54],"Sundial":[4],"Pantograph":18,"Art of War":[15],"obtain_stats":[{"Hallownest:StagBellRelic1":19,"Lantern":53,"NeowsBlessing":0,"Blue Candle":30,"Tea:ReiMu":31,"The Courier":43,"Hallownest:DreamNailRelic":2,"Bow_fan:ReiMu":13,"War Paint":34,"Ancient Tea Set":26,"MawBank":40,"Blood Vial":3,"Calling Bell":34,"Dream Catcher":23,"Lizard Tail":34,"HornCleat":11,"Busted Crown":17,"Shuriken":3,"Sundial":53,"Pantograph":54,"Art of War":7,"SkyOrb:ReiMu":10,"FlyPower:ReiMu":0,"InkBottle":34},{"Hallownest:StagBellRelic1":8,"Lantern":22,"NeowsBlessing":0,"Blue Candle":11,"Tea:ReiMu":11,"The Courier":18,"Hallownest:DreamNailRelic":1,"Bow_fan:ReiMu":6,"War Paint":12,"Ancient Tea Set":9,"MawBank":17,"Blood Vial":1,"Calling Bell":12,"Dream Catcher":9,"Lizard Tail":12,"HornCleat":4,"Busted Crown":7,"Shuriken":1,"Sundial":22,"Pantograph":23,"Art of War":3,"SkyOrb:ReiMu":3,"FlyPower:ReiMu":0,"InkBottle":12},{"Hallownest:StagBellRelic1":42,"Lantern":146,"NeowsBlessing":0,"Blue Candle":66,"Tea:ReiMu":66,"The Courier":110,"Hallownest:DreamNailRelic":2,"Bow_fan:ReiMu":26,"War Paint":73,"Ancient Tea Set":57,"MawBank":105,"Blood Vial":2,"Calling Bell":73,"Dream Catcher":57,"Lizard Tail":73,"HornCleat":15,"Busted Crown":35,"Shuriken":2,"Sundial":146,"Pantograph":154,"Art of War":4,"SkyOrb:ReiMu":4,"FlyPower:ReiMu":0,"InkBottle":73}],"InkBottle":[61]},"card_choices":[{"not_picked":["Enchanting:ReiMu","MountainWay:ReiMu"],"picked":"Meditation:ReiMu","floor":1.0},{"not_picked":["SpiritualOutbreak2:ReiMu","PassingAway:ReiMu"],"picked":"OctopathBindingBorder2:ReiMu","floor":5.0},{"not_picked":["CollectionFlower2:ReiMu","UniversalSpiritual:ReiMu"],"picked":"Amulet:ReiMu","floor":7.0},{"not_picked":["FineLineFantasy:ReiMu","KamiSacrifice:ReiMu"],"picked":"Meditation:ReiMu","floor":11.0},{"not_picked":["EmergencyTakeOff:ReiMu","Amulet:ReiMu"],"picked":"OrbThrow:ReiMu","floor":12.0},{"not_picked":["Enchanting:ReiMu","AirStrike:ReiMu"],"picked":"WonderfulDomain:ReiMu","floor":13.0},{"not_picked":["CardOfSanctity:ReiMu","Determination:ReiMu"],"picked":"BlastKick2:ReiMu","floor":16.0},{"not_picked":[],"picked":"LovePray:ReiMu","floor":18.0},{"not_picked":[],"picked":"KyokaiOfKami:ReiMu","floor":21.0},{"not_picked":[],"picked":"MikOfLucky:ReiMu+1","floor":23.0},{"not_picked":["UniversalSpiritual:ReiMu+1"],"picked":"SKIP","floor":28.0},{"not_picked":["WonderfulDomain:ReiMu+1"],"picked":"SKIP","floor":29.0},{"not_picked":[],"picked":"Authority:ReiMu","floor":33.0},{"not_picked":[],"picked":"SpringWay:ReiMu","floor":35.0},{"not_picked":[],"picked":"Mountainwind:ReiMu+1","floor":36.0},{"not_picked":["AirStrike:ReiMu"],"picked":"SKIP","floor":40.0},{"not_picked":[],"picked":"SafetyPray:ReiMu+1","floor":41.0},{"not_picked":["TightArray:ReiMu"],"picked":"SKIP","floor":42.0},{"not_picked":["Meditation:ReiMu+1"],"picked":"SKIP","floor":45.0},{"not_picked":["CollectionFlower2:ReiMu+1"],"picked":"SKIP","floor":46.0},{"not_picked":[],"picked":"SealNeedle:ReiMu+1","floor":48.0},{"not_picked":["Intuition:ReiMu+1"],"picked":"SKIP","floor":54}],"player_experience":297417,"relics_obtained":[{"floor":7.0,"key":"Art of War"},{"floor":11.0,"key":"HornCleat"},{"floor":13.0,"key":"Bow_fan:ReiMu"},{"floor":23.0,"key":"Dream Catcher"},{"floor":26.0,"key":"Ancient Tea Set"},{"floor":31.0,"key":"Tea:ReiMu"},{"floor":34.0,"key":"War Paint"},{"floor":34.0,"key":"InkBottle"},{"floor":34.0,"key":"Lizard Tail"},{"floor":40.0,"key":"MawBank"},{"floor":43.0,"key":"The Courier"},{"floor":54,"key":"Pantograph"}],"event_choices":[],"is_beta":true,"boss_relics":[{"not_picked":["Runic Pyramid","bronze:MakeshiftBattery"],"picked":"Busted Crown"},{"not_picked":["Snecko Eye","Philosopher\u0027s Stone"],"picked":"Calling Bell"}],"items_purged_floors":[53],"is_endless":false,"potions_floor_spawned":[5,7,12,23,36,39,42,48,54],"ascension_level":0}}