{"host":"jpzdg3po3tjxdjri","time":1612045035,"event":{"mods":["BaseMod","Better Third Choice","Colored Map","Colored Powertips","Minty Spire (QoL Compilation)","StSLib"],"gold_per_floor":[110,129,143,40,40,40,73,73,99,113,139,157,9,44,44,144,144,163,163,11,11,11,41,41,72,72,91,91,110,110,121,121,121,121],"floor_reached":33,"language":"ENG","playtime":1354,"items_purged":["Strike_G"],"score":344,"play_id":"a8d84f96-ee1d-4205-8106-c56bb7d20bac","local_time":"20210130221715","is_ascension_mode":true,"campfire_choices":[{"data":"Dagger Spray","floor":6,"key":"SMITH"},{"data":"Noxious Fumes","floor":8,"key":"SMITH"},{"data":"Glass Knife","floor":15,"key":"SMITH"},{"data":"After Image","floor":24,"key":"SMITH"},{"data":"Catalyst","floor":28,"key":"SMITH"},{"data":"Poisoned Stab","floor":32,"key":"SMITH"}],"circlet_count":0,"master_deck":["Strike_G","Strike_G+1","Strike_G","Strike_G+1","Defend_G","Defend_G","Defend_G","Defend_G","Defend_G","Survivor","Neutralize","Dagger Spray+1","Sucker Punch","Flying Knee","Dagger Throw","Tactician","Noxious Fumes+1","Footwork","Glass Knife+1","Blade Dance","Leg Sweep","After Image+1","Dagger Spray","Catalyst+1","Dagger Spray","Quick Slash+1","Poisoned Stab+1","Poisoned Stab"],"relics":["Ring of the Snake","Smiling Mask","Ancient Tea Set","Juzu Bracelet","Potion Belt","Bag of Marbles","Bird Faced Urn","Busted Crown","Calipers","Mercury Hourglass","The Specimen","Tiny Chest","Enchiridion"],"acts_visited":["Exordium","TheCity"],"potions_floor_usage":[14,14,16,23,25,31,33],"damage_taken":[{"damage":0,"enemies":"2 Louse","floor":1,"turns":3},{"damage":0,"enemies":"Jaw Worm","floor":2,"turns":5},{"damage":0,"enemies":"Small Slimes","floor":3,"turns":2},{"damage":8,"enemies":"Lagavulin","floor":7,"turns":6},{"damage":0,"enemies":"2 Fungi Beasts","floor":10,"turns":2},{"damage":6,"enemies":"Gremlin Nob","floor":11,"turns":4},{"damage":0,"enemies":"Looter","floor":12,"turns":4},{"damage":1,"enemies":"Lagavulin","floor":14,"turns":6},{"damage":16,"enemies":"Hexaghost","floor":16,"turns":8},{"damage":5,"enemies":"3 Byrds","floor":18,"turns":4},{"damage":26,"enemies":"Book of Stabbing","floor":23,"turns":6},{"damage":0,"enemies":"Slavers","floor":25,"turns":1},{"damage":2,"enemies":"Shell Parasite","floor":27,"turns":5},{"damage":6,"enemies":"Snecko","floor":29,"turns":3},{"damage":0,"enemies":"3 Cultists","floor":31,"turns":3},{"damage":51,"enemies":"Collector","floor":33,"turns":5}],"seed_played":"-6643577394234546553","potions_obtained":[{"floor":1,"key":"LiquidMemories"},{"floor":3,"key":"Poison Potion"},{"floor":11,"key":"PowerPotion"},{"floor":16,"key":"SkillPotion"},{"floor":23,"key":"BlessingOfTheForge"},{"floor":27,"key":"CultistPotion"},{"floor":31,"key":"Fruit Juice"}],"is_trial":false,"path_per_floor":["M","M","M","$","?","R","E","R","T","M","E","M","$","E","R","B",null,"M","?","$","?","?","E","R","E","T","M","R","M","?","M","R","B"],"character_chosen":"THE_SILENT","items_purchased":["Dagger Throw","Tactician","Bag of Marbles","Catalyst","Dagger Spray"],"campfire_rested":0,"item_purchase_floors":[4,4,13,20,20],"current_hp_per_floor":[70,70,70,70,56,56,48,48,48,48,42,42,42,41,41,29,70,67,67,67,67,67,44,44,46,46,50,50,48,32,43,43,0,0],"gold":121,"neow_bonus":"RANDOM_COMMON_RELIC","is_daily":false,"chose_seed":false,"campfire_upgraded":6,"win_rate":0.0,"timestamp":1612045035,"path_taken":["M","M","M","$","?","R","E","R","T","M","E","M","$","E","R","BOSS","M","?","$","?","?","E","R","E","T","M","R","M","?","M","R","BOSS"],"items_purchased_type":["Card","Card","Relic","Card","Card"],"build_version":"2020-12-22","purchased_purges":1,"victory":false,"max_hp_per_floor":[70,70,70,70,70,70,70,70,70,70,70,70,70,70,70,70,70,70,70,70,70,70,70,70,70,70,70,70,70,70,75,75,75,75],"card_choices":[{"not_picked":["Acrobatics","Underhanded Strike"],"picked":"Dagger Spray","floor":1},{"not_picked":["Acrobatics","Outmaneuver"],"picked":"Sucker Punch","floor":2},{"not_picked":["All Out Attack","Finisher"],"picked":"Flying Knee","floor":3},{"not_picked":["Deflect","Flying Knee"],"picked":"Noxious Fumes","floor":7},{"not_picked":["Endless Agony","Blade Dance"],"picked":"Footwork","floor":10},{"not_picked":["Catalyst","Masterful Stab"],"picked":"Glass Knife","floor":11},{"not_picked":["Setup","Acrobatics"],"picked":"Blade Dance","floor":12},{"not_picked":["Deflect","Outmaneuver"],"picked":"Leg Sweep","floor":14},{"not_picked":["Doppelganger","Adrenaline"],"picked":"After Image","floor":16},{"not_picked":[],"picked":"Dagger Spray","floor":18},{"not_picked":[],"picked":"Quick Slash+1","floor":23},{"not_picked":["Flying Knee"],"picked":"SKIP","floor":25},{"not_picked":["Endless Agony+1"],"picked":"SKIP","floor":27},{"not_picked":[],"picked":"Poisoned Stab","floor":29},{"not_picked":[],"picked":"Poisoned Stab","floor":31}],"player_experience":876356,"relics_obtained":[{"floor":7,"key":"Ancient Tea Set"},{"floor":9,"key":"Juzu Bracelet"},{"floor":11,"key":"Potion Belt"},{"floor":14,"key":"Bird Faced Urn"},{"floor":23,"key":"Mercury Hourglass"},{"floor":25,"key":"The Specimen"},{"floor":26,"key":"Tiny Chest"},{"floor":30,"key":"Enchiridion"}],"event_choices":[{"damage_healed":70,"gold_gain":0,"player_choice":"Upgrade","damage_taken":14,"max_hp_gain":0,"max_hp_loss":70,"event_name":"betterThird:BetterShining","floor":5,"gold_loss":0,"cards_upgraded":["Strike_G","Strike_G"]},{"damage_healed":0,"gold_gain":0,"player_choice":"Ignored","damage_taken":0,"max_hp_gain":0,"max_hp_loss":0,"event_name":"Vampires","floor":19,"gold_loss":0},{"damage_healed":0,"gold_gain":0,"player_choice":"Opened","damage_taken":0,"relics_obtained":["Calipers"],"max_hp_gain":0,"max_hp_loss":0,"event_name":"The Mausoleum","floor":21,"gold_loss":0,"cards_obtained":["Writhe"]},{"cards_removed":["Writhe"],"damage_healed":0,"gold_gain":0,"player_choice":"Elegance","damage_taken":0,"max_hp_gain":0,"max_hp_loss":0,"event_name":"betterThird:BetterWriting","floor":22,"gold_loss":0},{"damage_healed":0,"gold_gain":0,"player_choice":"Obtained Book","damage_taken":16,"max_hp_gain":0,"max_hp_loss":0,"event_name":"Cursed Tome","floor":30,"gold_loss":0}],"is_beta":false,"boss_relics":[{"not_picked":["Sozu","Runic Dome"],"picked":"Busted Crown"}],"items_purged_floors":[20],"is_endless":false,"potions_floor_spawned":[1,3,11,16,23,27,31],"killed_by":"Collector","ascension_level":1}}