{"host":"idf7jkg8jogr8thm","time":1612049525,"event":{"mods":["AchievementEnabler","BaseMod","Bestiary","Colored Map","Colored Powertips","Minty Spire (QoL Compilation)","StSLib"],"gold_per_floor":[119,119,137,312,322,348,361,394,463,463,463],"floor_reached":10,"language":"ENG","playtime":552,"items_purged":[],"score":82,"play_id":"7ab7b6a7-00df-4dcf-82a6-b1c2e121034b","local_time":"20210130183205","is_ascension_mode":true,"campfire_choices":[],"circlet_count":0,"master_deck":["Strike_B","Strike_B","Strike_B","Strike_B","Defend_B","Defend_B","Defend_B","Defend_B","Zap","Dualcast","Gash","Gash","Doubt","Redo","Meteor Strike","Chaos","Conserve Battery"],"relics":["Cracked Core","NeowsBlessing","Juzu Bracelet","CaptainsWheel","Matryoshka"],"acts_visited":["Exordium"],"potions_floor_usage":[6],"damage_taken":[{"damage":0,"enemies":"Cultist","floor":1,"turns":1},{"damage":0,"enemies":"Small Slimes","floor":3,"turns":1},{"damage":0,"enemies":"2 Louse","floor":5,"turns":1},{"damage":45,"enemies":"Lagavulin","floor":6,"turns":7},{"damage":12,"enemies":"Blue Slaver","floor":7,"turns":3},{"damage":29,"enemies":"Gremlin Nob","floor":8,"turns":4},{"damage":11,"enemies":"3 Sentries","floor":10,"turns":4}],"seed_played":"-8408620223813049653","potions_obtained":[{"floor":3,"key":"Regen Potion"},{"floor":6,"key":"FairyPotion"},{"floor":8,"key":"GamblersBrew"}],"is_trial":false,"path_per_floor":["M","T","M","?","M","E","M","E","T","E"],"character_chosen":"DEFECT","items_purchased":[],"campfire_rested":0,"item_purchase_floors":[],"current_hp_per_floor":[75,75,75,75,75,39,27,22,22,11,11],"gold":463,"neow_bonus":"THREE_ENEMY_KILL","is_daily":false,"chose_seed":false,"campfire_upgraded":0,"win_rate":0.0,"timestamp":1612049525,"path_taken":["M","?","?","?","M","E","M","E","T","E"],"items_purchased_type":[],"build_version":"2020-12-22","purchased_purges":0,"victory":false,"max_hp_per_floor":[75,75,75,75,75,75,75,75,75,75,75],"card_choices":[{"not_picked":["Barrage","Rebound"],"picked":"Gash","floor":1},{"not_picked":["Heatsinks","Coolheaded"],"picked":"Gash","floor":3},{"not_picked":["Genetic Algorithm","Cold Snap"],"picked":"Redo","floor":5},{"not_picked":["Aggregate","Turbo"],"picked":"Meteor Strike","floor":6},{"not_picked":["Consume","Cold Snap"],"picked":"Chaos","floor":7},{"not_picked":["Turbo","Undo"],"picked":"Conserve Battery","floor":8}],"player_experience":81364,"relics_obtained":[{"floor":6,"key":"Juzu Bracelet"},{"floor":8,"key":"CaptainsWheel"},{"floor":9,"key":"Matryoshka"}],"event_choices":[{"damage_healed":0,"gold_gain":175,"player_choice":"AGREE","damage_taken":0,"max_hp_gain":0,"max_hp_loss":0,"event_name":"Liars Game","floor":4,"gold_loss":0,"cards_obtained":["Doubt"]}],"is_beta":false,"boss_relics":[],"items_purged_floors":[],"is_endless":false,"potions_floor_spawned":[3,6,8],"killed_by":"3 Sentries","ascension_level":1}}