{"host":"px2oznrenyeljk7o","time":1612027696,"event":{"mods":["100% Spire Juice","A Penny For Your Troubles","AchievementEnabler","Act Like it!","Arknights","Aspiration","Astrologer","BaseMod","Better Altar","Better Match","Better Note","Better Sensory Stone","Better Skull","Better Third Choice","BetterRewards","ChefMod","Colored Map","Conspire","Curses Come First","Elementarium","Energized Spire","Evolution","Fireblade Mod","Fox Events","Gensokyo","GifTheSpireLib","GungeonMod","Hermit","KinomotoSakuraMod(????)","Koishi","Lobotomy","LobotomyExtend","Luminous","Marisa????????","Menagerie","Minty Spire (QoL Compilation)","Nova Terra(??·??)","Poor People Problems","Potionbrewer","Random Character Button","Rare Cards Sparkle","Reimu??????","Reliquary","Replay The Spire","Robot Space Explorer","Shade Mod","Small Relic Pack","Somnambulant","Spicy Shops","StSLib","Stuff the Spire","The Administrix","The Alterego","The Animator","The Blackbeard","The Blue Laboratory","The Bug Knight","The Clintock","The Construct","The Cursed","The Death Knight","The Disciple","The Florist","The Gatherer","The Hayseed","The Hierophant","The Jungle","The Marked","The Mystic","The Runesmith","The Servant 0.9.4","TheFirefly","TheWitcher","WarShipGirlsR/????R mod","Wide Potions","Yakumo Yukari mod","Yuri Mod","everything is the same but u backflip on backflip","slay the spire mod where everything is the same but ironclad has a cowboy hat","??????REMEMod"],"gold_per_floor":[112,112,112,131,6,6,17,32,55,45,45,45,56,73,73,171,171,171,171,185,209,17,47,58,58,58,85,96,96,111,111,111,206,206,223,123,139,166,166,166],"floor_reached":39,"language":"ENG","playtime":4972,"items_purged":[],"score":436,"play_id":"e7e09f4c-c2dd-4f33-9f8b-f3bc1b721abc","local_time":"20210130182816","is_ascension_mode":false,"campfire_choices":[{"floor":6.0,"key":"REST"},{"floor":12.0,"key":"REST"},{"floor":15.0,"key":"REST"},{"floor":25.0,"key":"REST"},{"floor":29,"key":"REST"},{"floor":32,"key":"REST"}],"circlet_count":0,"master_deck":["DeathKnight:Strike_DeathKnight","DeathKnight:Strike_DeathKnight","DeathKnight:Strike_DeathKnight","DeathKnight:Strike_DeathKnight","DeathKnight:Strike_DeathKnight","DeathKnight:Defend_DeathKnight","DeathKnight:Defend_DeathKnight","DeathKnight:Defend_DeathKnight","DeathKnight:Defend_DeathKnight","DeathKnight:Defend_DeathKnight","DeathKnight:RuneTap","DeathKnight:RuneStrike","animator:Hans","DeathKnight:Runesurge","DeathKnight:HowlingBlast","DeathKnight:IceboundArmor+1","DeathKnight:PlagueStrike","DeathKnight:RunicCorruption+1","DeathKnight:GargoyleSkin+1","DeathKnight:DeathAndDecay","DeathKnight:BoneShield+1","DeathKnight:HornOfWinter+1","DeathKnight:AntiMagicShell+1","DeathKnight:FrostStrike","DeathKnight:SindragosasBreath+1","alterego_mod:Nekomimi","DeathKnight:MutagenicPlague+1","DeathKnight:Hysteria","DeathKnight:PathOfFrost+1","DeathKnight:DarkSuccor+1","DeathKnight:MindFreeze+1","DeathKnight:MarkOfBlood+1","DeathKnight:ShatteringStrikes+1","DeathKnight:UnholyExperiment+1","DeathKnight:AntiMagicShell+1","conspire:SpireCoStock+1","conspire:SpireCoStock+1","DeathKnight:MutagenicPlague+1","DeathKnight:Parry+1"],"relics":["DeathKnight:BrokenRuneblade","EVO:Axolotl","REME_ComplimentaryCards","LetterFromLob","Toxic Egg 2","reliquary:RoseTintedGlasses","SlaversCollar","StuffTheSpire:GrapeVine","StuffTheSpire:OldFever","Molten Egg 2","Toy Ornithopter","relicPack:ShieldShield","DemoMod:GlassGuonStoneRelic"],"acts_visited":["Exordium","TheCity","TheBeyond"],"potions_floor_usage":[34,35,37,38,38,39,39],"damage_taken":[{"damage":3.0,"enemies":"Small Slimes","floor":1.0,"turns":4.0},{"damage":14.0,"enemies":"Jaw Worm","floor":4.0,"turns":4.0},{"damage":8.0,"enemies":"2 Louse","floor":7.0,"turns":3.0},{"damage":0.0,"enemies":"Large Slime","floor":8.0,"turns":8.0},{"damage":3.0,"enemies":"Exordium Wildlife","floor":13.0,"turns":6.0},{"damage":4.0,"enemies":"2 Fungi Beasts","floor":14.0,"turns":3.0},{"damage":31.0,"enemies":"Hexaghost","floor":16.0,"turns":8.0},{"damage":6.0,"enemies":"Chosen","floor":20.0,"turns":6.0},{"damage":20.0,"enemies":"Slavers","floor":23.0,"turns":3.0},{"damage":21.0,"enemies":"Shell Parasite","floor":24.0,"turns":7.0},{"damage":17.0,"enemies":"HollowMod:Nosk","floor":27.0,"turns":7.0},{"damage":17,"enemies":"Snake Plant","floor":28,"turns":6},{"damage":4,"enemies":"Shelled Parasite and Fungi","floor":30,"turns":7},{"damage":7,"enemies":"Automaton","floor":33,"turns":9},{"damage":30,"enemies":"3 Darklings","floor":35,"turns":8},{"damage":22,"enemies":"3 Shapes","floor":37,"turns":6},{"damage":44,"enemies":"Jaw Worm Horde","floor":38,"turns":6},{"damage":17,"enemies":"Spire Growth","floor":39,"turns":4}],"seed_played":"-3407170505149117155","potions_obtained":[{"floor":7.0,"key":"blueLaboratory:PhilterOfMotion"},{"floor":14.0,"key":"Strength Potion"},{"floor":20.0,"key":"Block Potion"},{"floor":23.0,"key":"potionbrewer:DiscountPotion"},{"floor":33,"key":"potionbrewer:BlacksmithPotion"},{"floor":37,"key":"potionbrewer:EndurancePotion"},{"floor":38,"key":"blueLaboratory:CorrosionFlask"}],"is_trial":false,"path_per_floor":["M","?","?","M","$","R","M","M","T","?","?","R","M","M","R","B",null,"M","?","M","T","$","E","M","R","T","E","M","R","M","?","R","B",null,"M","?","M","M","M"],"character_chosen":"DEATH_KNIGHT","items_purchased":["DeathKnight:PlagueStrike","DeathKnight:RunicCorruption+1","StuffTheSpire:GrapeVine","DeathKnight:Hysteria"],"campfire_rested":6,"item_purchase_floors":[5,5,22,22],"current_hp_per_floor":[72,72,72,58,58,75,67,67,67,67,67,75,72,68,75,44,75,75,75,69,69,69,49,28,50,50,33,16,38,34,34,56,49,75,50,50,33,4,0,0],"gold":166,"neow_bonus":"ONE_RANDOM_RARE_CARD","is_daily":false,"chose_seed":false,"campfire_upgraded":0,"win_rate":0.0,"timestamp":1612027696,"path_taken":["M","?","?","M","$","R","M","M","T","?","?","R","?","M","R","BOSS","M","?","M","?","$","E","M","R","T","E","M","R","?","?","R","BOSS","M","?","M","M","M"],"items_purchased_type":["Card","Card","Relic","Card"],"build_version":"2020-12-22","purchased_purges":0,"victory":false,"max_hp_per_floor":[75,75,75,75,75,75,75,75,75,75,75,75,75,75,75,75,75,75,75,75,75,75,75,75,75,75,75,75,75,75,75,75,75,75,75,75,75,75,75,75],"card_choices":[{"not_picked":["DeathKnight:BloodTap","DeathKnight:RunicCorruption"],"picked":"DeathKnight:HowlingBlast","floor":1.0},{"not_picked":["DeathKnight:UnholyPresence","DeathKnight:PillarOfFrost+1"],"picked":"DeathKnight:IceboundArmor+1","floor":4.0},{"not_picked":["DeathKnight:DeathRune+1","DeathKnight:FrosPresence"],"picked":"DeathKnight:GargoyleSkin+1","floor":7.0},{"not_picked":["DeathKnight:HartStrike","DeathKnight:RunicCorruption+1"],"picked":"DeathKnight:DeathAndDecay","floor":8.0},{"not_picked":[],"picked":"DeathKnight:BoneShield","floor":10.0},{"not_picked":[],"picked":"DeathKnight:HornOfWinter","floor":10.0},{"not_picked":["DeathKnight:RunicCorruption+1","DeathKnight:PlagueStrike"],"picked":"DeathKnight:AntiMagicShell+1","floor":13.0},{"not_picked":["DeathKnight:DeathGrip+1","DeathKnight:Pestilence+1"],"picked":"DeathKnight:FrostStrike","floor":14.0},{"not_picked":["DeathKnight:VampiricBlood","DeathKnight:Defile"],"picked":"DeathKnight:SindragosasBreath","floor":16.0},{"not_picked":["DeathKnight:HartStrike","DeathKnight:ChainsOfIce+1"],"picked":"DeathKnight:MutagenicPlague+1","floor":20.0},{"not_picked":["DeathKnight:Pestilence+1","DeathKnight:BloodEchoes+1"],"picked":"DeathKnight:PathOfFrost+1","floor":23.0},{"not_picked":["DeathKnight:Marrowrend","DeathKnight:Hysteria"],"picked":"DeathKnight:DarkSuccor+1","floor":24.0},{"not_picked":["DeathKnight:Culling+1","DeathKnight:BloodStrike+1"],"picked":"DeathKnight:MindFreeze+1","floor":27},{"not_picked":["DeathKnight:FrosPresence","DeathKnight:BludPresence"],"picked":"DeathKnight:MarkOfBlood+1","floor":28},{"not_picked":["DeathKnight:BloodPact","DeathKnight:IceboundArmor+1"],"picked":"DeathKnight:ShatteringStrikes+1","floor":30},{"not_picked":["DeathKnight:SindragosasBreath+1","DeathKnight:Outbreak+1"],"picked":"DeathKnight:UnholyExperiment+1","floor":33},{"not_picked":["DeathKnight:HowlingBlast+1","DeathKnight:BloodStrike+1"],"picked":"DeathKnight:AntiMagicShell+1","floor":35},{"not_picked":["DeathKnight:FrostStrike+1","DeathKnight:ShatteringStrikes+1"],"picked":"DeathKnight:MutagenicPlague+1","floor":37},{"not_picked":["DeathKnight:FoulBulwark+1","DeathKnight:HornOfWinter+1"],"picked":"DeathKnight:Parry+1","floor":38}],"player_experience":565220,"relics_obtained":[{"floor":1.0,"key":"LetterFromLob"},{"floor":9.0,"key":"reliquary:RoseTintedGlasses"},{"floor":23.0,"key":"StuffTheSpire:OldFever"},{"floor":26.0,"key":"Molten Egg 2"},{"floor":27,"key":"Toy Ornithopter"}],"event_choices":[{"cards_removed":["Injury"],"damage_healed":0.0,"max_hp_gain":0.0,"max_hp_loss":0.0,"gold_gain":0.0,"event_name":"Purifier","player_choice":"Purged","floor":11.0,"gold_loss":0.0,"damage_taken":0.0},{"cards_removed":["DeathKnight:BoneShield"],"damage_healed":0.0,"max_hp_gain":0.0,"max_hp_loss":0.0,"gold_gain":0.0,"event_name":"betterNote:BetterNote","player_choice":"Take \u0026 Give","floor":19.0,"gold_loss":0.0,"damage_taken":0.0,"cards_obtained":["alterego_mod:Nekomimi"]},{"damage_healed":0,"gold_gain":0,"player_choice":"Invest 2","damage_taken":0,"max_hp_gain":0,"max_hp_loss":0,"event_name":"conspire:Investor","floor":36,"gold_loss":0}],"is_beta":false,"boss_relics":[{"not_picked":["reliquary:WritOfMandamus","Runic Pyramid"],"picked":"SlaversCollar"},{"not_picked":["Philosopher\u0027s Stone","Cursed Key"],"picked":"relicPack:ShieldShield"}],"items_purged_floors":[],"is_endless":false,"potions_floor_spawned":[7,14,20,23,33,37,38],"killed_by":"Spire Growth","ascension_level":0}}