{"host":"7jl4uf745pjtflnx","time":1612050463,"event":{"mods":["BaseMod","BetterRewards","Hubris","Minty Spire (QoL Compilation)","Replay The Spire","StSLib","SuperFastMode","The Construct"],"gold_per_floor":[118,132,146,161,179,212,212,241,241,241,241,271,271,288,288,322,322,395,395,405,417,429,448,473,513,525,566,604,626,654,676,713,412,412,484,484,503,518,530,548,564,564,564,564,576,604,604,631,631,641,510,520,520,520,520,520,520,208,243,243],"floor_reached":61,"language":"ENG","playtime":2649,"items_purged":["Strike_B","Strike_B","Strike_B","Strike_B","Ball Lightning+1"],"score":3564,"play_id":"a7136b92-ca9d-4466-9e32-0c94ae4c7835","local_time":"20210130184743","is_ascension_mode":true,"campfire_choices":[{"data":"Storm","floor":7,"key":"SMITH"},{"data":"Capacitor","floor":13,"key":"SMITH"},{"floor":15,"key":"REST"},{"data":"Consume","floor":17,"key":"SMITH"},{"floor":26,"key":"REST"},{"data":"Defragment","floor":34,"key":"SMITH"},{"floor":42,"key":"RECALL"},{"data":"Chill","floor":49,"key":"SMITH"},{"data":"hubris:PowerSurge","floor":53,"key":"SMITH"},{"data":"Loop","floor":57,"key":"SMITH"}],"circlet_count":0,"master_deck":["AscendersBane","Defend_B","Defend_B","Defend_B","Defend_B","Zap","Dualcast","Panache+1","Loop+1","Cold Snap+1","Apotheosis+1","Cold Snap+1","Mirror Shield","Mayhem","Barrage","Coolheaded","Capacitor+1","Coolheaded","Heatsinks","Loop","Crystallizer","Storm+1","hubris:PowerSurge+1","Consume+1","Heatsinks","ReplayRNGCard","Seek","Barrage+1","Defragment+1","Panacea","Buffer","Lockon+1","Chill+1","Seek","BootSequence+1","ReplayTheSpireMod:Calculation Training","Self Repair","Loop"],"relics":["Cracked Core","Lee\u0027s Waffle","hubris:SoftwareUpdate","Orichalcum","Guide Book","Replay:Bottled Eggs","Orrery","Membership Card","Omamori","ClockworkSouvenir","Lantern","Molten Egg 2","Anchor","Replay:Rubber Ducky","hubris:Backtick","Runic Capacitor","MawBank","Ginger","Art of War","Replay:Baseball","construct:FoamFinger","Mango","Coffee Dripper","Prayer Wheel","Torii","Shuriken","Eternal Feather","TheAbacus","Oddly Smooth Stone","ReplayTheSpireMod:Lightbulb","hubris:BottledRain"],"acts_visited":["Exordium","TheCity","TheBeyond","TheEnding"],"potions_floor_usage":[22,22,25,32,32,35,60,60],"damage_taken":[{"damage":0,"enemies":"Cultist","floor":1,"turns":3},{"damage":0,"enemies":"Small Slimes","floor":2,"turns":4},{"damage":4,"enemies":"Jaw Worm","floor":3,"turns":2},{"damage":8,"enemies":"Exordium Wildlife","floor":4,"turns":4},{"damage":18,"enemies":"3 Louse","floor":5,"turns":4},{"damage":9,"enemies":"Gremlin Nob","floor":6,"turns":3},{"damage":0,"enemies":"Replay:BlueRogue","floor":8,"turns":3},{"damage":5,"enemies":"Lagavulin","floor":12,"turns":4},{"damage":0,"enemies":"2 Fungi Beasts","floor":14,"turns":3},{"damage":6,"enemies":"Gremlin Nob","floor":16,"turns":4},{"damage":0,"enemies":"The Guardian","floor":18,"turns":6},{"damage":0,"enemies":"3 Byrds","floor":20,"turns":3},{"damage":0,"enemies":"Spheric Guardian","floor":21,"turns":3},{"damage":15,"enemies":"3 Cultists","floor":22,"turns":4},{"damage":0,"enemies":"Sentry and Sphere","floor":23,"turns":3},{"damage":16,"enemies":"Slavers","floor":25,"turns":4},{"damage":0,"enemies":"Replay:Snechameleon","floor":27,"turns":4},{"damage":2,"enemies":"Cultist and Chosen","floor":29,"turns":4},{"damage":0,"enemies":"Centurion and Healer","floor":30,"turns":3},{"damage":0,"enemies":"Chosen and Byrds","floor":31,"turns":3},{"damage":0,"enemies":"Book of Stabbing","floor":32,"turns":3},{"damage":0,"enemies":"Collector","floor":35,"turns":5},{"damage":0,"enemies":"Orb Walker","floor":37,"turns":3},{"damage":0,"enemies":"3 Shapes","floor":38,"turns":3},{"damage":0,"enemies":"Transient","floor":39,"turns":6},{"damage":20,"enemies":"Jaw Worm Horde","floor":40,"turns":3},{"damage":0,"enemies":"Writhing Mass","floor":41,"turns":3},{"damage":0,"enemies":"3 Darklings","floor":45,"turns":3},{"damage":0,"enemies":"Nemesis","floor":46,"turns":5},{"damage":0,"enemies":"Reptomancer","floor":48,"turns":4},{"damage":0,"enemies":"Spire Growth","floor":50,"turns":3},{"damage":0,"enemies":"Writhing Mass","floor":52,"turns":4},{"damage":7,"enemies":"Replay:Hell Engine","floor":54,"turns":7},{"damage":0,"enemies":"Time Eater","floor":55,"turns":6},{"damage":11,"enemies":"Shield and Spear","floor":59,"turns":5},{"damage":23,"enemies":"The Heart","floor":60,"turns":6}],"seed_played":"4028028955977723431","potions_obtained":[{"floor":2,"key":"SteroidPotion"},{"floor":6,"key":"Energy Potion"},{"floor":23,"key":"AttackPotion"},{"floor":27,"key":"ColorlessPotion"},{"floor":29,"key":"Weak Potion"},{"floor":30,"key":"SkillPotion"},{"floor":35,"key":"PowerPotion"}],"is_trial":false,"path_per_floor":["M","M","M","M","M","E","R","E","PTL","PTL","T","E","R","M","R","E","R","B",null,"M","M","M","M","T","E","R","E","T","M","M","M","E","$","R","B",null,"M","M","M","M","M","R","PTL","PTL","M","E","T","E","R","M","$","M","R","B","B",null,"R","$","E","B",null],"character_chosen":"DEFECT","items_purchased":["Panache","Loop","Lee\u0027s Waffle","Cold Snap","Apotheosis","Cold Snap","Mirror Shield","hubris:SoftwareUpdate","Orichalcum","Guide Book","Replay:Bottled Eggs","Mayhem","Orrery","Membership Card","Capacitor","Coolheaded","Omamori","FocusPotion","Heatsinks","ClockworkSouvenir","Defragment","Panacea","Mango","AttackPotion","Weak Potion","Self Repair","Loop","TheAbacus","Oddly Smooth Stone","ReplayTheSpireMod:Lightbulb"],"campfire_rested":2,"item_purchase_floors":[0,0,0,0,0,0,0,0,0,0,0,0,0,0,0,0,0,0,0,0,33,33,33,33,33,51,58,58,58,58],"current_hp_per_floor":[78,78,74,66,48,39,39,39,39,39,39,34,34,34,57,51,51,51,71,71,71,56,56,56,40,63,63,63,61,61,61,61,75,75,75,88,88,88,88,68,68,68,68,68,68,68,68,68,89,89,89,92,92,92,92,92,92,92,81,68],"gold":243,"neow_bonus":"","is_daily":false,"chose_seed":false,"campfire_upgraded":7,"win_rate":0.0,"timestamp":1612050463,"path_taken":["M","M","?","M","M","E","R","E","PTL","PTL","T","E","R","M","R","E","R","BOSS","M","M","?","M","?","E","R","E","T","M","M","M","E","$","R","BOSS","M","?","M","M","?","R","PTL","PTL","M","E","T","E","R","M","$","M","R","BOSS","BOSS","R","$","E","BOSS"],"items_purchased_type":["Card","Card","Relic","Card","Card","Card","Card","Relic","Relic","Relic","Relic","Card","Relic","Relic","Card","Card","Relic","Potion","Card","Relic","Card","Card","Relic","Potion","Potion","Card","Card","Relic","Relic","Relic"],"build_version":"2020-12-22","purchased_purges":5,"victory":true,"max_hp_per_floor":[78,78,78,78,78,78,78,78,78,78,78,78,78,78,78,78,78,78,78,78,78,78,78,78,78,78,78,78,78,78,78,78,92,92,92,92,92,92,92,92,92,92,92,92,92,92,92,92,92,92,92,92,92,92,92,92,92,92,92,92],"card_choices":[{"not_picked":["Redo","Sunder"],"picked":"Barrage","floor":0},{"not_picked":["hubris:Ukulele","Rainbow"],"picked":"Coolheaded","floor":0},{"not_picked":["Barrage","Ball Lightning"],"picked":"Loop","floor":1},{"not_picked":["FIFO Queue","Stack"],"picked":"Crystallizer","floor":2},{"not_picked":["Go for the Eyes","Auto Shields"],"picked":"Storm","floor":3},{"not_picked":["Buffer","ReplayTheSpireMod:Repulse"],"picked":"hubris:PowerSurge","floor":4},{"not_picked":["Rip and Tear","Conserve Battery"],"picked":"Consume","floor":5},{"not_picked":["Redo","Compile Driver"],"picked":"Heatsinks","floor":6},{"not_picked":["Go for the Eyes+1","Panic Button","Turbo"],"picked":"SKIP","floor":8},{"not_picked":["Panic Button","Coolheaded"],"picked":"ReplayRNGCard","floor":12},{"not_picked":["Heatsinks","Steam Power","ReplayTheSpireMod:Reroute Power"],"picked":"SKIP","floor":14},{"not_picked":["Gash+1","Compile Driver+1","Streamline+1"],"picked":"SKIP","floor":16},{"not_picked":["Fission","Multi-Cast"],"picked":"Seek","floor":18},{"not_picked":["Cold Snap+1","Hologram"],"picked":"Ball Lightning+1","floor":20},{"not_picked":["Ball Lightning+1","Stack","Sunder+1"],"picked":"SKIP","floor":21},{"not_picked":["BasicCrystalCard","Streamline+1"],"picked":"Barrage+1","floor":22},{"not_picked":["Tempest","Reinforced Body","Crystallizer+1"],"picked":"SKIP","floor":23},{"not_picked":["Redo","Cold Snap+1","Rebound+1"],"picked":"SKIP","floor":25},{"not_picked":["Ball Lightning+1","Auto Shields","Blizzard+1"],"picked":"SKIP","floor":27},{"not_picked":["Compile Driver+1","Crystallizer","Gash+1"],"picked":"SKIP","floor":29},{"not_picked":["Sweeping Beam+1","Beam Cell+1","Sunder+1"],"picked":"SKIP","floor":30},{"not_picked":["Mirror Shield","Redo","Rebound+1"],"picked":"SKIP","floor":31},{"not_picked":["Conserve Battery","Go for the Eyes+1","Coolheaded"],"picked":"SKIP","floor":32},{"not_picked":["hubris:DoWhile","ReplayRNGCard"],"picked":"Buffer","floor":35},{"not_picked":["Conserve Battery","Rebound+1","Redo"],"picked":"SKIP","floor":37},{"not_picked":["Turbo","Coolheaded","Fission"],"picked":"SKIP","floor":38},{"not_picked":["Stack","Cold Snap+1"],"picked":"Lockon+1","floor":39},{"not_picked":["Cold Snap+1","Compile Driver+1","Hologram"],"picked":"SKIP","floor":40},{"not_picked":["Go for the Eyes+1","Coolheaded"],"picked":"ReplayTheSpireMod:Fabricate Wheel","floor":41},{"not_picked":["BasicCrystalCard","Rip and Tear+1"],"picked":"Chill","floor":45},{"not_picked":["Stack+1","Beam Cell+1"],"picked":"BootSequence+1","floor":46},{"not_picked":["Gash+1","Time Bomb+1","Scrape+1"],"picked":"SKIP","floor":48},{"not_picked":["Coolheaded","Leap"],"picked":"ReplayTheSpireMod:Calculation Training","floor":50},{"not_picked":["Melter+1","Lockon+1","Rainbow"],"picked":"SKIP","floor":50},{"not_picked":["Cold Snap+1","Stack","Compile Driver+1"],"picked":"SKIP","floor":52},{"not_picked":["ReplayGash+1","Beam Cell+1","Cold Snap+1"],"picked":"SKIP","floor":52},{"not_picked":["BasicCrystalCard","Compile Driver+1","ReplayTheSpireMod:Fabricate Wheel"],"picked":"SKIP","floor":59}],"player_experience":746060,"relics_obtained":[{"floor":6,"key":"Lantern"},{"floor":8,"key":"Molten Egg 2"},{"floor":12,"key":"Anchor"},{"floor":16,"key":"Replay:Rubber Ducky"},{"floor":24,"key":"MawBank"},{"floor":25,"key":"Ginger"},{"floor":27,"key":"Art of War"},{"floor":28,"key":"Replay:Baseball"},{"floor":32,"key":"construct:FoamFinger"},{"floor":46,"key":"Torii"},{"floor":47,"key":"Shuriken"},{"floor":48,"key":"Eternal Feather"},{"floor":59,"key":"hubris:BottledRain"}],"event_choices":[],"is_beta":false,"boss_relics":[{"not_picked":["Cursed Key","hubris:GrandSneckoEye"],"picked":"hubris:Backtick"},{"not_picked":["Velvet Choker","Kintsugi"],"picked":"Coffee Dripper"}],"items_purged_floors":[0,0,0,0,51],"is_endless":false,"potions_floor_spawned":[1,2,5,6,16,23,27,29,30,35,37,38,41,50,52],"ascension_level":20}}