{"host":"fzjk61lpi4bwj033","time":1612043729,"event":{"mods":["Ascension Unlocker","BaseMod","Conspire","Downfall","Hermit","Hubris","Infinite Spire","Jorbs\u0027s Wanderer Trilogy","Minty Spire (QoL Compilation)","Rare Cards Sparkle","Replay The Spire","StSLib","The Jungle"],"gold_per_floor":[99,109,123,133,17,31,31,31,55,80,105,131,131,160,174,246,246,246,266,266,278,79,114,137,137,152,165,191,202,2,2,19,104,116,128,153,175,198,210,241,253,487,519,530,557,557,586,244,259,330],"floor_reached":51,"language":"ENG","playtime":3355,"items_purged":[],"score":1498,"play_id":"49de07eb-b061-4745-b330-fcd6cbea32dd","local_time":"20210130155529","daily_mods":["Draft","Vintage","Allstar","Heirloom","Elite Swarm"],"is_ascension_mode":true,"campfire_choices":[{"data":"bronze:BronzeOrb","floor":1,"key":"SMITH"},{"data":"Replay:SS_forest_2","floor":8,"key":"SMITH"},{"data":"Pot Of Greed","floor":13,"key":"SMITH"},{"data":"bronze:BuggyMess","floor":18,"key":"SMITH"},{"floor":30,"key":"REST"},{"data":"Amplify","floor":35,"key":"SMITH"}],"circlet_count":0,"master_deck":["AscendersBane","bronze:BronzeOrb+1","bronze:WhirlingStrike","bronze:DigitalCarnage","bronze:Shield","bronze:ChosenStrike+1","bronze:Repair","bronze:ForceShield","bronze:FineTuning","bronze:CutThrough","bronze:Overheat+1","bronze:Branch","bronze:Frontload","bronze:GetLatest","bronze:Turbo","bronze:BuggyMess+1","bronze:Optimize","Replay:SS_forest_2+1","bronze:Assembly","bronze:OilSpill","bronze:Format","Pot Of Greed","Pot Of Greed+1","bronze:Mutator","bronze:CleanCode","expansioncontent:DashGenerateEvil+1","Pot Of Greed","bronze:Verify+1","Amplify+1","infinitespire:Starlight","expansioncontent:InvincibleStrength","Machine Learning","expansioncontent:QuickStudy","Core Surge"],"relics":["bronze:PlatinumCore","champ:DuelingGlove","Art of War","infinitespire:Eraser","Whetstone","Replay:Wax Seal","bronze:SilverBullet","Bag of Marbles","Odd Mushroom","Grinning Jar","Bottled Lightning","Pen Nib","conspire:TopHat","hubris:SlimyHat","Letter Opener","Dream Catcher","theJungle:WildPear","Nunchaku","Onion Ring","hubris:DisguiseKit","bronze:CableSpool","downfall:HeartBlessingGreen","downfall:HeartBlessingBlue","MawBank","Replay:Grab Bag","Replay:Fungal Core","Painkiller Herb","SacredBark","Oddly Smooth Stone","Snack Pack","Pondfish Scales","ReplayTheSpireMod:EnergyBall","Toy Ornithopter","bronze:BronzeIdol","Thread and Needle","Gremlin Food","Replay:Bottled Snecko","Quantum Egg"],"acts_visited":["Exordium","Exordium","TheBeyond"],"potions_floor_usage":[16,27,33,38,44,50],"damage_taken":[{"damage":0,"enemies":"Cultist","floor":2,"turns":3},{"damage":0,"enemies":"Small Slimes","floor":3,"turns":1},{"damage":0,"enemies":"Jaw Worm","floor":4,"turns":1},{"damage":0,"enemies":"downfall:FleeingMerchant","floor":5,"turns":4},{"damage":0,"enemies":"Exordium Wildlife","floor":6,"turns":2},{"damage":8,"enemies":"Lagavulin","floor":10,"turns":4},{"damage":0,"enemies":"The Mushroom Lair","floor":11,"turns":1},{"damage":0,"enemies":"Gremlin Nob","floor":12,"turns":2},{"damage":0,"enemies":"Lagavulin","floor":14,"turns":3},{"damage":0,"enemies":"3 Louse","floor":15,"turns":1},{"damage":38,"enemies":"WA_ARCHETYPE_RETAIN","floor":16,"turns":6},{"damage":0,"enemies":"theJungle:MUSHROOMGANG","floor":19,"turns":4},{"damage":0,"enemies":"theJungle:Flameango_and_Byrd","floor":21,"turns":2},{"damage":0,"enemies":"downfall:FleeingMerchant","floor":22,"turns":4},{"damage":21,"enemies":"Nightmare","floor":23,"turns":5},{"damage":0,"enemies":"theJungle:Lyon","floor":26,"turns":1},{"damage":7,"enemies":"theJungle:JungleHuntersEncounter","floor":27,"turns":3},{"damage":0,"enemies":"theJungle:Cassacara","floor":28,"turns":2},{"damage":0,"enemies":"Snake Plant","floor":29,"turns":1},{"damage":0,"enemies":"theJungle:Lyon","floor":32,"turns":1},{"damage":17,"enemies":"IC_MUSHROOM_ARCHETYPE","floor":33,"turns":6},{"damage":0,"enemies":"3 Darklings","floor":36,"turns":2},{"damage":6,"enemies":"3 Shapes","floor":37,"turns":3},{"damage":33,"enemies":"Sphere and 2 Shapes","floor":38,"turns":4},{"damage":18,"enemies":"3 Darklings","floor":40,"turns":4},{"damage":0,"enemies":"downfall:FleeingMerchant","floor":42,"turns":1},{"damage":1,"enemies":"R_Hoarder","floor":43,"turns":8},{"damage":31,"enemies":"Transient","floor":44,"turns":6},{"damage":0,"enemies":"Reptomancer","floor":45,"turns":2},{"damage":10,"enemies":"R_Hoarder","floor":47,"turns":7},{"damage":0,"enemies":"Jaw Worm Horde","floor":49,"turns":3},{"damage":46,"enemies":"SI_POISON_ARCHETYPE","floor":50,"turns":11}],"seed_played":"-4739053235357138281","potions_obtained":[{"floor":2,"key":"SneckoOil"},{"floor":4,"key":"Elixir"},{"floor":15,"key":"Flashbang"},{"floor":16,"key":"Explosive Potion"},{"floor":28,"key":"Adrenaline Potion"},{"floor":33,"key":"Weak Potion"},{"floor":40,"key":"Dexterity Potion"},{"floor":47,"key":"Elixir"},{"floor":49,"key":"bronze:FreeFunctionsPotion"}],"is_trial":true,"path_per_floor":["R","M","M","M","$","M","T","R","T","E","?","E","R","E","M","B",null,"R","M","?","M","$","NM","T","?","M","M","E","M","R","?","M","B",null,"T","?","?","?","AVR","?","T","T","E","?","E","?","E","T","?","B",null],"character_chosen":"THE_AUTOMATON","items_purchased":["Replay:SS_forest_2","expansioncontent:DashGenerateEvil+1","expansioncontent:InvincibleStrength","infinitespire:BlackPotion","expansioncontent:QuickStudy"],"campfire_rested":1,"item_purchase_floors":[5,22,42,48,48],"current_hp_per_floor":[57,57,57,57,57,57,57,57,57,55,55,55,55,62,63,25,54,54,61,63,63,63,42,42,52,52,52,59,66,83,83,83,71,80,80,80,74,45,45,41,41,50,74,70,72,72,75,75,77,56],"gold":330,"neow_bonus":"","is_daily":false,"chose_seed":false,"campfire_upgraded":5,"win_rate":0.0,"timestamp":1612043729,"path_taken":["R","M","M","M","$","M","T","R","?","E","?","E","R","E","M","BOSS","R","M","?","M","$","NM","T","?","M","M","E","M","R","?","M","BOSS","T","?","?","?","AVR","?","T","?","E","?","E","?","E","T","?","BOSS"],"items_purchased_type":["Card","Card","Card","Potion","Card"],"build_version":"2020-12-22","purchased_purges":0,"victory":true,"max_hp_per_floor":[63,63,63,63,63,63,63,63,63,63,63,63,63,63,63,63,63,63,63,63,63,63,63,63,73,73,73,73,73,83,83,83,83,83,83,83,83,83,83,83,83,83,83,83,83,83,83,83,83,83],"card_choices":[{"not_picked":["bronze:BitShift","bronze:NullPointer"],"picked":"bronze:BronzeOrb","floor":0},{"not_picked":["bronze:DelayedGuard","bronze:BuggyMess"],"picked":"bronze:WhirlingStrike","floor":0},{"not_picked":["bronze:Overheat","bronze:DelayedSlice"],"picked":"bronze:DigitalCarnage","floor":0},{"not_picked":["bronze:OilSpill","bronze:Shell"],"picked":"bronze:Shield","floor":0},{"not_picked":["bronze:ForLoop","bronze:Safeguard"],"picked":"bronze:ChosenStrike","floor":0},{"not_picked":["bronze:BitShift","bronze:DelayedSlice"],"picked":"bronze:Repair","floor":0},{"not_picked":["bronze:ChildClass","bronze:BugBarrage"],"picked":"bronze:ForceShield","floor":0},{"not_picked":["bronze:WildBeam","bronze:ChosenStrike"],"picked":"bronze:FineTuning","floor":0},{"not_picked":["bronze:ForLoop","bronze:Turbo"],"picked":"bronze:CutThrough","floor":0},{"not_picked":["bronze:CutThrough","bronze:ForceShield"],"picked":"bronze:Overheat","floor":0},{"not_picked":["bronze:Turbo","bronze:Invalidate"],"picked":"bronze:Branch","floor":0},{"not_picked":["bronze:Overheat","bronze:CutThrough"],"picked":"bronze:Frontload","floor":0},{"not_picked":["bronze:MaxOutput","bronze:BronzeArmor"],"picked":"bronze:GetLatest","floor":0},{"not_picked":["bronze:NullPointer","bronze:Frontload"],"picked":"bronze:Turbo","floor":0},{"not_picked":["bronze:Overheat","bronze:Iterate"],"picked":"bronze:BuggyMess","floor":0},{"not_picked":["bronze:WhirlingStrike","bronze:CutThrough"],"picked":"bronze:Optimize","floor":5},{"not_picked":["bronze:BurnOut","bronze:FindAndReplace"],"picked":"bronze:Assembly","floor":10},{"not_picked":["bronze:BugBarrage","bronze:BuggyMess"],"picked":"bronze:OilSpill","floor":11},{"not_picked":["bronze:AlphaBuild","bronze:Virus"],"picked":"bronze:Format","floor":12},{"not_picked":["bronze:Virus","bronze:HyperBeam"],"picked":"bronze:Mutator","floor":14},{"not_picked":["bronze:AlphaBuild","bronze:BurnOut"],"picked":"bronze:CleanCode","floor":16},{"not_picked":["bronze:MaxOutput","bronze:Invalidate","bronze:GetLatest"],"picked":"SKIP","floor":22},{"not_picked":["bronze:RecursiveStrike","bronze:Virus"],"picked":"bronze:Verify","floor":23},{"not_picked":["bronze:Verify","bronze:Virus","bronze:Break"],"picked":"SKIP","floor":28},{"not_picked":["bronze:SpaghettiCode","bronze:Mutator","bronze:HyperBeam"],"picked":"Amplify","floor":33},{"not_picked":["bronze:Shield","bronze:WhirlingStrike","bronze:DigitalCarnage","Lockon"],"picked":"SKIP","floor":42},{"not_picked":["bronze:SpaghettiCode","bronze:ThunderWave","bronze:Verify"],"picked":"Machine Learning","floor":43},{"not_picked":["bronze:Virus","bronze:Format","bronze:RecursiveStrike","Electrodynamics"],"picked":"SKIP","floor":45},{"not_picked":["bronze:Virus","bronze:Format","bronze:RecursiveStrike","Electrodynamics"],"picked":"SKIP","floor":45},{"not_picked":["bronze:Format","bronze:AlphaBuild","bronze:HardenedForm","hubris:SpecializedCircuitry"],"picked":"SKIP","floor":47},{"not_picked":["bronze:AlphaBuild","bronze:Assembly","bronze:RecursiveStrike"],"picked":"Core Surge","floor":50}],"player_experience":800591,"relics_obtained":[{"floor":2,"key":"Art of War"},{"floor":3,"key":"infinitespire:Eraser"},{"floor":4,"key":"Whetstone"},{"floor":6,"key":"Replay:Wax Seal"},{"floor":9,"key":"bronze:SilverBullet"},{"floor":10,"key":"Bag of Marbles"},{"floor":11,"key":"Odd Mushroom"},{"floor":12,"key":"Grinning Jar"},{"floor":14,"key":"Bottled Lightning"},{"floor":15,"key":"Pen Nib"},{"floor":19,"key":"conspire:TopHat"},{"floor":21,"key":"hubris:SlimyHat"},{"floor":23,"key":"Letter Opener"},{"floor":24,"key":"Dream Catcher"},{"floor":26,"key":"Nunchaku"},{"floor":27,"key":"Onion Ring"},{"floor":28,"key":"hubris:DisguiseKit"},{"floor":29,"key":"bronze:CableSpool"},{"floor":32,"key":"MawBank"},{"floor":36,"key":"Oddly Smooth Stone"},{"floor":37,"key":"Snack Pack"},{"floor":38,"key":"Pondfish Scales"},{"floor":40,"key":"Toy Ornithopter"},{"floor":41,"key":"bronze:BronzeIdol"},{"floor":43,"key":"Thread and Needle"},{"floor":44,"key":"Gremlin Food"},{"floor":45,"key":"Replay:Bottled Snecko"},{"floor":49,"key":"Quantum Egg"}],"event_choices":[{"damage_healed":0,"gold_gain":0,"player_choice":"Fought Mushrooms","damage_taken":0,"max_hp_gain":0,"max_hp_loss":0,"event_name":"Mushrooms","floor":11,"gold_loss":0}],"is_beta":false,"boss_relics":[{"not_picked":["hubris:HollowSoul","sneckomod:SneckoTalon"],"picked":"bronze:PlatinumCore"},{"not_picked":["hubris:ScarierMask","Black Star"],"picked":"Replay:Grab Bag"},{"not_picked":["conspire:SlowCooker","hubris:VirtuousBlindfold"],"picked":"Replay:Fungal Core"},{"not_picked":["Runic Dome","Busted Crown"],"picked":"Painkiller Herb"},{"not_picked":["Kintsugi","Runic Pyramid"],"picked":"SacredBark"}],"items_purged_floors":[],"is_endless":true,"potions_floor_spawned":[2,4,6,12,15,16,19,28,29,33,40,43,47,49],"ascension_level":20}}