{"host":"99l0i25nwwr6z99u","time":1612028000,"event":{"mods":["Act Like it!","BaseMod","Colored Map","Colored Powertips","Downfall","Googly Eyes","Minty Spire (QoL Compilation)","Quick Restart","StSLib"],"gold_per_floor":[99,110,125,575,575,43,43,77,77,77,92,120,120,5,15,116,116,116,127,139,139,139,169,169,187,218,235,235,247,347,401,418,418,418,418],"floor_reached":33,"language":"ENG","playtime":1396,"items_purged":["downfall:Icky","downfall:Icky"],"score":362,"play_id":"a73d25c6-c5cb-42da-9238-2c96c72a04be","local_time":"20210130123320","is_ascension_mode":true,"campfire_choices":[{"data":"champ:Execute","floor":1,"key":"SMITH"},{"data":"champ:Taunt","floor":9,"key":"SMITH"},{"data":"champ:TornadoPunch","floor":13,"key":"SMITH"},{"data":"champ:GladiatorForm","floor":18,"key":"SMITH"}],"circlet_count":0,"master_deck":["champ:Defend","champ:Defend","champ:Defend+1","champ:Execute+1","champ:Taunt+1","champ:TornadoPunch+1","champ:FanOfKnives","downfall:Icky","champ:FocusedDefense+1","champ:StanceDance","champ:BringItOn","champ:TripleStrike","champ:FlashCut","champ:CalledShot","champ:IronFortress","champ:GladiatorForm+1","champ:Circumvent","Writhe","Slimebound:Tackle+1","Slimebound:Tackle+1","Slimebound:Tackle+1","champ:PreciseThrust+1","champ:StrikeOfGenius","champ:UltimateStance","J.A.X.","champ:FanOfKnives","champ:IgnorePain"],"relics":["champ:ChampionCrown","champ:LiftRelic","StrikeDummy","War Paint","HornCleat","FossilizedHelix","Pantograph","Bag of Preparation","Philosopher\u0027s Stone","Orichalcum","hexamod:BolsterEngine","Incense Burner","Happy Flower","MutagenicStrength","champ:FightingForDummies"],"acts_visited":["Exordium","TheCity"],"potions_floor_usage":[8,16,16,26,30,33],"damage_taken":[{"damage":10,"enemies":"2 Louse","floor":2,"turns":2},{"damage":10,"enemies":"Small Slimes","floor":3,"turns":3},{"damage":10,"enemies":"downfall:FleeingMerchant","floor":6,"turns":4},{"damage":10,"enemies":"3 Sentries","floor":8,"turns":2},{"damage":0,"enemies":"Jaw Worm","floor":11,"turns":2},{"damage":0,"enemies":"Lagavulin","floor":12,"turns":6},{"damage":0,"enemies":"downfall:FleeingMerchant","floor":14,"turns":4},{"damage":10,"enemies":"Blue Slaver","floor":15,"turns":2},{"damage":14,"enemies":"SI_SHIV_ARCHETYPE","floor":16,"turns":9},{"damage":10,"enemies":"Shell Parasite","floor":19,"turns":5},{"damage":10,"enemies":"Chosen","floor":20,"turns":3},{"damage":11,"enemies":"Book of Stabbing","floor":23,"turns":6},{"damage":0,"enemies":"Shelled Parasite and Fungi","floor":25,"turns":4},{"damage":37,"enemies":"Slavers","floor":26,"turns":4},{"damage":10,"enemies":"Centurion and Healer","floor":27,"turns":5},{"damage":14,"enemies":"Cultist and Chosen","floor":29,"turns":5},{"damage":46,"enemies":"downfall:Augmenter","floor":30,"turns":6},{"damage":21,"enemies":"Snake Plant","floor":32,"turns":3},{"damage":51,"enemies":"DF_ARCHETYPE_CLAW","floor":33,"turns":6}],"seed_played":"3927327292346246104","potions_obtained":[{"floor":3,"key":"SneckoOil"},{"floor":12,"key":"SneckoOil"},{"floor":15,"key":"Block Potion"},{"floor":16,"key":"Explosive Potion"},{"floor":19,"key":"CultistPotion"},{"floor":20,"key":"Weak Potion"},{"floor":26,"key":"Ancient Potion"},{"floor":30,"key":"champ:CounterPotion"}],"is_trial":false,"path_per_floor":["R","M","M","?","?","$","T","E","R","?","M","E","R","$","M","B",null,"R","M","M","?","?","E","T","M","E","M","?","M","?","T","M","B"],"character_chosen":"THE_CHAMP","items_purchased":["StrikeDummy","War Paint","champ:StanceDance"],"campfire_rested":0,"item_purchase_floors":[6,6,6],"current_hp_per_floor":[99,99,99,99,99,99,99,99,99,96,96,96,96,99,99,85,99,99,99,99,99,99,93,93,93,62,62,62,58,42,42,26,0,0,0],"gold":418,"neow_bonus":"TEN_PERCENT_HP_BONUS","is_daily":false,"chose_seed":false,"campfire_upgraded":4,"win_rate":0.0,"timestamp":1612028000,"path_taken":["R","M","M","?","?","$","T","E","R","?","?","E","R","$","M","BOSS","R","M","M","?","?","E","T","M","E","M","?","M","?","?","M","BOSS"],"items_purchased_type":["Relic","Relic","Card"],"build_version":"2020-12-22","purchased_purges":2,"victory":false,"max_hp_per_floor":[99,99,99,99,99,99,99,99,99,99,99,99,99,99,99,99,99,99,99,99,99,99,99,99,99,99,99,99,99,99,99,99,99,99,99],"card_choices":[{"not_picked":["champ:Haymaker","champ:BladeFlurry"],"picked":"champ:TornadoPunch","floor":2},{"not_picked":["champ:PerfectedStrike","champ:RageSigil"],"picked":"champ:FanOfKnives","floor":3},{"not_picked":["champ:DeathBlow","champ:FanOfKnives"],"picked":"champ:FocusedDefense","floor":6},{"not_picked":["champ:StanceDance","champ:ViciousMockery"],"picked":"champ:BringItOn","floor":8},{"not_picked":["champ:DeathBlow","champ:AdrenalArmor"],"picked":"champ:TripleStrike","floor":11},{"not_picked":["champ:ShieldThrow","champ:EndlessRage"],"picked":"champ:FlashCut","floor":12},{"not_picked":["champ:Encircle","champ:PerfectedStrike"],"picked":"champ:CalledShot","floor":14},{"not_picked":["champ:AdrenalArmor","champ:ShieldSigil"],"picked":"champ:IronFortress","floor":15},{"not_picked":["champ:EnchantCrown","champ:LastStand"],"picked":"champ:GladiatorForm","floor":16},{"not_picked":["champ:CalledShot","champ:PerfectedStrike","champ:FlashCut"],"picked":"SKIP","floor":19},{"not_picked":["champ:BringItOn","champ:TornadoPunch"],"picked":"champ:Circumvent","floor":20},{"not_picked":["champ:DefensiveShout","champ:GutPunch"],"picked":"champ:PreciseThrust+1","floor":23},{"not_picked":["champ:Shatter","champ:DefensiveShout"],"picked":"champ:StrikeOfGenius","floor":25},{"not_picked":["champ:Backstep","champ:FanOfKnives+1"],"picked":"champ:ShieldSlam","floor":26},{"not_picked":["champ:BladeFlurry","champ:TornadoPunch"],"picked":"champ:UltimateStance","floor":27},{"not_picked":["champ:BringItOn","champ:RisingSlash","champ:SetATrap"],"picked":"SKIP","floor":29},{"not_picked":[],"picked":"J.A.X.","floor":30},{"not_picked":["champ:TornadoPunch","champ:SetATrap+1","champ:EnchantCrown"],"picked":"SKIP","floor":32}],"player_experience":955817,"relics_obtained":[{"floor":7,"key":"HornCleat"},{"floor":8,"key":"FossilizedHelix"},{"floor":12,"key":"Bag of Preparation"},{"floor":23,"key":"hexamod:BolsterEngine"},{"floor":24,"key":"Incense Burner"},{"floor":26,"key":"Happy Flower"},{"floor":30,"key":"MutagenicStrength"},{"floor":31,"key":"champ:FightingForDummies"}],"event_choices":[{"damage_healed":0,"gold_gain":0,"player_choice":"Success","damage_taken":3,"relics_obtained":["Pantograph"],"max_hp_gain":0,"max_hp_loss":0,"event_name":"Scrap Ooze","floor":10,"gold_loss":0}],"is_beta":false,"boss_relics":[{"not_picked":["Astrolabe","Runic Pyramid"],"picked":"Philosopher\u0027s Stone"}],"items_purged_floors":[6,14],"is_endless":false,"potions_floor_spawned":[3,12,15,16,19,20,26,30],"killed_by":"DF_ARCHETYPE_CLAW","ascension_level":1}}