{"host":"d8hh7rr4yzitjeuj","time":1612001400,"event":{"mods":["2.2 Compatiblity","AchievementEnabler","Act Like it!","BaseMod","Colored Map","Colored Powertips","Highlight Path","Keyboard Shortcuts","Minty Spire (QoL Compilation)","Permanent Neow","Quick Restart","StSLib","SuperFastMode"],"gold_per_floor":[116,132,282,282,282,282,311,330,330,254,234,63,63,77,77,77,77],"floor_reached":16,"language":"KOR","playtime":354,"items_purged":[],"score":196,"play_id":"98d5ac0c-df5a-461a-9992-04569beb3ea8","local_time":"20210130191000","is_ascension_mode":true,"campfire_choices":[{"data":"Zap","floor":6.0,"key":"SMITH"},{"data":"Aggregate","floor":13,"key":"SMITH"},{"data":"Redo","floor":15,"key":"SMITH"}],"circlet_count":0,"master_deck":["AscendersBane","Strike_B","Strike_B","Strike_B","Strike_B","Defend_B","Defend_B","Defend_B","Defend_B","Zap+1","Dualcast","Core Surge","Sweeping Beam","Conserve Battery","Doom and Gloom","Conserve Battery","Capacitor+1","Glacier","Aggregate+1","Redo+1"],"relics":["Cracked Core","Frozen Egg 2","White Beast Statue","Eternal Feather"],"acts_visited":["Exordium"],"potions_floor_usage":[16],"damage_taken":[{"damage":4.0,"enemies":"Jaw Worm","floor":1.0,"turns":4.0},{"damage":0.0,"enemies":"Small Slimes","floor":2.0,"turns":2.0},{"damage":40.0,"enemies":"Gremlin Nob","floor":7.0,"turns":5.0},{"damage":0.0,"enemies":"Cultist","floor":8.0,"turns":3.0},{"damage":4,"enemies":"Looter","floor":14,"turns":3},{"damage":36,"enemies":"Hexaghost","floor":16,"turns":11}],"seed_played":"8849350278999730685","potions_obtained":[{"floor":1.0,"key":"Ancient Potion"},{"floor":2.0,"key":"EssenceOfSteel"},{"floor":8.0,"key":"Ancient Potion"},{"floor":11.0,"key":"Weak Potion"}],"is_trial":false,"path_per_floor":["M","M","?","T","?","R","E","M","T","$","?","$","R","M","R","B"],"character_chosen":"DEFECT","items_purchased":["Capacitor+1","Glacier","Aggregate"],"campfire_rested":0,"item_purchase_floors":[10,12,12],"current_hp_per_floor":[60,60,60,60,53,53,13,13,13,13,13,13,22,18,30,0,0],"gold":77,"neow_bonus":"ONE_RANDOM_RARE_CARD","is_daily":false,"chose_seed":false,"campfire_upgraded":3,"win_rate":0.0,"timestamp":1612001400,"path_taken":["M","M","?","?","?","R","E","M","T","$","?","$","R","M","R","BOSS"],"items_purchased_type":["Card","Card","Card"],"build_version":"2020-12-22","purchased_purges":0,"victory":false,"max_hp_per_floor":[71,71,71,71,71,71,71,71,71,71,71,71,71,71,71,71,71],"card_choices":[{"not_picked":["Skim","Hologram"],"picked":"Sweeping Beam","floor":1.0},{"not_picked":["Redo","Gash"],"picked":"Conserve Battery","floor":2.0},{"not_picked":["Sweeping Beam","Rebound"],"picked":"Doom and Gloom","floor":7.0},{"not_picked":["Steam","Rebound"],"picked":"Conserve Battery","floor":8.0},{"not_picked":["Beam Cell","Stack"],"picked":"Redo","floor":14}],"player_experience":1457533,"relics_obtained":[{"floor":4.0,"key":"Frozen Egg 2"},{"floor":7.0,"key":"White Beast Statue"},{"floor":9.0,"key":"Eternal Feather"}],"event_choices":[{"damage_healed":0.0,"max_hp_gain":0.0,"max_hp_loss":0.0,"gold_gain":150.0,"event_name":"Liars Game","player_choice":"AGREE","floor":3.0,"gold_loss":0.0,"damage_taken":0.0,"cards_obtained":["Doubt"]},{"cards_removed":["Doubt"],"damage_healed":0.0,"max_hp_gain":0.0,"max_hp_loss":0.0,"gold_gain":0.0,"event_name":"Golden Wing","player_choice":"Card Removal","floor":5.0,"gold_loss":0.0,"damage_taken":7.0},{"damage_healed":0.0,"max_hp_gain":0.0,"max_hp_loss":0.0,"gold_gain":0.0,"event_name":"The Woman in Blue","player_choice":"Bought 1 Potion","floor":11.0,"gold_loss":0.0,"damage_taken":0.0}],"is_beta":false,"boss_relics":[],"items_purged_floors":[],"is_endless":false,"potions_floor_spawned":[1,2,8,14],"killed_by":"Hexaghost","ascension_level":20}}