{"host":"hwui1o2d2vvxl1xp","time":1612040445,"event":{"mods":["ATMod(阿瑾Mod)","AchievementEnabler","Act Like it!","Alarm Clock","BaseMod","CapriCore","Colored Map","Colored Powertips","Dota2Spire","Gensokyo","Minty Spire (QoL Compilation)","MostiFishMod","Pale of the Ancients","Quick Restart","Reimu（博丽灵梦）","Relic Filter Mod","Reliquary","RumiaBox-露米娅的神秘盒子","Shop Mod","StSLib","TestMod","Waifu the Spire","[功能]功能增强和修复MOD","simple","【功能Mod】混沌之环修复补丁","【功能Mod】聪明的最终Boss","【遗物卡牌】REMEMod","篝火指南"],"gold_per_floor":[214,128,128,128,144,177,177,126,126,144,118,48,48,77,35,290,290,306,314,413,325,275,-1141,-1106,-1106,-1106,-1106,-1049,-1035,-1001,-1001,-1001,-718,-718,-589,-589,-491,-491,-491,-491,-478,437,437,354,354,268,268,281,126,126,126,126],"floor_reached":51,"language":"ZHS","playtime":3876,"items_purged":["Strike_Lin:ReiMu","Strike_Lin:ReiMu","Defend_Lin:ReiMu","Strike_Lin:ReiMu","Defend_Lin:ReiMu","Injury","Defend_Lin:ReiMu","Strike_Lin:ReiMu","Defend_Lin:ReiMu","SafetyPray:ReiMu","DoubleButterfly:ReiMu","testmod-PocketStoneCalender","HandOfGreedExtend","DoubleButterfly:ReiMu","InherentArray:ReiMu","Meditation:ReiMu+1","AirStrike:ReiMu","EmergencyTakeOff:ReiMu+1"],"score":1543,"play_id":"155c22fd-5c2d-456a-ac6c-db46bda5c4fc","local_time":"20210131050044","is_ascension_mode":true,"campfire_choices":[{"floor":7.0,"key":"RECALL"},{"data":"testmod-Dream","floor":25.0,"key":"SMITH"},{"data":"InherentArray:ReiMu","floor":27.0,"key":"SMITH"},{"data":"Gensokyo:MonkeysPaw","floor":32.0,"key":"SMITH"},{"data":"MikOfLucky:ReiMu","floor":40.0,"key":"SMITH"}],"circlet_count":0,"master_deck":["NB:ReiMu","Stagnation:ReiMu","AT_Dispersion+1","AT_FamilyPortrait","PassingAway:ReiMu","Gathering:ReiMu+1","WonderfulDomain:ReiMu","TightArray:ReiMu+1","Conquer:ReiMu","RainPray2:ReiMu","Enlightenment+1","testmod-PulseDistributor+1","Amulet:ReiMu","SpringWay:ReiMu+1","OctopathBindingBorder2:ReiMu","OrbThrow:ReiMu","PassingAway:ReiMu","AirManeuver:ReiMu","REME_TwoStrings","testmod-Dream+1","OrbThrow:ReiMu","testmod-Recap+1","Good Instincts","SpreadBorder2:ReiMu","Conquer:ReiMu","Dreaming2:ReiMu+1","PassingAway:ReiMu","OctopathBindingBorder2:ReiMu","FineLineFantasy:ReiMu+1","UniversalSpiritual:ReiMu","AirStrike:ReiMu","WonderfulDomain:ReiMu","MostiFishMod:Mottled","testmod-RabbitOfFibonacci","LovePray:ReiMu","Dreaming:ReiMu","Dreaming:ReiMu","CleanRite:ReiMu+1","MostiFishMod:Neptune","MostiFishMod:TheEndOfMoonlight","MostiFishMod:SparklingWater","MostiFishMod:FantasySummer+1","MostiFishMod:NightSea+1","PassingAway:ReiMu","UniversalSpiritual:ReiMu","SealNeedle:ReiMu","Finesse","AirManeuver:ReiMu","InherentArray:ReiMu+1","BlastKick2:ReiMu+1","REME_TwoStrings","TightArray:ReiMu","MikOfLucky:ReiMu+1","Shading:ReiMu+1","Amulet:ReiMu","KyokaiOfKami:ReiMu+1","NineCharacters:ReiMu","CareerPray:ReiMu","UniversalSpiritual:ReiMu","Gensokyo:MonkeysPaw+1","OctopathSalyBorderN:ReiMu+1","KamiRite:ReiMu+1","HakureiPhantom:ReiMu+1","LovePray:ReiMu+1","Gensokyo:Dawn+1","YinYangSign:ReiMu+1","SpiritualOutbreak2:ReiMu","SpreadBorder2:ReiMu+1","SafetyPray:ReiMu+1","MikOfLucky:ReiMu","SealNeedle:ReiMu","KamiRite:ReiMu+1","OctopathBindingBorder2:ReiMu","Violence+1","OrbThrow:ReiMu","AT_Dispersion+1","LearningPray:ReiMu+1","Mind Blast+1"],"relics":["FlyPower:ReiMu","DaveBox","testmod-TestBox","REME_ComplimentaryCards","AT_ATBox","testmod-BouquetWithThorns","JellyFishMachine","SynthV:TestCard","MerchantsRug","reliquary:HotPoker","Medical Kit","testmod-RealStoneCalender","AT_BellowingDragoncrestRing","testmod-Antiphasic","MostiFishMod:AdaptiveDefenses","SentryEyes","testmod-LifeArmor","Calipers","reliquary:TuningFork","Chemical X","TungstenRod","testmod-Charity","ImprovedEquipment","reliquary:PorcupineQuills","MoonlightInvasionPlan","Oddly Smooth Stone","Meat on the Bone","Toolbox","reliquary:PrincelyHelmet","DianPoetry","Eternal Feather","reliquary:JackalopeAntler","BrkXgEgg","Ccalipers","reliquary:Stiletto","SynthV:MejaisSoulstealer","Toy Ornithopter","MagicDraw2","Dota2Spire:Dagon","Bag of Marbles","Toxic Egg 2","xbg","AT_Manta","AT_SilvercatRing","Blood Vial","testmod-ObsoleteBoomerang","AT_RedNoBalance","AT_GoldPhoenixTree","MagicDraw3","DollysMirror","Gensokyo:EmptyGrave","MetatronsCube","PureWhite:ReiMu","Dota2Spire:OrchidMalevolence","paleoftheancients:Timepiece","paleoftheancients:KeyRelic","CultistMask"],"acts_visited":["Gensokyo:Gensokyo","Gensokyo:Gensokyoer","Gensokyo:Gensokyoest","paleoftheancients:PaleOfTheAncients"],"potions_floor_usage":[],"damage_taken":[{"damage":0.0,"enemies":"Gensokyo:Python","floor":1.0,"turns":4.0},{"damage":0.0,"enemies":"Gensokyo:3_Fairies","floor":5.0,"turns":4.0},{"damage":0.0,"enemies":"Gensokyo:Cirno","floor":6.0,"turns":5.0},{"damage":0.0,"enemies":"Gensokyo:Gryphon","floor":10.0,"turns":2.0},{"damage":0.0,"enemies":"Gensokyo:Aya","floor":14.0,"turns":2.0},{"damage":0.0,"enemies":"Gensokyo:Reimu","floor":16.0,"turns":4.0},{"damage":0.0,"enemies":"Gensokyo:AngelMirror","floor":18.0,"turns":2.0},{"damage":0.0,"enemies":"Gensokyo:AngelMirror","floor":20.0,"turns":2.0},{"damage":0.0,"enemies":"Gensokyo:Tenshi","floor":24.0,"turns":2.0},{"damage":0.0,"enemies":"Gensokyo:Koishi","floor":28.0,"turns":2.0},{"damage":0.0,"enemies":"Gensokyo:Chomper","floor":29.0,"turns":2.0},{"damage":0.0,"enemies":"Gensokyo:Reisen","floor":30.0,"turns":3.0},{"damage":0.0,"enemies":"Gensokyo:Eternal_Rivals","floor":33.0,"turns":5.0},{"damage":0.0,"enemies":"Gensokyo:3_Bats","floor":35.0,"turns":2.0},{"damage":0.0,"enemies":"Gensokyo:3_Bats","floor":36.0,"turns":3.0},{"damage":0.0,"enemies":"Gensokyo:AncientGuardian","floor":41.0,"turns":2.0},{"damage":78.0,"enemies":"Gensokyo:Marisa","floor":42.0,"turns":2.0},{"damage":0.0,"enemies":"Gensokyo:SeedOfUnknown","floor":48.0,"turns":1.0},{"damage":0.0,"enemies":"Gensokyo:Yuyuko","floor":50.0,"turns":3.0},{"damage":0,"enemies":"","floor":51,"turns":1}],"seed_played":"-6540984821694047320","potions_obtained":[{"floor":1.0,"key":"Dota2Spire:Clarity"},{"floor":6.0,"key":"Fruit Juice"},{"floor":6.0,"key":"DistilledChaos"},{"floor":14.0,"key":"LiquidFlight:ReiMu"},{"floor":14.0,"key":"ZuzhouPotion:ReiMu"},{"floor":16.0,"key":"Energy Potion"},{"floor":18.0,"key":"SmokeBomb"},{"floor":18.0,"key":"Energy Potion"},{"floor":24.0,"key":"REME_GoldPotion"},{"floor":30.0,"key":"Ancient Potion"},{"floor":30.0,"key":"Block Potion"},{"floor":30.0,"key":"BlessingOfTheForge"},{"floor":33.0,"key":"REME_GoldPotion"},{"floor":35.0,"key":"BottledKami:ReiMu"},{"floor":35.0,"key":"Explosive Potion"},{"floor":42.0,"key":"SteroidPotion"},{"floor":48.0,"key":"Explosive Potion"}],"is_trial":false,"path_per_floor":["M","$","?","T","M","E","R","$","T","M","R","?","?","E","R","B",null,"M","$","?","$","?","R","E","R","T","R","E","M","E","?","R","B",null,"M","?","$","?","?","R","M","E","T","R","?","$","?","M","R","B","M"],"character_chosen":"REIMU","items_purchased":["MerchantsRug","LiquidFlight:ReiMu","Dota2Spire:Clarity","PinkPotion:ReiMu","Gathering:ReiMu","reliquary:HotPoker","Dota2Spire:LinkenSphere","Medical Kit","WonderfulDomain:ReiMu","TightArray:ReiMu","Conquer:ReiMu","RainPray2:ReiMu","Enlightenment","testmod-PulseDistributor","LiquidMemories","Block Potion","SteroidPotion","OctopathBindingBorder2:ReiMu","OrbThrow:ReiMu","PassingAway:ReiMu","AirManeuver:ReiMu","MostiFishMod:AdaptiveDefenses","SentryEyes","testmod-LifeArmor","REME_TwoStrings","testmod-Dream","Weak Potion","Explosive Potion","SkillPotion","testmod-Recap","Good Instincts","SpreadBorder2:ReiMu","Conquer:ReiMu","Dreaming2:ReiMu","PassingAway:ReiMu","OctopathBindingBorder2:ReiMu","Calipers","reliquary:TuningFork","Chemical X","testmod-Charity","ImprovedEquipment","reliquary:PorcupineQuills","UniversalSpiritual:ReiMu","AirStrike:ReiMu","WonderfulDomain:ReiMu","MostiFishMod:Mottled","MagicPotion:ReiMu","Swift Potion","Dota2Spire:Clarity","testmod-RabbitOfFibonacci","LovePray:ReiMu","Oddly Smooth Stone","Meat on the Bone","Toolbox","Explosive Potion","Explosive Potion","FearPotion","UniversalSpiritual:ReiMu","SealNeedle:ReiMu","Finesse","AirManeuver:ReiMu","BlessingOfTheForge","ColorlessPotion","SteroidPotion","Eternal Feather","reliquary:JackalopeAntler","BrkXgEgg","BlastKick2:ReiMu+1","REME_TwoStrings","TightArray:ReiMu","MikOfLucky:ReiMu","Shading:ReiMu+1","REME_GoldPotion","Swift Potion","Dota2Spire:Clarity","Ccalipers","reliquary:Stiletto","Amulet:ReiMu","KyokaiOfKami:ReiMu+1","SynthV:MejaisSoulstealer","Fire Potion","Swift Potion","testmod-ObsoleteBoomerang","Fruit Juice","SpreadBorder2:ReiMu+1","SafetyPray:ReiMu+1","AT_SilverBalance","DoubleButterfly:ReiMu","MikOfLucky:ReiMu","SealNeedle:ReiMu","testmod-PocketStoneCalender","FearPotion","Fire Potion","DuplicationPotion","AT_GoldPhoenixTree","MagicDraw3","KamiRite:ReiMu+1","OctopathBindingBorder2:ReiMu","Violence+1","HandOfGreedExtend","OrbThrow:ReiMu","DollysMirror","MetatronsCube","PureWhite:ReiMu","Dota2Spire:OrchidMalevolence","ColorlessPotion","Block Potion","ZuzhouPotion:ReiMu","DoubleButterfly:ReiMu","Mind Blast","InherentArray:ReiMu","Meditation:ReiMu+1","EmergencyTakeOff:ReiMu+1","AirStrike:ReiMu"],"campfire_rested":0,"item_purchase_floors":[2,2,2,2,2,2,2,2,2,2,2,2,2,2,8,8,8,8,8,8,8,8,8,8,8,8,11,11,11,11,11,11,11,11,11,11,11,11,11,15,15,15,15,15,15,15,15,15,15,15,15,19,19,19,19,19,19,19,19,19,19,21,21,21,21,21,21,21,21,21,21,21,23,23,23,23,23,23,23,23,44,44,44,44,44,44,44,44,44,44,44,46,46,46,46,46,46,46,46,46,46,46,49,49,49,49,49,49,49,49,49,49,49,49],"current_hp_per_floor":[65,65,65,65,65,70,70,70,70,70,70,70,70,70,75,76,76,77,84,85,88,95,98,99,99,99,99,101,102,103,93,93,94,94,97,97,102,63,63,102,103,50,50,102,102,105,105,61,110,107,111,111],"gold":126,"neow_bonus":"HUNDRED_GOLD","is_daily":false,"chose_seed":false,"campfire_upgraded":4,"win_rate":0.0,"timestamp":1612040444,"path_taken":["M","$","?","?","?","E","R","?","T","M","R","?","?","E","R","BOSS","M","$","?","?","?","R","E","R","T","R","E","M","E","?","R","BOSS","M","?","$","?","?","R","?","E","T","R","?","?","?","M","R","BOSS","M"],"items_purchased_type":["Relic","Potion","Potion","Potion","Card","Relic","Relic","Relic","Card","Card","Card","Card","Card","Card","Potion","Potion","Potion","Card","Card","Card","Card","Relic","Relic","Relic","Card","Card","Potion","Potion","Potion","Card","Card","Card","Card","Card","Card","Card","Relic","Relic","Relic","Relic","Relic","Relic","Card","Card","Card","Card","Potion","Potion","Potion","Card","Card","Relic","Relic","Relic","Potion","Potion","Potion","Card","Card","Card","Card","Potion","Potion","Potion","Relic","Relic","Relic","Card","Card","Card","Card","Card","Potion","Potion","Potion","Relic","Relic","Card","Card","Relic","Potion","Potion","Relic","Potion","Card","Card","Relic","Card","Card","Card","Card","Potion","Potion","Potion","Relic","Relic","Card","Card","Card","Card","Card","Relic","Relic","Relic","Relic","Potion","Potion","Potion","Card","Card","Card","Card","Card","Card"],"build_version":"2020-12-22","purchased_purges":18,"victory":false,"max_hp_per_floor":[65,65,65,65,65,70,70,70,70,70,70,70,70,70,75,76,76,77,84,85,88,95,98,99,99,99,99,101,102,103,93,93,94,94,97,97,102,102,102,102,103,116,116,124,124,127,117,118,122,122,122,122],"card_choices":[{"not_picked":["PhosphorusFlame:ReiMu","EmergencyTakeOff:ReiMu"],"picked":"PassingAway:ReiMu","floor":1.0},{"not_picked":["RainPray2:ReiMu","LearningPray:ReiMu","TightArray:ReiMu","SpringWay:ReiMu"],"picked":"Amulet:ReiMu","floor":5.0},{"not_picked":["Amulet:ReiMu","TakeOff:ReiMu","SubAcupoint:ReiMu","EmergencyTakeOff:ReiMu"],"picked":"SpringWay:ReiMu","floor":6.0},{"not_picked":["Shading:ReiMu","FantasyBorder:ReiMu","DoubleButterfly:ReiMu","LovePray:ReiMu"],"picked":"OrbThrow:ReiMu","floor":10.0},{"not_picked":["SpreadBorder2:ReiMu","WonderfulDomain:ReiMu","CareerPray:ReiMu","AirStrike:ReiMu"],"picked":"FineLineFantasy:ReiMu","floor":14.0},{"not_picked":["Authority:ReiMu","Free:ReiMu","HakureiPhantom:ReiMu","OctopathSalyBorderN:ReiMu"],"picked":"Dreaming:ReiMu","floor":16.0},{"not_picked":["Determination:ReiMu","YinYang:ReiMu","SubcavityFantasy:ReiMu","BlastKick2:ReiMu"],"picked":"Dreaming:ReiMu","floor":16.0},{"not_picked":["RunawayExorcism:ReiMu","Shading:ReiMu","Dreaming:ReiMu","SubcavityFantasy:ReiMu"],"picked":"CleanRite:ReiMu","floor":16.0},{"not_picked":["Conquer:ReiMu","Enchanting:ReiMu","WonderfulDomain:ReiMu","CollectionFlower2:ReiMu"],"picked":"PassingAway:ReiMu","floor":18.0},{"not_picked":["AlertArray:ReiMu+1","OrbThrow:ReiMu","SealNeedle:ReiMu+1","AirManeuver:ReiMu+1"],"picked":"InherentArray:ReiMu","floor":20.0},{"not_picked":["Dreaming2:ReiMu","Meditation:ReiMu","ManaGlint:ReiMu+1","Mountainwind:ReiMu"],"picked":"SafetyPray:ReiMu","floor":24.0},{"not_picked":["Meditation:ReiMu","SpringWay:ReiMu","Amulet:ReiMu","OrbThrow:ReiMu"],"picked":"NineCharacters:ReiMu","floor":28.0},{"not_picked":["OrbThrow:ReiMu+1","SpringWay:ReiMu+1","RainPray2:ReiMu","Meditation:ReiMu"],"picked":"CareerPray:ReiMu","floor":29.0},{"not_picked":["OctopathSalyBorderN:ReiMu+1","WonderfulDomain:ReiMu","SealNeedle:ReiMu","Conquer:ReiMu+1"],"picked":"UniversalSpiritual:ReiMu","floor":30.0},{"not_picked":["Gensokyo:SlitMouthedWoman","Gensokyo:MissMary","Gensokyo:SpontaneousHumanCombustion","Gensokyo:ManorOfTheDishes"],"picked":"Gensokyo:MonkeysPaw","floor":31.0},{"not_picked":["Free:ReiMu+1","Shading:ReiMu+1","BlastKick2:ReiMu+1","CleanRite:ReiMu+1"],"picked":"OctopathSalyBorderN:ReiMu+1","floor":33.0},{"not_picked":["Dreaming:ReiMu+1","Determination:ReiMu+1","CleanRite:ReiMu+1","Authority:ReiMu+1"],"picked":"KamiRite:ReiMu+1","floor":33.0},{"not_picked":["Determination:ReiMu+1","CleanRite:ReiMu+1","Free:ReiMu+1","PrayRite:ReiMu+1"],"picked":"HakureiPhantom:ReiMu+1","floor":33.0},{"not_picked":["AirStrike:ReiMu","RainPray2:ReiMu+1","TightArray:ReiMu+1","EmergencyTakeOff:ReiMu+1"],"picked":"LovePray:ReiMu+1","floor":35.0},{"not_picked":["Gensokyo:HouraiInAPot+1","Gensokyo:UnhurriedMind+1"],"picked":"Gensokyo:Dawn+1","floor":36.0},{"not_picked":["AlertArray:ReiMu+1","UniversalSpiritual:ReiMu","SpiritualOutbreak2:ReiMu","Enchanting:ReiMu+1"],"picked":"YinYangSign:ReiMu+1","floor":41.0},{"not_picked":["Determination:ReiMu+1","Dreaming2:ReiMu+1","Mountainwind:ReiMu+1","AirStrike:ReiMu"],"picked":"SpiritualOutbreak2:ReiMu","floor":42.0},{"not_picked":["OrbThrow:ReiMu+1","SubcavityInstant:ReiMu+1","TakeOff:ReiMu+1","RainPray2:ReiMu+1"],"picked":"LearningPray:ReiMu+1","floor":48.0}],"player_experience":100594,"relics_obtained":[{"floor":1.0,"key":"SynthV:TestCard"},{"floor":4.0,"key":"AT_BellowingDragoncrestRing"},{"floor":6.0,"key":"testmod-Antiphasic"},{"floor":14.0,"key":"TungstenRod"},{"floor":16.0,"key":"Potion Belt"},{"floor":20.0,"key":"reliquary:PrincelyHelmet"},{"floor":20.0,"key":"DianPoetry"},{"floor":24.0,"key":"Toy Ornithopter"},{"floor":26.0,"key":"MagicDraw2"},{"floor":28.0,"key":"Dota2Spire:Dagon"},{"floor":30.0,"key":"Bag of Marbles"},{"floor":33.0,"key":"Toxic Egg 2"},{"floor":42.0,"key":"AT_SilvercatRing"},{"floor":43.0,"key":"Blood Vial"}],"event_choices":[],"is_beta":false,"boss_relics":[{"not_picked":["SacredBark","EasyGame_NEW"],"picked":"MoonlightInvasionPlan"},{"not_picked":["GuanYuAspect","REME_ChargedStone"],"picked":"xbg"}],"items_purged_floors":[2,8,11,15,15,19,19,21,21,44,44,44,46,49,49,49,49,49],"is_endless":false,"potions_floor_spawned":[1,6,6,14,14,16,18,18,24,30,30,30,33,35,35,42,48],"killed_by":"","ascension_level":5}}