{"host":"072lmn9sfokvtood","time":1612048242,"event":{"mods":["BaseMod","Colored Powertips","Curses Come First","Minty Spire (QoL Compilation)","StSLib"],"gold_per_floor":[211,224,138,155,174,174,204,204,204,218,228,228,258,358,358,463,463,475,218,232,126,100,100,110,126,203,203,203,229,96,107,107,107,107],"floor_reached":33,"language":"ENG","playtime":4420,"items_purged":[],"score":295,"play_id":"6fd69927-f1ed-4e28-a3fa-b85c06d9912e","local_time":"20210130171042","is_ascension_mode":true,"campfire_choices":[{"data":"Backstab","floor":6,"key":"SMITH"},{"floor":8,"key":"REST"},{"floor":12,"key":"REST"},{"floor":15,"key":"REST"},{"floor":23,"key":"REST"},{"floor":28,"key":"REST"},{"data":"Blind","floor":32,"key":"SMITH"}],"circlet_count":0,"master_deck":["Strike_G","Strike_G","Strike_G","Strike_G","Strike_G","Defend_G","Defend_G","Defend_G","Defend_G","Defend_G","Survivor","Neutralize","Finisher","Flying Knee","Backstab+1","Sucker Punch","Dash","Flying Knee","Heel Hook","Caltrops","Dagger Throw","Malaise","Phantasmal Killer","Quick Slash","Dagger Spray","Blind+1","Predator","Crippling Poison","PiercingWail","Noxious Fumes","Outmaneuver","Poisoned Stab","Envenom","Trip","Backflip"],"relics":["Ring of the Snake","Tiny Chest","Matryoshka","Thread and Needle","WristBlade","Centennial Puzzle","Bottled Tornado","Dream Catcher","Orichalcum"],"acts_visited":["Exordium","TheCity"],"potions_floor_usage":[10,13,16,24,24,31,33,33],"damage_taken":[{"damage":4,"enemies":"Cultist","floor":1,"turns":6},{"damage":0,"enemies":"2 Louse","floor":2,"turns":3},{"damage":0,"enemies":"Small Slimes","floor":4,"turns":3},{"damage":2,"enemies":"Blue Slaver","floor":5,"turns":3},{"damage":17,"enemies":"Lagavulin","floor":7,"turns":8},{"damage":15,"enemies":"Exordium Thugs","floor":10,"turns":6},{"damage":2,"enemies":"Looter","floor":11,"turns":3},{"damage":19,"enemies":"3 Sentries","floor":13,"turns":9},{"damage":21,"enemies":"Hexaghost","floor":16,"turns":9},{"damage":9,"enemies":"Spheric Guardian","floor":18,"turns":4},{"damage":2,"enemies":"Chosen","floor":20,"turns":5},{"damage":1,"enemies":"Centurion and Healer","floor":24,"turns":7},{"damage":26,"enemies":"Shelled Parasite and Fungi","floor":25,"turns":7},{"damage":3,"enemies":"Cultist and Chosen","floor":31,"turns":5},{"damage":74,"enemies":"Collector","floor":33,"turns":8}],"seed_played":"-8761307175585960179","potions_obtained":[{"floor":1,"key":"BlessingOfTheForge"},{"floor":7,"key":"Energy Potion"},{"floor":13,"key":"PowerPotion"},{"floor":16,"key":"Fruit Juice"},{"floor":18,"key":"AttackPotion"},{"floor":24,"key":"Strength Potion"}],"is_trial":false,"path_per_floor":["M","M","$","M","M","R","E","R","T","M","M","R","E","?","R","B",null,"M","$","M","$","$","R","M","M","T","?","R","T","$","M","R","B"],"character_chosen":"THE_SILENT","items_purchased":["Backstab","Sucker Punch","DistilledChaos","Dagger Spray","Blind","Predator","PiercingWail","Noxious Fumes","Outmaneuver","Explosive Potion","Trip"],"campfire_rested":5,"item_purchase_floors":[3,3,19,19,19,19,21,21,22,30,30],"current_hp_per_floor":[66,66,66,66,64,64,47,68,68,53,51,70,51,51,70,49,70,61,61,59,59,59,70,69,43,43,43,64,64,64,61,61,0,0],"gold":107,"neow_bonus":"HUNDRED_GOLD","is_daily":false,"chose_seed":false,"campfire_upgraded":2,"win_rate":0.0,"timestamp":1612048242,"path_taken":["M","M","$","?","M","R","E","R","T","M","M","R","E","?","R","BOSS","M","$","M","?","$","R","M","M","T","?","R","?","?","M","R","BOSS"],"items_purchased_type":["Card","Card","Potion","Card","Card","Card","Card","Card","Card","Potion","Card"],"build_version":"2020-12-22","purchased_purges":0,"victory":false,"max_hp_per_floor":[70,70,70,70,70,70,70,70,70,70,70,70,70,70,70,70,70,70,70,70,70,70,70,70,70,70,70,70,70,70,70,70,75,75],"card_choices":[{"not_picked":["All Out Attack","Poisoned Stab"],"picked":"Finisher","floor":1},{"not_picked":["Dagger Throw","Sucker Punch"],"picked":"Flying Knee","floor":2},{"not_picked":["PiercingWail","Calculated Gamble"],"picked":"Dash","floor":4},{"not_picked":["Dagger Throw","Dodge and Roll"],"picked":"Flying Knee","floor":5},{"not_picked":["Outmaneuver","Backflip"],"picked":"Heel Hook","floor":7},{"not_picked":["Deflect","Footwork"],"picked":"Caltrops","floor":10},{"not_picked":["Prepared","Distraction"],"picked":"Dagger Throw","floor":11},{"not_picked":["Bouncing Flask","Quick Slash"],"picked":"Malaise","floor":13},{"not_picked":["Night Terror","Bullet Time"],"picked":"Phantasmal Killer","floor":16},{"not_picked":["Calculated Gamble","Predator"],"picked":"Quick Slash","floor":18},{"not_picked":["Heel Hook+1","Blade Dance+1"],"picked":"Crippling Poison","floor":20},{"not_picked":["Expertise","Catalyst"],"picked":"Poisoned Stab","floor":24},{"not_picked":["Riddle With Holes","Noxious Fumes"],"picked":"Envenom","floor":25},{"not_picked":["Concentrate","Blade Dance"],"picked":"Backflip","floor":31}],"player_experience":199185,"relics_obtained":[{"floor":7,"key":"Tiny Chest"},{"floor":9,"key":"Matryoshka"},{"floor":13,"key":"Thread and Needle"},{"floor":26,"key":"Centennial Puzzle"},{"floor":26,"key":"Bottled Tornado"},{"floor":29,"key":"Dream Catcher"},{"floor":29,"key":"Orichalcum"}],"event_choices":[{"damage_healed":0,"gold_gain":100,"player_choice":"Pray","damage_taken":0,"max_hp_gain":0,"max_hp_loss":0,"event_name":"Golden Shrine","floor":14,"gold_loss":0},{"damage_healed":0,"gold_gain":0,"player_choice":"Ignored","damage_taken":0,"max_hp_gain":0,"max_hp_loss":0,"event_name":"Cursed Tome","floor":27,"gold_loss":0}],"is_beta":false,"boss_relics":[{"not_picked":["Coffee Dripper","Astrolabe"],"picked":"WristBlade"}],"items_purged_floors":[],"is_endless":false,"potions_floor_spawned":[1,7,13,16,18,20,24],"killed_by":"Collector","ascension_level":1}}