{"host":"7oiwk103j2prpym5","time":1612041583,"event":{"mods":["BaseMod","BetterRewards","Colored Map","Colored Powertips","GifTheSpireLib","Infinite Spire","Minty Spire (QoL Compilation)","Permanent Neow","Relic Filter Mod","Reliquary","Remove Card Discount Mod","Replay The Spire","StSLib","Stuff the Spire","Weighted Paths"],"gold_per_floor":[119,18,18,18,68,68,91,134,212,263,265,265,313,331,331,456,456,484,484,503,503,522,565,565,565,565,608,608,608,635,63,145,262,262,300,360,360,360,360,422,422,495,542,620,289,289,122,151,151,167,167,167,81,131,139],"floor_reached":56,"language":"ENG","playtime":3587,"items_purged":["Strike_R","Defend_R","Strike_R","Defend_R","infinitespire:Pacifist","Hallucinations","StuffTheSpire:CuriosityCurse","Injury","CommonCold","Languid","Clumsy","Delirium","Replay:Hysterical Blindness"],"score":2036,"play_id":"3e9a7585-b894-430e-b1a3-6675bda255f4","local_time":"20210130151943","is_ascension_mode":true,"campfire_choices":[{"floor":6,"key":"REST"},{"floor":12,"key":"REST"},{"floor":15,"key":"RECALL"},{"floor":24,"key":"REST"},{"floor":28,"key":"REST"},{"data":"Limit Break","floor":41,"key":"SMITH"},{"floor":46,"key":"REST"},{"data":"Inflame","floor":49,"key":"SMITH"},{"data":"ReplayTheSpireMod:Chaos Vortex","floor":52,"key":"SMITH"}],"circlet_count":0,"master_deck":["Defend_R+1","Bash","ReplayTheSpireMod:Limb From Limb","True Grit+1","Dropkick+1","Flex+1","Shockwave","Heavy Blade","Spot Weakness","Impervious+1","Bludgeon+1","Rampage+1","Life Link+1","ReplayTheSpireMod:Chaos Vortex+1","Armaments","Bite","Bite","Bite","Bite","Bite","Flame Barrier+1","infinitespire:OneForAll+1","Flex","Hallucinations","Limit Break+1","ReplayTheSpireMod:IOU","infinitespire:SevenWalls","Inflame+1","ReplayTheSpireMod:Muscle Training+1","Body Slam","ReplayTheSpireMod:Private Reserves"],"relics":["Burning Blood","TungstenRod","Replay:Rubber Ducky","Replay:Bandana","StuffTheSpire:Gunfinga","Ring of Greed","Replay:Wax Seal","ReplayTheSpireMod:Ring of Exchange","The Courier","Darkstone Periapt","reliquary:MedicineBall","StuffTheSpire:Tea","reliquary:RedPaperclip","Astrolabe","Letter Opener","reliquary:PorcupineQuills","Mercury Hourglass","War Paint","Iron Hammer","infinitespire:EvilPickle","Toolbox","StuffTheSpire:MayFlowers","StuffTheSpire:GreaterSneckoEye","ReplayFunnel","King of Hearts","Anchor","reliquary:TuningFork","Blue Doll","Brimstone","Mirror","PreservedInsect","Simple Rune"],"acts_visited":["Exordium","TheCity","TheBeyond","TheEnding"],"potions_floor_usage":[18,33,50,55],"damage_taken":[{"damage":6,"enemies":"Small Slimes","floor":1,"turns":3},{"damage":0,"enemies":"2 Louse","floor":7,"turns":3},{"damage":20,"enemies":"3 Sentries","floor":8,"turns":9},{"damage":7,"enemies":"Lagavulin","floor":10,"turns":3},{"damage":25,"enemies":"3 Sentries","floor":13,"turns":5},{"damage":0,"enemies":"Cultist","floor":14,"turns":3},{"damage":51,"enemies":"Fading Forest","floor":16,"turns":11},{"damage":14,"enemies":"3 Byrds","floor":18,"turns":5},{"damage":4,"enemies":"Chosen","floor":20,"turns":5},{"damage":18,"enemies":"Snake Plant","floor":22,"turns":2},{"damage":34,"enemies":"Gremlin Leader","floor":23,"turns":5},{"damage":35,"enemies":"Slavers","floor":27,"turns":5},{"damage":24,"enemies":"Centurion and Healer","floor":30,"turns":4},{"damage":5,"enemies":"Pondfish","floor":33,"turns":8},{"damage":9,"enemies":"Orb Walker","floor":35,"turns":2},{"damage":23,"enemies":"Mind Bloom Boss Battle","floor":36,"turns":6},{"damage":0,"enemies":"R_Hoarder","floor":40,"turns":6},{"damage":53,"enemies":"Giant Head","floor":42,"turns":7},{"damage":2,"enemies":"Nemesis","floor":44,"turns":7},{"damage":0,"enemies":"3 Darklings","floor":48,"turns":2},{"damage":29,"enemies":"Donu and Deca","floor":50,"turns":6},{"damage":11,"enemies":"Shield and Spear","floor":54,"turns":6},{"damage":61,"enemies":"The Heart","floor":55,"turns":7}],"seed_played":"8945723547065629233","potions_obtained":[{"floor":8,"key":"EssenceOfSteel"},{"floor":16,"key":"Reflective Coating"},{"floor":18,"key":"Dexterity Potion"},{"floor":22,"key":"LiquidMemories"},{"floor":35,"key":"Strength Potion"}],"is_trial":false,"path_per_floor":["M","$","?","?","?","R","M","E","T","E","?","R","E","M","R","B",null,"M","AVR","M","?","M","E","R","?","T","E","R","?","M","$","R_BF","B",null,"M","?","?","?","T","E","R","E","T","E","$","R","$","M","R","B",null,"R","$","E","B",null],"character_chosen":"IRONCLAD","items_purchased":["StuffTheSpire:Barrel","Replay:Rubber Ducky","True Grit","Block Potion","Flex","Energy Potion","Mercury Hourglass","War Paint","Flex","Iron Hammer","Brimstone","Mirror","PreservedInsect","Body Slam","Reflective Coating","ReplayTheSpireMod:Private Reserves"],"campfire_rested":5,"item_purchase_floors":[0,0,0,0,2,2,31,31,31,31,45,45,47,47,53,53],"current_hp_per_floor":[52,52,50,50,50,74,80,66,66,65,50,74,55,67,67,38,86,84,84,86,64,52,33,52,64,64,41,60,60,50,50,50,72,76,75,70,51,63,63,85,85,52,58,79,79,100,100,106,106,88,106,106,106,106,72],"gold":139,"neow_bonus":"","is_daily":false,"chose_seed":false,"campfire_upgraded":3,"win_rate":0.0,"timestamp":1612041583,"path_taken":["M","$","?","?","?","R","M","E","T","E","?","R","E","M","R","BOSS","M","AVR","M","?","M","E","R","?","T","E","R","?","M","$","R_BF","BOSS","M","?","?","?","?","E","R","E","T","E","?","R","$","M","R","BOSS","R","$","E","BOSS"],"items_purchased_type":["Relic","Relic","Card","Potion","Card","Potion","Relic","Relic","Card","Relic","Relic","Relic","Relic","Card","Potion","Card"],"build_version":"2020-12-22","purchased_purges":13,"victory":true,"max_hp_per_floor":[80,80,80,80,80,80,80,80,80,80,80,80,80,86,86,86,86,92,92,92,64,64,64,64,64,64,64,64,64,70,70,70,76,76,76,82,82,94,94,94,94,94,100,100,100,100,100,106,106,106,106,106,106,106,106],"card_choices":[{"not_picked":["Headbutt","StuffTheSpire:Incineration"],"picked":"Dropkick","floor":1},{"not_picked":["Sever Soul","Body Slam"],"picked":"Shockwave","floor":7},{"not_picked":["Rupture","ReplayTheSpireMod:Strike From Hell","Twin Strike"],"picked":"SKIP","floor":8},{"not_picked":["Dropkick","Rage"],"picked":"Heavy Blade","floor":10},{"not_picked":["StuffTheSpire:Slingshot","Corruption","Entrench"],"picked":"SKIP","floor":13},{"not_picked":["StuffTheSpire:Slingshot","Clash"],"picked":"Spot Weakness","floor":14},{"not_picked":["Exhume","Fiend Fire"],"picked":"Impervious","floor":16},{"not_picked":["ReplayTheSpireMod:Strike From Hell","Sever Soul"],"picked":"Spot Weakness","floor":18},{"not_picked":["Thunderclap","Twin Strike"],"picked":"Armaments","floor":20},{"not_picked":["Sword Boomerang+1","Replay:Undeath\u0027s Touch"],"picked":"Flame Barrier+1","floor":22},{"not_picked":["Wild Strike+1","Anger"],"picked":"infinitespire:OneForAll+1","floor":23},{"not_picked":["Brutality","Eclipse","Spot Weakness"],"picked":"SKIP","floor":27},{"not_picked":["Rampage","Havoc","Replay:Undeath\u0027s Touch"],"picked":"SKIP","floor":30},{"not_picked":["Juggernaut","Double Tap"],"picked":"Limit Break","floor":33},{"not_picked":["Perfected Strike","Twin Strike+1","Headbutt+1"],"picked":"SKIP","floor":35},{"not_picked":["ReplayTheSpireMod:Echoes of Time","infinitespire:FutureSight"],"picked":"infinitespire:SevenWalls","floor":38},{"not_picked":["Pommel Strike","Juggernaut"],"picked":"Inflame","floor":40},{"not_picked":["Heavy Blade+1","Clash"],"picked":"ReplayTheSpireMod:Muscle Training+1","floor":42},{"not_picked":["Run Through","Searing Blow","Blood for Blood+1"],"picked":"SKIP","floor":44},{"not_picked":["Run Through","Second Wind+1","ReplayTheSpireMod:Corrosion Curse+1"],"picked":"SKIP","floor":48},{"not_picked":["Run Through","Second Wind+1","ReplayTheSpireMod:Corrosion Curse+1"],"picked":"SKIP","floor":48},{"not_picked":["ReplayTheSpireMod:Strike From Hell","Defy Death","Thunderclap"],"picked":"SKIP","floor":54}],"player_experience":802251,"relics_obtained":[{"floor":5,"key":"Ring of Greed"},{"floor":5,"key":"Replay:Wax Seal"},{"floor":5,"key":"infinitespire:Midas Blood"},{"floor":5,"key":"ReplayTheSpireMod:Ring of Exchange"},{"floor":8,"key":"The Courier"},{"floor":9,"key":"Darkstone Periapt"},{"floor":10,"key":"reliquary:MedicineBall"},{"floor":13,"key":"StuffTheSpire:Tea"},{"floor":23,"key":"Letter Opener"},{"floor":27,"key":"reliquary:PorcupineQuills"},{"floor":36,"key":"StuffTheSpire:MayFlowers"},{"floor":37,"key":"StuffTheSpire:GreaterSneckoEye"},{"floor":39,"key":"ReplayFunnel"},{"floor":40,"key":"King of Hearts"},{"floor":42,"key":"Anchor"},{"floor":43,"key":"reliquary:TuningFork"},{"floor":44,"key":"Blue Doll"},{"floor":54,"key":"Simple Rune"}],"event_choices":[{"damage_healed":0,"gold_gain":0,"player_choice":"Success","damage_taken":3,"relics_obtained":["Replay:Bandana"],"max_hp_gain":0,"max_hp_loss":0,"event_name":"Scrap Ooze","floor":3,"gold_loss":0},{"damage_healed":0,"gold_gain":0,"player_choice":"Entered Light","damage_taken":16,"max_hp_gain":0,"max_hp_loss":0,"event_name":"Shining Light","floor":11,"gold_loss":0,"cards_upgraded":["Flex","Dropkick"]},{"damage_healed":0,"gold_gain":0,"player_choice":"Became a vampire","damage_taken":0,"max_hp_gain":0,"max_hp_loss":28,"event_name":"Vampires","floor":21,"gold_loss":0,"cards_obtained":["Bite","Bite","Bite","Bite","Bite"]},{"damage_healed":21,"gold_gain":0,"player_choice":"Heal","damage_taken":0,"max_hp_gain":0,"max_hp_loss":0,"event_name":"The Library","floor":25,"gold_loss":0},{"cards_removed":["Replay:Hysterical Blindness"],"damage_healed":0,"gold_gain":0,"player_choice":"Elegance","damage_taken":0,"max_hp_gain":0,"max_hp_loss":0,"event_name":"Back to Basics","floor":29,"gold_loss":0},{"damage_healed":0,"gold_gain":0,"player_choice":"Fight","damage_taken":0,"max_hp_gain":0,"max_hp_loss":0,"event_name":"MindBloom","floor":36,"gold_loss":0}],"is_beta":false,"boss_relics":[{"not_picked":["reliquary:RedCape","Orrery"],"picked":"reliquary:RedPaperclip"},{"not_picked":["reliquary:Ember","Guide Book"],"picked":"Toolbox"}],"items_purged_floors":[0,0,2,2,19,31,31,31,31,45,45,45,53],"is_endless":false,"potions_floor_spawned":[8,13,14,16,18,22,27,35,36,44,48],"ascension_level":1}}