{"host":"72u2l81w7bxoihz9","time":1612010330,"event":{"mods":["Act Like it!","Aspiration","BaseMod","BetterRewards","Dota2Spire","Downfall","Friendly Minions","Gensokyo","GifTheSpireLib","Hallownest","Hermit","KinomotoSakuraMod(木之本樱)","Luminous","Marisa（F雨　魔理沙）","Minty Spire (QoL Compilation)","MostiFishMod","Prisma Mod","Remilia（蕾米莉亚）","Replay The Spire","Shop Mod","Spicy Shops","StSLib","TestMod","The Bug Knight","The Construct","The Cursed","The Gatherer","TheWitcher","UnlockEverythingMod","Yakumo Yukari mod","Yuyuko","[IsaacMod]以撒尖塔","noobMod","【功能Mod】聪明的最终Boss","篝火指南"],"gold_per_floor":[109,127,127,147,166,166,204,204,204,228,85,101,176,201,295,425,425,444,444,152,152,166,11,11,42,96,195,195,233,-1107,-1086,-1086,-962,-962,-948,-948,-927,-909,-893,-893,-862,-862,-862,-841,-818,-818,-818,-754,-754,-754],"floor_reached":51,"language":"ZHS","playtime":5144,"items_purged":["ReplayTheSpireMod:Splinters"],"score":749,"play_id":"b1cbe9b8-4fcf-41d8-b6e9-3ba4ab6a2576","local_time":"20210130203850","is_ascension_mode":false,"campfire_choices":[{"data":"PrismaMod:IllyaAssassinRevenge","floor":6,"key":"SMITH"},{"data":"PrismaMod:IllyaCarnivalOrbs","floor":8,"key":"SMITH"},{"data":"PrismaMod:IllyaUncommonDefend","floor":24,"key":"SMITH"},{"data":"PrismaMod:IllyaSaphire","floor":28,"key":"SMITH"},{"data":"PrismaMod:IllyaRussianRoulette","floor":32,"key":"SMITH"},{"data":"PrismaMod:IllyaCheapChannelPoison","floor":40,"key":"SMITH"},{"data":"MostiFishMod:Dust","floor":42,"key":"SMITH"},{"data":"PrismaMod:IllyaUncommonEvoke","floor":46,"key":"SMITH"},{"data":"PrismaMod:IllyaGrail","floor":49,"key":"SMITH"}],"circlet_count":0,"master_deck":["PrismaMod:IllyaCommonAttack","PrismaMod:IllyaCommonDefend","PrismaMod:IllyaCommonAttack","PrismaMod:IllyaCommonDefend","PrismaMod:IllyaCommonAttack","PrismaMod:IllyaCommonDefend","PrismaMod:IllyaCommonAttack","PrismaMod:IllyaCommonDefend","PrismaMod:IllyaCommonAttack","PrismaMod:IllyaCommonDefend","PrismaMod:IllyaUncommonAttack","PrismaMod:IllyaUncommonDefend+1","PrismaMod:IllyaGrail+1","PrismaMod:IllyaBerserCAR","PrismaMod:IllyaCheapChannelPoison+1","PrismaMod:IllyaAssassinRevenge+1","PrismaMod:IllyaCarnivalOrbs+1","PrismaMod:IllyaSaphire+1","PrismaMod:IllyaDevil","PrismaMod:IllyaAOECommonAttack","PrismaMod:IllyaInstallSaber","PrismaMod:IllyaRussianRoulette+1","PrismaMod:IllyaCheapChannelAttack+1","PrismaMod:IllyaUncommonDefend+1","MostiFishMod:Dust+1","PrismaMod:IllyaBerserCAR+1","Perseverance+1"],"relics":["PrismaMod:PrismaRuby","testmod-TestBox","HushsDoor","DaveBox","ice","testmod-HarvestTotem","GreenFoldingFan","SynthV:TestCard","Golden Idol","aspiration:StickyExplosives_weak","TungstenRod","MerchantsRug","ReplayTheSpireMod:CursedCoin","aspiration:SecretTechniqueScroll","Diplopia","aspiration:AnachronicSnailShell","aspiration:ChemicalBlood","SynthV:MejaisSoulstealer","aspiration:WatcherSkillbook","Vajra","HornCleat","testmod-Alchemist"],"acts_visited":["Exordium","TheCity","TheBeyond"],"potions_floor_usage":[7,16,33,33,35,39,41,50,50],"damage_taken":[{"damage":8.0,"enemies":"Cultist","floor":1.0,"turns":4.0},{"damage":6.0,"enemies":"Small Slimes","floor":2.0,"turns":3.0},{"damage":7,"enemies":"2 Louse","floor":4,"turns":3},{"damage":6,"enemies":"Blue Slaver","floor":5,"turns":3},{"damage":15,"enemies":"Gremlin Nob","floor":7,"turns":4},{"damage":15,"enemies":"Exordium Wildlife","floor":10,"turns":3},{"damage":8,"enemies":"Large Slime","floor":12,"turns":5},{"damage":34,"enemies":"Lagavulin Event","floor":13,"turns":5},{"damage":6,"enemies":"Looter","floor":14,"turns":3},{"damage":87,"enemies":"Hexaghost","floor":16,"turns":9},{"damage":6,"enemies":"Spheric Guardian","floor":18,"turns":4},{"damage":43,"enemies":"2 Thieves","floor":22,"turns":4},{"damage":25,"enemies":"HollowMod:Nosk","floor":25,"turns":6},{"damage":5,"enemies":"Snecko","floor":29,"turns":5},{"damage":4,"enemies":"Sentry and Sphere","floor":31,"turns":4},{"damage":24,"enemies":"Collector","floor":33,"turns":6},{"damage":1,"enemies":"3 Shapes","floor":35,"turns":3},{"damage":20,"enemies":"Orb Walker","floor":37,"turns":3},{"damage":8,"enemies":"Maw","floor":38,"turns":6},{"damage":43,"enemies":"Jaw Worm Horde","floor":39,"turns":5},{"damage":7,"enemies":"Nemesis","floor":41,"turns":7},{"damage":4,"enemies":"3 Darklings","floor":44,"turns":4},{"damage":5,"enemies":"Maw","floor":45,"turns":5},{"damage":27,"enemies":"2 Orb Walkers","floor":48,"turns":4},{"damage":21,"enemies":"Awakened One","floor":50,"turns":9}],"seed_played":"2499275598520423494","potions_obtained":[{"floor":2,"key":"SteroidPotion"},{"floor":14,"key":"DuplicationPotion"},{"floor":22,"key":"Reflective Coating"},{"floor":31,"key":"LiquidBronze"},{"floor":33,"key":"LifebloodPotion"},{"floor":38,"key":"GamblersBrew"},{"floor":39,"key":"testmod-SpacePotion"},{"floor":44,"key":"Energy Potion"}],"is_trial":false,"path_per_floor":["M","M","?","M","M","R","E","R","T","M","$","M","?","M","R","B",null,"M","?","$","?","M","$","R","E","T","?","R","M","R","M","R","B",null,"M","$","M","M","M","R","E","R","T","M","M","R","?","?","R","B",null],"character_chosen":"ILLYA","items_purchased":["MerchantsRug","ReplayTheSpireMod:CursedCoin","PrismaMod:IllyaAOECommonAttack","Diplopia","aspiration:AnachronicSnailShell","SynthV:MejaisSoulstealer"],"campfire_rested":0,"item_purchase_floors":[11,15,15,20,23,30],"current_hp_per_floor":[180,180,135,148,162,162,167,167,167,172,172,180,166,180,180,113,180,180,180,180,180,163,163,163,180,180,180,180,180,180,180,180,180,180,180,180,180,180,163,163,180,180,180,180,180,180,180,179,179,180],"gold":-754,"neow_bonus":"TEN_PERCENT_HP_BONUS","is_daily":false,"chose_seed":false,"campfire_upgraded":9,"win_rate":0.0,"timestamp":1612010330,"path_taken":["M","M","?","M","?","R","E","R","T","M","$","M","?","M","R","BOSS","M","?","$","?","M","?","R","E","T","?","R","?","R","M","R","BOSS","M","$","M","M","?","R","E","R","T","M","M","R","?","?","R","BOSS"],"items_purchased_type":["Relic","Relic","Card","Relic","Relic","Relic"],"build_version":"2020-12-22","purchased_purges":1,"victory":true,"max_hp_per_floor":[180,180,180,180,180,180,180,180,180,180,180,180,180,180,180,180,180,180,180,180,180,180,180,180,180,180,180,180,180,180,180,180,180,180,180,180,180,180,180,180,180,180,180,180,180,180,180,180,180,180],"card_choices":[{"not_picked":[],"picked":"ChaosCard","floor":0.0},{"not_picked":["PrismaMod:IllyaCarnivalDefend","PrismaMod:IllyaFriendMaker"],"picked":"PrismaMod:IllyaGrail","floor":1.0},{"not_picked":["PrismaMod:IllyaMinorZwei","PrismaMod:IllyaRubysPotion","PrismaMod:IllyaEvokeAll","PrismaMod:IllyaStunPoison"],"picked":"PrismaMod:IllyaBerserCAR","floor":2},{"not_picked":["PrismaMod:IllyaSaphire","PrismaMod:IllyaStunPoison","PrismaMod:IllyaCheapDefend","PrismaMod:IllyaCheapChannelAttack"],"picked":"PrismaMod:IllyaCheapChannelPoison","floor":4},{"not_picked":["PrismaMod:IllyaBride","PrismaMod:IllyaCheapChannelPoison","PrismaMod:IllyaPartialInstallAssassin","PrismaMod:IllyaRubysPotion"],"picked":"PrismaMod:IllyaAssassinRevenge","floor":5},{"not_picked":["PrismaMod:IllyaGrail","PrismaMod:IllyaGrailKun","PrismaMod:IllyaStunPoison","PrismaMod:IllyaUncommonEvoke"],"picked":"PrismaMod:IllyaCarnivalOrbs","floor":7},{"not_picked":["PrismaMod:IllyaBerserCAR","PrismaMod:IllyaUpgradeOrbs","PrismaMod:IllyaUberChannel","PrismaMod:IllyaAlice","PrismaMod:IllyaMinorReinForce"],"picked":"SKIP","floor":10},{"not_picked":["PrismaMod:IllyaHassanGift","PrismaMod:IllyaUberChannel","PrismaMod:IllyaRubysPotion","PrismaMod:IllyaCheapDefend"],"picked":"PrismaMod:IllyaSaphire","floor":12},{"not_picked":["PrismaMod:IllyaCarnivalAttack","PrismaMod:IllyaDetonatingBlow","PrismaMod:IllyaRubysPotion","PrismaMod:IllyaGun"],"picked":"PrismaMod:IllyaDevil","floor":13},{"not_picked":["PrismaMod:IllyaRussianRoulette","PrismaMod:IllyaAOECommonAttack","PrismaMod:IllyaCheapChannelPoison","PrismaMod:IllyaGun","PrismaMod:IllyaBride"],"picked":"SKIP","floor":14},{"not_picked":["PrismaMod:IllyaUberPoisonChannel","PrismaMod:IllyaCarnivalAttack","PrismaMod:IllyaInstallRider","PrismaMod:IllyaCarnivalOrbs"],"picked":"PrismaMod:IllyaInstallSaber","floor":16},{"not_picked":["PrismaMod:IllyaCheapChannelAttack","PrismaMod:IllyaUpgradeOrbs","PrismaMod:IllyaFriendMaker","PrismaMod:IllyaSaphire","PrismaMod:IllyaMinorRapidFire"],"picked":"SKIP","floor":18},{"not_picked":["PrismaMod:IllyaUncommonAOEAttack+1","PrismaMod:IllyaUpgradeOrbs+1","PrismaMod:IllyaBoysLove","PrismaMod:IllyaCheapChannelAttack","PrismaMod:IllyaDetonatingBlow"],"picked":"SKIP","floor":22},{"not_picked":["PrismaMod:IllyaGrailKun","PrismaMod:IllyaGun","PrismaMod:IllyaPoisonBomb","PrismaMod:IllyaDetonatingBlow+1","PrismaMod:IllyaPoisoningPhantasm"],"picked":"SKIP","floor":25},{"not_picked":["PrismaMod:IllyaZwei","PrismaMod:IllyaSaphire+1","PrismaMod:IllyaAOECommonAttack","PrismaMod:IllyaUncommonAOEAttack"],"picked":"PrismaMod:IllyaCheapChannelAttack+1","floor":29},{"not_picked":["PrismaMod:IllyaPoisonBomb","PrismaMod:IllyaRussianRoulette","PrismaMod:IllyaPartialInstallAssassin","PrismaMod:IllyaCheapChannelDefend","PrismaMod:IllyaEvokeAll"],"picked":"SKIP","floor":31},{"not_picked":["PrismaMod:IllyaMinorZwei+1","EmptyBody+1","PathToVictory","PrismaMod:IllyaStunPoison+1","PrismaMod:IllyaCheapChannelAttack+1"],"picked":"PrismaMod:IllyaUncommonEvoke","floor":35},{"not_picked":["PrismaMod:IllyaCheapChannelPoison+1","Evaluate","PrismaMod:IllyaDualEvoke+1","FollowUp","PrismaMod:IllyaRussianRoulette+1"],"picked":"PrismaMod:IllyaUncommonDefend+1","floor":37},{"not_picked":["PrismaMod:IllyaPoisonBlock+1","PrismaMod:IllyaUpgradeOrbs","MostiFishMod:StarLaLaLa","PrismaMod:IllyaHassanGift","PrismaMod:IllyaAssassinRevenge+1","PrismaMod:IllyaFeed+1"],"picked":"SKIP","floor":38},{"not_picked":["Meditate+1","PrismaMod:IllyaDetonatingBlow","LikeWater+1","PrismaMod:IllyaTestament+1","Indignation","PrismaMod:IllyaMinorReinForce"],"picked":"SKIP","floor":39},{"not_picked":["FlyingSleeves+1","PrismaMod:IllyaHassanGift+1","PrismaMod:IllyaBerserCAR+1","PrismaMod:IllyaSaphire","PrismaMod:IllyaStunPoison"],"picked":"MostiFishMod:Dust","floor":41},{"not_picked":["EmptyBody","Protect+1","PathToVictory+1","PrismaMod:IllyaUberChannel","PrismaMod:IllyaEvokeAll+1","PrismaMod:IllyaAlice"],"picked":"SKIP","floor":44},{"not_picked":["PrismaMod:IllyaCommonEvoke","PrismaMod:IllyaMinorRapidFire","PrismaMod:IllyaHassanGift","PrismaMod:IllyaMaid+1","PrismaMod:IllyaUberChannel+1"],"picked":"PrismaMod:IllyaBerserCAR+1","floor":45},{"not_picked":["PrismaMod:IllyaReinForce+1","PrismaMod:IllyaBlindPoisonToss+1","Wish","Protect+1","Indignation+1"],"picked":"Perseverance+1","floor":48}],"player_experience":139343,"relics_obtained":[{"floor":1.0,"key":"SynthV:TestCard"},{"floor":7,"key":"aspiration:StickyExplosives_weak"},{"floor":9,"key":"TungstenRod"},{"floor":13,"key":"Dota2Spire:LinkenSphere"},{"floor":25,"key":"Dota2Spire:MantaStyle"},{"floor":26,"key":"aspiration:ChemicalBlood"},{"floor":41,"key":"Vajra"},{"floor":43,"key":"HornCleat"},{"floor":48,"key":"testmod-Alchemist"}],"event_choices":[{"damage_healed":0,"gold_gain":0,"player_choice":"Take Damage","damage_taken":45,"relics_obtained":["Golden Idol"],"max_hp_gain":0,"max_hp_loss":0,"event_name":"Golden Idol","floor":3,"gold_loss":0},{"damage_healed":0,"gold_gain":0,"player_choice":"Searched \u00271\u0027 times","damage_taken":0,"max_hp_gain":0,"max_hp_loss":0,"event_name":"Dead Adventurer","floor":13,"gold_loss":0},{"damage_healed":0,"gold_gain":0,"player_choice":"Read","damage_taken":0,"max_hp_gain":0,"max_hp_loss":0,"event_name":"The Library","floor":21,"gold_loss":0,"cards_obtained":["PrismaMod:IllyaRussianRoulette"]},{"damage_healed":0,"gold_gain":99,"player_choice":"Stole From Cult","damage_taken":0,"max_hp_gain":0,"max_hp_loss":0,"event_name":"Nest","floor":27,"gold_loss":0},{"cards_removed":["PrismaMod:IllyaUncommonEvoke"],"damage_healed":0,"gold_gain":0,"player_choice":"Removed Attack","damage_taken":0,"max_hp_gain":0,"max_hp_loss":0,"event_name":"Falling","floor":47,"gold_loss":0},{"damage_healed":0,"gold_gain":0,"player_choice":"Fight","damage_taken":0,"max_hp_gain":0,"max_hp_loss":0,"event_name":"Mysterious Sphere","floor":48,"gold_loss":0}],"is_beta":false,"boss_relics":[{"not_picked":["testmod-DreamHouse","Replay:Bronze Core"],"picked":"aspiration:SecretTechniqueScroll"},{"not_picked":[]},{"not_picked":["Runic Dome","FixedStarFall"],"picked":"aspiration:WatcherSkillbook"},{"not_picked":[]}],"items_purged_floors":[15],"is_endless":false,"potions_floor_spawned":[2,14,22,31,33,38,39,44],"ascension_level":0}}