{"host":"0pqkjyfh91td6rj0","time":1612042845,"event":{"mods":["BaseMod","Colored Map","Minty Spire (QoL Compilation)","Relic Stats","UnlockEverythingMod"],"gold_per_floor":[165,178,178,178,189,221,221,221,221],"floor_reached":8,"language":"ENG","playtime":584,"items_purged":[],"score":112,"play_id":"0d836870-d4e0-44ee-ab14-704eeba6440b","local_time":"20210130164045","is_ascension_mode":true,"campfire_choices":[{"floor":7,"key":"REST"}],"circlet_count":0,"master_deck":["AscendersBane","Strike_G","Strike_G","Strike_G","Strike_G+1","Strike_G","Defend_G","Defend_G","Defend_G","Survivor","Neutralize","Underhanded Strike","Dagger Spray","Backflip","Skewer","Escape Plan"],"relics":["Tiny House","Boot"],"acts_visited":["Exordium"],"potions_floor_usage":[6,8],"damage_taken":[{"damage":12,"enemies":"Small Slimes","floor":1,"turns":4},{"damage":2,"enemies":"Jaw Worm","floor":2,"turns":5},{"damage":6,"enemies":"Cultist","floor":5,"turns":4},{"damage":26,"enemies":"Gremlin Nob","floor":6,"turns":4},{"damage":32,"enemies":"Lagavulin","floor":8,"turns":6}],"seed_played":"-6308192605784432484","potions_obtained":[{"floor":0,"key":"AttackPotion"},{"floor":2,"key":"Fruit Juice"},{"floor":6,"key":"CunningPotion"}],"is_trial":false,"path_per_floor":["M","M","?","?","M","E","R","E"],"character_chosen":"THE_SILENT","items_purchased":[],"campfire_rested":1,"item_purchase_floors":[],"current_hp_per_floor":[52,50,43,43,37,11,32,0,0],"gold":221,"neow_bonus":"BOSS_RELIC","is_daily":false,"chose_seed":false,"campfire_upgraded":0,"win_rate":0.0,"timestamp":1612042845,"path_taken":["M","M","?","?","M","E","R","E"],"items_purchased_type":[],"build_version":"2020-12-22","purchased_purges":0,"victory":false,"max_hp_per_floor":[71,71,71,71,71,71,71,71,71],"relic_stats":{"counters":[5,23],"Boot":[14],"obtain_stats":[{"Tiny House":0,"Boot":6,"Ring of the Snake":0},{"Tiny House":0,"Boot":4,"Ring of the Snake":0},{"Tiny House":0,"Boot":17,"Ring of the Snake":0}]},"card_choices":[{"not_picked":["Backflip","Bane"],"picked":"Underhanded Strike","floor":0},{"not_picked":["Backflip","Deflect"],"picked":"Dagger Spray","floor":1},{"not_picked":["Underhanded Strike","Night Terror"],"picked":"Backflip","floor":2},{"not_picked":["Bane","PiercingWail"],"picked":"Skewer","floor":5},{"not_picked":["Underhanded Strike","Dodge and Roll"],"picked":"Escape Plan","floor":6}],"player_experience":134915,"relics_obtained":[{"floor":6,"key":"Boot"}],"event_choices":[{"cards_removed":["Defend_G"],"damage_healed":0,"gold_gain":0,"player_choice":"Card Removal","damage_taken":7,"max_hp_gain":0,"max_hp_loss":0,"event_name":"Golden Wing","floor":3,"gold_loss":0},{"cards_removed":["Defend_G"],"damage_healed":0,"gold_gain":0,"player_choice":"Offered Basic","damage_taken":0,"max_hp_gain":0,"max_hp_loss":0,"event_name":"Bonfire Elementals","floor":4,"gold_loss":0}],"is_beta":false,"boss_relics":[],"items_purged_floors":[],"is_endless":false,"potions_floor_spawned":[2,6],"killed_by":"Lagavulin","ascension_level":20}}