{"host":"Arthrogeddon","time":1612015447,"event":{"mods":["BaseMod","Beaked The Cultist","ChefMod","Downfall","Glutton Mod","Hermit","Highlight Path","Infinite Spire","Mad Scientist","Minty Spire (QoL Compilation)","StSLib","The Construct","The Cursed","The Disciple","The Hierophant","The Marked","The Mystic","The Necromancer","The Runesmith","The Witch"],"gold_per_floor":[116,134,151,151,226,226,242,242,242,242,255,293,293,306,306,435,435,460,89,122,140,140,140,173,173,173,193,193,193,193,218,218,320,320,332,554,566,579,64,64,77,77,146,163,163,175,175,195,195,195,195],"floor_reached":50,"language":"ENG","playtime":8564,"items_purged":["Strike_B"],"score":507,"play_id":"4935e582-93e5-4d78-aa67-e975e2a0c9c7","local_time":"20210130150407","is_ascension_mode":false,"campfire_choices":[{"floor":6.0,"key":"REST"},{"data":"Redo","floor":8.0,"key":"SMITH"},{"data":"Conserve Battery","floor":10.0,"key":"SMITH"},{"data":"Rainbow","floor":15.0,"key":"SMITH"},{"floor":23.0,"key":"REST"},{"floor":25.0,"key":"REST"},{"data":"Creative AI","floor":28.0,"key":"SMITH"},{"floor":32.0,"key":"REST"},{"floor":40.0,"key":"REST"},{"floor":42.0,"key":"REST"},{"floor":49.0,"key":"REST"}],"circlet_count":0,"master_deck":["Strike_B","Defend_B","Defend_B","Defend_B","Defend_B","Zap","Dualcast","Conserve Battery+1","Redo+1","Capacitor","Go for the Eyes","Leap","Rainbow+1","Conserve Battery","Creative AI+1","Conserve Battery+1","Redo+1","Ball Lightning","Necronomicurse","Chaos+1","Multi-Cast","DevaForm","Defragment","Lockon","Conserve Battery+1","Conserve Battery+1","Parasite","Decay","infinitespire:UltimateForm","Skim"],"relics":["Cracked Core","Bloody Idol","Bottled Flame","infinitespire:Lychee Nut","Empty Cage","Strawberry","DollysMirror","Red Mask","Pocketwatch","Calipers","Necronomicon","Orichalcum","beaked:SacredDeck","Medical Kit","Happy Flower","infinitespire:SolderingIron"],"acts_visited":["Exordium","TheCity","TheBeyond"],"potions_floor_usage":[50,50,50],"damage_taken":[{"damage":0.0,"enemies":"2 Louse","floor":1.0,"turns":4.0},{"damage":5.0,"enemies":"Small Slimes","floor":2.0,"turns":4.0},{"damage":6.0,"enemies":"Jaw Worm","floor":3.0,"turns":3.0},{"damage":4.0,"enemies":"3 Louse","floor":7.0,"turns":5.0},{"damage":21.0,"enemies":"Exordium Thugs","floor":11.0,"turns":5.0},{"damage":17.0,"enemies":"Lagavulin","floor":12.0,"turns":9.0},{"damage":8.0,"enemies":"2 Fungi Beasts","floor":14.0,"turns":4.0},{"damage":36.0,"enemies":"Slime Boss","floor":16.0,"turns":9.0},{"damage":8.0,"enemies":"Chosen","floor":18.0,"turns":8.0},{"damage":59.0,"enemies":"Masked Bandits","floor":20.0,"turns":6.0},{"damage":6.0,"enemies":"Shell Parasite","floor":21.0,"turns":9.0},{"damage":10.0,"enemies":"Book of Stabbing","floor":24.0,"turns":7.0},{"damage":2.0,"enemies":"Centurion and Healer","floor":27.0,"turns":8.0},{"damage":20.0,"enemies":"Nightmare","floor":31.0,"turns":9.0},{"damage":52.0,"enemies":"Automaton","floor":33.0,"turns":14.0},{"damage":22.0,"enemies":"3 Darklings","floor":35.0,"turns":7.0},{"damage":12.0,"enemies":"3 Shapes","floor":37.0,"turns":5.0},{"damage":53.0,"enemies":"3 Darklings","floor":38.0,"turns":9.0},{"damage":22.0,"enemies":"Spire Growth","floor":41.0,"turns":6.0},{"damage":36.0,"enemies":"Sphere and 2 Shapes","floor":44.0,"turns":7.0},{"damage":13.0,"enemies":"Maw","floor":46.0,"turns":5.0},{"damage":6.0,"enemies":"Spire Growth","floor":48.0,"turns":7.0},{"damage":63,"enemies":"Awakened One","floor":50,"turns":5}],"seed_played":"-4054505588376495356","potions_obtained":[{"floor":2.0,"key":"Fruit Juice"},{"floor":16.0,"key":"CultistPotion"},{"floor":24.0,"key":"Strength Potion"},{"floor":27.0,"key":"FearPotion"},{"floor":33.0,"key":"FocusPotion"},{"floor":35.0,"key":"SneckoOil"},{"floor":38.0,"key":"SkillPotion"}],"is_trial":false,"path_per_floor":["M","M","M","?","?","R","M","R","T","R","M","E","?","M","R","B",null,"M","$","?","M","?","R","E","R","T","M","R","?","?","NM","R","B",null,"M","?","M","M","$","R","M","R","T","M","?","M","?","M","R","B"],"character_chosen":"DEFECT","items_purchased":["Strawberry","DollysMirror","Medical Kit","Happy Flower","infinitespire:BlackPotion","Lockon"],"campfire_rested":7,"item_purchase_floors":[19,19,39,39,39,39],"current_hp_per_floor":[82,82,76,55,44,70,66,66,66,66,45,28,49,47,47,17,65,57,64,11,11,11,32,33,54,54,63,63,63,47,38,59,18,72,57,62,61,19,19,40,29,50,55,30,30,28,28,33,54,0,0],"gold":195,"neow_bonus":"TEN_PERCENT_HP_BONUS","is_daily":false,"chose_seed":false,"campfire_upgraded":4,"win_rate":0.0,"timestamp":1612015447,"path_taken":["M","M","M","?","?","R","M","R","T","R","M","E","?","M","R","BOSS","M","$","?","M","?","R","E","R","T","?","R","?","?","NM","R","BOSS","M","?","M","M","$","R","M","R","T","M","?","M","?","M","R","BOSS"],"items_purchased_type":["Relic","Relic","Relic","Relic","Potion","Card"],"build_version":"2020-11-17","purchased_purges":1,"victory":false,"max_hp_per_floor":[82,87,87,87,87,87,87,87,87,87,87,65,65,65,65,65,65,65,72,72,72,72,72,72,72,72,72,72,72,72,72,72,72,72,72,72,72,72,72,72,72,72,72,72,72,72,72,72,72,72,72],"card_choices":[{"not_picked":["Tempest","Streamline"],"picked":"Conserve Battery","floor":1.0},{"not_picked":["Genetic Algorithm","Consume"],"picked":"Redo","floor":2.0},{"not_picked":["Genetic Algorithm","Streamline"],"picked":"Capacitor","floor":3.0},{"not_picked":["Tempest","Hello World"],"picked":"Go for the Eyes","floor":7.0},{"not_picked":["Compile Driver","Cold Snap"],"picked":"Leap","floor":11.0},{"not_picked":["Stack","Aggregate"],"picked":"Rainbow","floor":12.0},{"not_picked":["Steam","Barrage"],"picked":"Conserve Battery","floor":14.0},{"not_picked":["Seek","Fission"],"picked":"Creative AI","floor":16.0},{"not_picked":["Auto Shields","Steam Power+1"],"picked":"Conserve Battery+1","floor":18.0},{"not_picked":["Barrage","Doom and Gloom","Gash"],"picked":"SKIP","floor":21.0},{"not_picked":["Gash","Streamline+1"],"picked":"Ball Lightning","floor":24.0},{"not_picked":["Consume","Storm+1","Genetic Algorithm"],"picked":"SKIP","floor":27.0},{"not_picked":["Hologram","Conserve Battery"],"picked":"Chaos+1","floor":31.0},{"not_picked":["Thunder Strike","Biased Cognition"],"picked":"Multi-Cast","floor":33.0},{"not_picked":["Streamline","Beam Cell"],"picked":"Defragment","floor":35.0},{"not_picked":["Leap","Hologram+1","Steam+1"],"picked":"SKIP","floor":37.0},{"not_picked":["Hello World+1","Ball Lightning","Reprogram"],"picked":"SKIP","floor":38.0},{"not_picked":["Ball Lightning+1","Aggregate"],"picked":"Conserve Battery+1","floor":41.0},{"not_picked":["Gash+1","Rainbow"],"picked":"Conserve Battery+1","floor":44.0},{"not_picked":["Stack","Ball Lightning","Beam Cell"],"picked":"SKIP","floor":46.0},{"not_picked":["infinitespire:SevenWalls","infinitespire:FinalStrike"],"picked":"infinitespire:UltimateForm","floor":47.0},{"not_picked":["Hello World+1","Cold Snap"],"picked":"Skim","floor":48.0}],"player_experience":31390,"relics_obtained":[{"floor":9.0,"key":"Bottled Flame"},{"floor":12.0,"key":"infinitespire:Lychee Nut"},{"floor":20.0,"key":"Red Mask"},{"floor":24.0,"key":"Pocketwatch"},{"floor":26.0,"key":"Calipers"},{"floor":30.0,"key":"Necronomicon"},{"floor":31.0,"key":"Orichalcum"},{"floor":43.0,"key":"infinitespire:SolderingIron"}],"event_choices":[{"damage_healed":0.0,"max_hp_gain":0.0,"max_hp_loss":0.0,"gold_gain":0.0,"event_name":"Golden Idol","player_choice":"Take Damage","floor":4.0,"gold_loss":0.0,"damage_taken":21.0,"relics_obtained":["Golden Idol"]},{"damage_healed":0.0,"max_hp_gain":0.0,"max_hp_loss":0.0,"gold_gain":75.0,"event_name":"World of Goop","player_choice":"Gather Gold","floor":5.0,"gold_loss":0.0,"damage_taken":11.0},{"damage_healed":21.0,"max_hp_gain":0.0,"max_hp_loss":0.0,"gold_gain":0.0,"event_name":"Big Fish","player_choice":"Banana","floor":13.0,"gold_loss":0.0,"damage_taken":0.0},{"damage_healed":0.0,"max_hp_gain":0.0,"max_hp_loss":0.0,"gold_gain":0.0,"event_name":"Masked Bandits","player_choice":"Fought Bandits","floor":20.0,"gold_loss":0.0,"damage_taken":0.0},{"damage_healed":0.0,"max_hp_gain":0.0,"max_hp_loss":0.0,"gold_gain":0.0,"event_name":"Forgotten Altar","player_choice":"Gave Idol","floor":22.0,"relics_lost":["Golden Idol"],"gold_loss":0.0,"damage_taken":0.0,"relics_obtained":["Bloody Idol"]},{"damage_healed":0.0,"max_hp_gain":0.0,"max_hp_loss":0.0,"gold_gain":0.0,"event_name":"Cursed Tome","player_choice":"Obtained Book","floor":30.0,"gold_loss":0.0,"damage_taken":16.0},{"damage_healed":0.0,"max_hp_gain":0.0,"max_hp_loss":0.0,"gold_gain":222.0,"event_name":"Tomb of Lord Red Mask","player_choice":"Wore Mask","floor":36.0,"gold_loss":0.0,"damage_taken":0.0},{"damage_healed":0.0,"max_hp_gain":0.0,"max_hp_loss":0.0,"gold_gain":0.0,"event_name":"Mysterious Sphere","player_choice":"Ignored","floor":45.0,"gold_loss":0.0,"damage_taken":0.0}],"is_beta":true,"boss_relics":[{"not_picked":["Black Star","Sozu"],"picked":"Empty Cage"},{"not_picked":["Coffee Dripper","Busted Crown"],"picked":"beaked:SacredDeck"}],"items_purged_floors":[19],"is_endless":true,"potions_floor_spawned":[2,16,24,27,33,35,38,41,44],"killed_by":"Awakened One","ascension_level":0}}