{"host":"928gv66myv2vlnsd","time":1612021738,"event":{"mods":["BaseMod","Minty Spire (QoL Compilation)","StSLib"],"gold_per_floor":[111,126,138,153,165,197,197,197,251,251,265,5,39,53,53,128,128,140,159,159,171,184,184,212,27,27,27,0,34,34,54,54,131,131,149,164,64,64,89,89,120,120,143,57,57,74,99,110,110,110],"floor_reached":51,"language":"ENG","playtime":3471,"items_purged":["Strike_G","Writhe","Dash"],"score":1433,"play_id":"a7a88603-f7d0-4453-a736-82642c0e4a7a","local_time":"20210130104858","is_ascension_mode":true,"campfire_choices":[{"floor":10,"key":"REST"},{"data":"Well Laid Plans","floor":15,"key":"SMITH"},{"data":"Tools of the Trade","floor":23,"key":"SMITH"},{"data":"Neutralize","floor":27,"key":"SMITH"},{"floor":30,"key":"REST"},{"data":"Footwork","floor":32,"key":"SMITH"},{"floor":40,"key":"REST"},{"data":"Tactician","floor":45,"key":"SMITH"},{"floor":49,"key":"REST"}],"circlet_count":0,"master_deck":["AscendersBane","Survivor","Neutralize+1","Underhanded Strike","Terror","All Out Attack","Prepared","Prepared","Malaise","Underhanded Strike","Tactician+1","Well Laid Plans+1","Tools of the Trade+1","Backflip","Backflip","Backflip","Bane","Crippling Poison","Bane","Deflect","Eviscerate+1","Blur","Footwork","Footwork+1","A Thousand Cuts","Acrobatics+1","Skewer+1","Caltrops","Dagger Throw","After Image","Phantasmal Killer","Calculated Gamble","Tactician"],"relics":["Ring of the Snake","Tough Bandages","HornCleat","Ancient Tea Set","Membership Card","Bottled Lightning","Pandora\u0027s Box","Juzu Bracelet","Lantern","Paper Crane","Bottled Flame","Prayer Wheel","HoveringKite","Incense Burner","Kunai","Frozen Egg 2"],"acts_visited":["Exordium","TheCity","TheBeyond"],"potions_floor_usage":[6,33],"damage_taken":[{"damage":10,"enemies":"Small Slimes","floor":1,"turns":5},{"damage":0,"enemies":"Jaw Worm","floor":2,"turns":7},{"damage":2,"enemies":"2 Louse","floor":3,"turns":4},{"damage":1,"enemies":"Large Slime","floor":4,"turns":7},{"damage":0,"enemies":"Lots of Slimes","floor":5,"turns":3},{"damage":7,"enemies":"Lagavulin","floor":6,"turns":7},{"damage":0,"enemies":"Looter","floor":11,"turns":2},{"damage":8,"enemies":"Gremlin Nob","floor":13,"turns":4},{"damage":0,"enemies":"2 Fungi Beasts","floor":14,"turns":3},{"damage":13,"enemies":"Hexaghost","floor":16,"turns":12},{"damage":0,"enemies":"Spheric Guardian","floor":18,"turns":5},{"damage":0,"enemies":"Chosen","floor":19,"turns":4},{"damage":17,"enemies":"Sentry and Sphere","floor":21,"turns":7},{"damage":6,"enemies":"3 Cultists","floor":22,"turns":5},{"damage":0,"enemies":"Book of Stabbing","floor":24,"turns":4},{"damage":2,"enemies":"Gremlin Leader","floor":29,"turns":6},{"damage":0,"enemies":"Centurion and Healer","floor":31,"turns":4},{"damage":6,"enemies":"Champ","floor":33,"turns":9},{"damage":0,"enemies":"Orb Walker","floor":35,"turns":3},{"damage":32,"enemies":"3 Darklings","floor":36,"turns":6},{"damage":0,"enemies":"Mind Bloom Boss Battle","floor":39,"turns":7},{"damage":0,"enemies":"Giant Head","floor":41,"turns":8},{"damage":0,"enemies":"Spire Growth","floor":46,"turns":5},{"damage":0,"enemies":"Nemesis","floor":47,"turns":9},{"damage":0,"enemies":"Sphere and 2 Shapes","floor":48,"turns":6},{"damage":13,"enemies":"Time Eater","floor":50,"turns":9}],"seed_played":"5296778198904250602","potions_obtained":[{"floor":1,"key":"Energy Potion"},{"floor":5,"key":"ColorlessPotion"},{"floor":16,"key":"LiquidMemories"},{"floor":33,"key":"SpeedPotion"}],"is_trial":false,"path_per_floor":["M","M","M","M","M","E","?","?","T","R","M","$","E","M","R","B",null,"M","M","?","M","M","R","E","$","T","R","?","E","R","M","R","B",null,"M","M","$","?","?","R","E","?","T","$","R","M","E","M","R","B",null],"character_chosen":"THE_SILENT","items_purchased":["Membership Card","SmokeBomb","Paper Crane","Caltrops","After Image"],"campfire_rested":4,"item_purchase_floors":[12,12,25,37,44],"current_hp_per_floor":[49,49,47,46,46,39,39,39,39,57,57,57,49,49,49,36,54,54,54,54,37,31,31,31,31,31,31,31,29,47,47,47,41,55,55,23,23,23,23,41,41,41,41,41,41,41,41,41,59,46],"gold":110,"neow_bonus":"ONE_RARE_RELIC","is_daily":false,"chose_seed":false,"campfire_upgraded":5,"win_rate":0.0,"timestamp":1612021738,"path_taken":["M","M","M","M","M","E","?","?","T","R","M","$","E","M","R","BOSS","M","M","?","M","M","R","E","$","T","R","?","E","R","M","R","BOSS","M","M","$","?","?","R","E","?","T","$","R","M","E","M","R","BOSS"],"items_purchased_type":["Relic","Potion","Relic","Card","Card"],"build_version":"2020-12-22","purchased_purges":3,"victory":true,"max_hp_per_floor":[60,60,60,60,60,60,60,60,60,60,60,60,60,60,60,60,60,60,60,60,60,60,60,60,60,60,60,60,60,60,60,60,60,60,60,60,60,60,60,60,60,60,60,60,60,60,60,60,60,60],"card_choices":[{"not_picked":["Choke","Escape Plan","Slice"],"picked":"SKIP","floor":1},{"not_picked":["Blade Dance","Poisoned Stab"],"picked":"Underhanded Strike","floor":2},{"not_picked":["Riddle With Holes","Underhanded Strike"],"picked":"Terror","floor":3},{"not_picked":["Outmaneuver","PiercingWail"],"picked":"All Out Attack","floor":4},{"not_picked":["Venomology","Distraction"],"picked":"Prepared","floor":5},{"not_picked":["PiercingWail","Flying Knee"],"picked":"Prepared","floor":6},{"not_picked":["Concentrate","Outmaneuver"],"picked":"Underhanded Strike","floor":11},{"not_picked":["All Out Attack","Sucker Punch"],"picked":"Tactician","floor":13},{"not_picked":["Poisoned Stab","Backstab"],"picked":"Well Laid Plans","floor":14},{"not_picked":["Corpse Explosion","After Image"],"picked":"Tools of the Trade","floor":16},{"not_picked":["Cloak And Dagger","Blade Dance","Outmaneuver"],"picked":"SKIP","floor":18},{"not_picked":["Dagger Spray+1","Cloak And Dagger","Deadly Poison"],"picked":"SKIP","floor":19},{"not_picked":["Backflip","Prepared"],"picked":"Eviscerate+1","floor":21},{"not_picked":["Quick Slash","Backflip+1","Acrobatics"],"picked":"SKIP","floor":22},{"not_picked":["Bane","Cloak And Dagger"],"picked":"Blur","floor":24},{"not_picked":["Heel Hook","Masterful Stab","Night Terror"],"picked":"SKIP","floor":29},{"not_picked":["Calculated Gamble","Outmaneuver"],"picked":"Footwork","floor":31},{"not_picked":["Slice","Prepared"],"picked":"Footwork","floor":31},{"not_picked":["Burst","Glass Knife"],"picked":"A Thousand Cuts","floor":33},{"not_picked":["All Out Attack","Outmaneuver+1"],"picked":"Acrobatics+1","floor":35},{"not_picked":["Dodge and Roll","Catalyst","All Out Attack"],"picked":"SKIP","floor":35},{"not_picked":["Dash","Noxious Fumes"],"picked":"Skewer","floor":36},{"not_picked":["PiercingWail+1","Deadly Poison+1","Sucker Punch"],"picked":"SKIP","floor":36},{"not_picked":["Outmaneuver","Flying Knee"],"picked":"Dagger Throw","floor":39},{"not_picked":["Bane","Skewer","Dodge and Roll"],"picked":"SKIP","floor":41},{"not_picked":["Bane","Footwork+1"],"picked":"Phantasmal Killer","floor":46},{"not_picked":["Deadly Poison","Flying Knee+1","Crippling Poison+1"],"picked":"SKIP","floor":46},{"not_picked":["Sucker Punch","Concentrate"],"picked":"Calculated Gamble","floor":47},{"not_picked":["Bane","Acrobatics"],"picked":"Tactician","floor":48},{"not_picked":["Dash","Predator","Acrobatics"],"picked":"SKIP","floor":48}],"player_experience":1386782,"relics_obtained":[{"floor":6,"key":"HornCleat"},{"floor":9,"key":"Ancient Tea Set"},{"floor":13,"key":"Bottled Lightning"},{"floor":24,"key":"Lantern"},{"floor":26,"key":"Bottled Flame"},{"floor":29,"key":"Prayer Wheel"},{"floor":39,"key":"Incense Burner"},{"floor":41,"key":"Kunai"},{"floor":47,"key":"Frozen Egg 2"}],"event_choices":[{"damage_healed":0,"gold_gain":0,"player_choice":"Searched \u00270\u0027 times","damage_taken":0,"max_hp_gain":0,"max_hp_loss":0,"event_name":"Dead Adventurer","floor":7,"gold_loss":0},{"damage_healed":0,"gold_gain":0,"cards_transformed":["Strike_G"],"player_choice":"Change","damage_taken":0,"max_hp_gain":0,"max_hp_loss":0,"event_name":"Living Wall","floor":8,"gold_loss":0,"cards_obtained":["Malaise"]},{"damage_healed":0,"gold_gain":0,"player_choice":"Opened","damage_taken":0,"relics_obtained":["Juzu Bracelet"],"max_hp_gain":0,"max_hp_loss":0,"event_name":"The Mausoleum","floor":20,"gold_loss":0,"cards_obtained":["Writhe"]},{"damage_healed":0,"gold_gain":0,"player_choice":"Paid Fearfully","damage_taken":0,"max_hp_gain":0,"max_hp_loss":0,"event_name":"Masked Bandits","floor":28,"gold_loss":27},{"damage_healed":0,"gold_gain":0,"player_choice":"Ignored","damage_taken":0,"max_hp_gain":0,"max_hp_loss":0,"event_name":"SecretPortal","floor":38,"gold_loss":0},{"damage_healed":0,"gold_gain":0,"player_choice":"Fight","damage_taken":0,"max_hp_gain":0,"max_hp_loss":0,"event_name":"MindBloom","floor":39,"gold_loss":0},{"damage_healed":0,"gold_gain":0,"player_choice":"Upgraded","damage_taken":0,"max_hp_gain":0,"max_hp_loss":0,"event_name":"Upgrade Shrine","floor":42,"gold_loss":0,"cards_upgraded":["Skewer"]}],"is_beta":false,"boss_relics":[{"not_picked":["Tiny House","Ring of the Serpent"],"picked":"Pandora\u0027s Box"},{"not_picked":["Calling Bell","Philosopher\u0027s Stone"],"picked":"HoveringKite"}],"items_purged_floors":[12,25,37],"is_endless":false,"potions_floor_spawned":[1,5,16,19,24,31,33,39,46,47,48],"ascension_level":16}}