{"host":"p9t7qd83igtcp2bh","time":1612003399,"event":{"mods":["2.2 Compatiblity","AchievementEnabler","BaseMod","Colored Map","Colored Powertips","Custom Start","DeckTracker","Keyboard Shortcuts","Minty Spire (QoL Compilation)","Permanent Neow","Spicy Shops","StSLib","SuperFastMode","everything is the same but u backflip on backflip"],"gold_per_floor":[116,62,62,62,74,102,102,102,102,137,137,151,176,188,188,188,188],"floor_reached":16,"language":"KOR","playtime":351,"items_purged":[],"score":386,"play_id":"de5d68da-9be7-42a9-9fa5-62895ad9344b","local_time":"20210130194319","is_ascension_mode":true,"campfire_choices":[{"data":"Immolate","floor":7.0,"key":"SMITH"},{"data":"Flex","floor":11.0,"key":"SMITH"},{"data":"Shockwave","floor":15.0,"key":"SMITH"}],"circlet_count":0,"master_deck":["AscendersBane","Strike_R","Strike_R","Strike_R","Strike_R","Defend_R","Defend_R","Defend_R","Defend_R","Bash","Headbutt","Flex+1","Double Tap","Pummel","Immolate+1","Flame Barrier","Shockwave+1"],"relics":["Burning Blood","NeowsBlessing","Dream Catcher","Turnip","Pantograph","MealTicket"],"acts_visited":["Exordium"],"potions_floor_usage":[16,16],"damage_taken":[{"damage":0.0,"enemies":"Small Slimes","floor":1.0,"turns":1.0},{"damage":0.0,"enemies":"Cultist","floor":5.0,"turns":1.0},{"damage":0.0,"enemies":"3 Sentries","floor":6.0,"turns":1.0},{"damage":0.0,"enemies":"Gremlin Nob","floor":10.0,"turns":2.0},{"damage":2.0,"enemies":"Jaw Worm","floor":12.0,"turns":3.0},{"damage":0.0,"enemies":"3 Sentries","floor":13.0,"turns":1.0},{"damage":0.0,"enemies":"3 Louse","floor":14.0,"turns":1.0},{"damage":79,"enemies":"Hexaghost","floor":16,"turns":9}],"seed_played":"-122018351319410077","potions_obtained":[{"floor":5.0,"key":"Energy Potion"},{"floor":6.0,"key":"SneckoOil"},{"floor":10.0,"key":"FearPotion"}],"is_trial":false,"path_per_floor":["M","$","?","$","M","E","R","?","T","E","R","M","E","M","R","B"],"character_chosen":"IRONCLAD","items_purchased":["Flex"],"campfire_rested":0,"item_purchase_floors":[2],"current_hp_per_floor":[74,74,74,74,75,75,75,75,75,75,75,75,75,75,75,0,0],"gold":188,"neow_bonus":"THREE_ENEMY_KILL","is_daily":false,"chose_seed":false,"campfire_upgraded":3,"win_rate":0.0,"timestamp":1612003399,"path_taken":["M","$","?","$","?","E","R","?","T","E","R","M","E","M","R","BOSS"],"items_purchased_type":["Card"],"build_version":"2020-12-22","purchased_purges":0,"victory":false,"max_hp_per_floor":[75,75,75,75,75,75,75,75,75,75,75,75,75,75,75,75,75],"card_choices":[{"not_picked":["Clash","Sword Boomerang"],"picked":"Headbutt","floor":1.0},{"not_picked":["Iron Wave","Sword Boomerang"],"picked":"Pummel","floor":5.0},{"not_picked":["Burning Pact","Intimidate"],"picked":"Immolate","floor":6.0},{"not_picked":["Twin Strike","Iron Wave"],"picked":"Flame Barrier","floor":10.0},{"not_picked":["Iron Wave","Twin Strike","Clash"],"picked":"SKIP","floor":12.0},{"not_picked":["Perfected Strike","Iron Wave","Infernal Blade"],"picked":"SKIP","floor":13.0},{"not_picked":["Feel No Pain","Dropkick"],"picked":"Shockwave","floor":14.0}],"player_experience":700522,"relics_obtained":[{"floor":6.0,"key":"Dream Catcher"},{"floor":9.0,"key":"Turnip"},{"floor":10.0,"key":"Pantograph"},{"floor":13.0,"key":"MealTicket"}],"event_choices":[{"damage_healed":0.0,"max_hp_gain":0.0,"max_hp_loss":0.0,"gold_gain":0.0,"cards_transformed":["Strike_R"],"event_name":"Transmorgrifier","player_choice":"Transformed","floor":3.0,"gold_loss":0.0,"damage_taken":0.0,"cards_obtained":["Double Tap"]},{"damage_healed":0.0,"max_hp_gain":0.0,"max_hp_loss":0.0,"gold_gain":0.0,"event_name":"Liars Game","player_choice":"Ignored","floor":8.0,"gold_loss":0.0,"damage_taken":0.0}],"is_beta":false,"boss_relics":[],"items_purged_floors":[],"is_endless":false,"potions_floor_spawned":[5,6,10,12],"killed_by":"Hexaghost","ascension_level":20}}