{"host":"dn6kke80v5f7isus","time":1612036950,"event":{"mods":["AchievementEnabler","Act Like it!","BaseMod","Colored Powertips","Custom Start","Defuse TimeMaze Blight","Gremlin Skip","Highlight Path","Hubris","Infinite Spire","Marisa????????","Minty Spire (QoL Compilation)","Rare Cards Sparkle","Replay The Spire","StSLib","The Servant 0.9.4","Uncapped","Unceasing Turn Reminder"],"gold_per_floor":[115,131,131,150,164,164,197,50,50,50,61,96,116,127,127,127,127],"floor_reached":16,"language":"ENG","playtime":520,"items_purged":["Strike_MRS"],"score":120,"play_id":"9b0eab9c-e0a1-4a28-9d29-4ad8b21a5c34","local_time":"20210130150230","is_ascension_mode":true,"campfire_choices":[{"data":"EscapeVelocity","floor":6,"key":"SMITH"},{"data":"UltimateShortwave","floor":10,"key":"SMITH"},{"floor":15,"key":"DIG"}],"circlet_count":0,"master_deck":["Strike_MRS","Strike_MRS","Strike_MRS","Defend_MRS","Defend_MRS","Defend_MRS","Defend_MRS","MasterSpark","UpSweep","AsteroidBelt","EscapeVelocity+1","UltimateShortwave+1","ChargingUp","MilkyWay","WitchLeyline"],"relics":["MiniHakkero","NeowsBlessing","Durian","Bird Faced Urn","hubris:SlimyHat","Eternal Feather"],"acts_visited":["Exordium"],"potions_floor_usage":[5,7,12,12],"damage_taken":[{"damage":0,"enemies":"2 Louse","floor":1,"turns":1},{"damage":0,"enemies":"Cultist","floor":2,"turns":1},{"damage":0,"enemies":"Jaw Worm","floor":4,"turns":1},{"damage":1,"enemies":"2 Fungi Beasts","floor":5,"turns":3},{"damage":26,"enemies":"3 Sentries","floor":7,"turns":8},{"damage":0,"enemies":"Large Slime","floor":11,"turns":4},{"damage":2,"enemies":"Lagavulin","floor":12,"turns":5},{"damage":29,"enemies":"Gremlin Gang","floor":13,"turns":8},{"damage":3,"enemies":"Blue Slaver","floor":14,"turns":5},{"damage":0,"enemies":"Fading Forest","floor":16,"turns":1}],"seed_played":"5959262526352394889","potions_obtained":[{"floor":1,"key":"Strength Potion"},{"floor":5,"key":"PowerPotion"},{"floor":7,"key":"FearPotion"},{"floor":11,"key":"DistilledChaos"}],"is_trial":false,"path_per_floor":["M","M","?","M","M","R","E","$","T","R","M","E","M","M","R","B"],"character_chosen":"MARISA","items_purchased":["UltimateShortwave"],"campfire_rested":0,"item_purchase_floors":[8],"current_hp_per_floor":[75,75,75,75,74,74,53,53,53,53,55,55,28,27,27,27,27],"gold":127,"neow_bonus":"THREE_ENEMY_KILL","is_daily":false,"chose_seed":false,"campfire_upgraded":2,"win_rate":0.0,"timestamp":1612036950,"path_taken":["M","M","?","M","M","R","E","$","T","R","M","E","M","M","R","BOSS"],"items_purchased_type":["Card"],"build_version":"2020-12-22","purchased_purges":1,"victory":false,"max_hp_per_floor":[75,75,75,75,75,75,80,80,80,80,80,80,80,80,80,80,80],"card_choices":[{"not_picked":["LuminesStrike","UnstableBomb","GalacticHalo"],"picked":"SKIP","floor":1},{"not_picked":["MilkyWay","LuminesStrike"],"picked":"AsteroidBelt","floor":2},{"not_picked":["ChargingUp","WitchOfGreed"],"picked":"EscapeVelocity","floor":4},{"not_picked":["DarkSpark","PowerUp","UnstableBomb"],"picked":"SKIP","floor":5},{"not_picked":["LuminesStrike","RefractionSpark","PowerUp"],"picked":"SKIP","floor":7},{"not_picked":["SporeBomb","StarlightTyphoon"],"picked":"ChargingUp","floor":11},{"not_picked":["DoubleSpark","IllusionStar","WitchOfGreed"],"picked":"SKIP","floor":12},{"not_picked":["AlicesGift","Acceleration"],"picked":"MilkyWay","floor":13},{"not_picked":["AsteroidBelt","FairyDestructionRay"],"picked":"WitchLeyline","floor":14}],"player_experience":406789,"relics_obtained":[{"floor":7,"key":"Durian"},{"floor":9,"key":"Bird Faced Urn"},{"floor":12,"key":"hubris:SlimyHat"},{"floor":15,"key":"Eternal Feather"}],"event_choices":[{"damage_healed":0,"gold_gain":0,"player_choice":"Ignored","damage_taken":0,"max_hp_gain":0,"max_hp_loss":0,"event_name":"NoteForYourself","floor":3,"gold_loss":0}],"is_beta":false,"boss_relics":[],"items_purged_floors":[8],"is_endless":false,"potions_floor_spawned":[1,5,7,11],"killed_by":"Fading Forest","ascension_level":1}}