{"host":"n1v11un6j7y72mz7","time":1612024154,"event":{"mods":["ATMod(°¢èªMod)","BaseMod","Downfall","KomeijiMod","Minty Spire (QoL Compilation)","READ ME - Guardian Mod","StSLib","Waifu the Spire"],"gold_per_floor":[99,99,99,115,115,15,15,47,47,32,32,47,47,62,82,178,178,78,93,104,121,140,168,250,267,278,310,328,339,239,6,21,116,116,116,127,144,164,9,27,53,53,67,28,44,44,56,56,69,69,69,102,2,2,2,2,2,2],"floor_reached":56,"language":"ZHS","playtime":3511,"items_purged":["bronze:Strike","bronze:Strike"],"score":847,"play_id":"906d401f-8d08-4f11-8291-bfb93785b4bf","local_time":"20210131002914","is_ascension_mode":false,"campfire_choices":[{"floor":1,"key":"RECALL"},{"data":"bronze:AlphaBuild","floor":6,"key":"SMITH"},{"data":"bronze:Mutator","floor":18,"key":"SMITH"},{"data":"bronze:BuggyMess","floor":30,"key":"SMITH"},{"data":"bronze:ItsAFeature","floor":35,"key":"SMITH"},{"data":"bronze:Goto","floor":42,"key":"SMITH"},{"data":"bronze:Assembly","floor":46,"key":"SMITH"},{"data":"expansioncontent:InvincibleStrength","floor":54,"key":"SMITH"}],"circlet_count":0,"master_deck":["bronze:Defend","bronze:Defend","bronze:Defend","bronze:Defend","bronze:Replicate","bronze:Goto+1","bronze:AlphaBuild+1","bronze:Spike","bronze:CutThrough","bronze:FollowUp","bronze:InfiniteLoop","Defend_Komeiji","bronze:Branch","bronze:BitShift","bronze:Mutator+1","bronze:Separator","bronze:Repair+1","bronze:ItsAFeature+1","bronze:BronzeOrb+1","bronze:ChosenStrike","bronze:ItsAFeature","bronze:Fortify","bronze:Frontload+1","bronze:Branch+1","bronze:BuggyMess+1","bronze:Terminator+1","bronze:Branch+1","bronze:Assembly+1","bronze:Overload+1","bronze:Iterate+1","bronze:MaxOutput+1","bronze:AlphaBuild+1","expansioncontent:InvincibleStrength+1","bronze:BugBarrage+1","bronze:Fortify","bronze:Repulsor","bronze:BugBarrage+1","expansioncontent:YouAreMine+1","bronze:Terminator+1","bronze:Return+1"],"relics":["bronze:BronzeCore","AT_ATBox","AT_DeathDance","downfall:HeartBlessingRed","AT_TimeSand","Bronze Scales","Sozu","downfall:HeartBlessingBlue","AT_ChloranthyRing","HornCleat","Nunchaku","downfall:HeartBlessingGreen","AT_BladeRuinedKing","Philosopher\u0027s Stone","DollysMirror","AT_SilvercatRing","Vajra","Mercury Hourglass"],"acts_visited":["Exordium","TheCity","TheBeyond","TheEnding"],"potions_floor_usage":[16,33,38],"damage_taken":[{"damage":7,"enemies":"WA_ARCHETYPE_DIVINITY","floor":3,"turns":4},{"damage":6,"enemies":"Jaw Worm","floor":4,"turns":2},{"damage":0,"enemies":"Gremlin Nob","floor":8,"turns":3},{"damage":0,"enemies":"downfall:FleeingMerchant","floor":10,"turns":4},{"damage":0,"enemies":"Small Slimes","floor":12,"turns":1},{"damage":0,"enemies":"2 Louse","floor":14,"turns":1},{"damage":0,"enemies":"Large Slime","floor":15,"turns":4},{"damage":22,"enemies":"SI_SHIV_ARCHETYPE","floor":16,"turns":4},{"damage":0,"enemies":"Spheric Guardian","floor":19,"turns":3},{"damage":2,"enemies":"Chosen","floor":20,"turns":2},{"damage":12,"enemies":"Snake Plant","floor":21,"turns":3},{"damage":0,"enemies":"Cultist and Chosen","floor":22,"turns":5},{"damage":0,"enemies":"Book of Stabbing","floor":23,"turns":3},{"damage":2,"enemies":"Centurion and Healer","floor":25,"turns":4},{"damage":0,"enemies":"Snecko","floor":26,"turns":3},{"damage":5,"enemies":"Slavers","floor":27,"turns":4},{"damage":2,"enemies":"Snake Plant","floor":28,"turns":3},{"damage":1,"enemies":"Cultist and Chosen","floor":29,"turns":5},{"damage":0,"enemies":"downfall:FleeingMerchant","floor":31,"turns":4},{"damage":0,"enemies":"Sentry and Sphere","floor":32,"turns":3},{"damage":0,"enemies":"WA_ARCHETYPE_CALM","floor":33,"turns":3},{"damage":0,"enemies":"Orb Walker","floor":36,"turns":2},{"damage":6,"enemies":"3 Shapes","floor":37,"turns":3},{"damage":0,"enemies":"Jaw Worm Horde","floor":38,"turns":3},{"damage":0,"enemies":"downfall:FleeingMerchant","floor":39,"turns":2},{"damage":3,"enemies":"Sphere and 2 Shapes","floor":40,"turns":3},{"damage":0,"enemies":"4 Shapes","floor":43,"turns":3},{"damage":0,"enemies":"Jaw Worm Horde","floor":45,"turns":3},{"damage":10,"enemies":"Writhing Mass","floor":47,"turns":3},{"damage":0,"enemies":"Sphere and 2 Shapes","floor":49,"turns":4},{"damage":17,"enemies":"DF_ARCHETYPE_ORBS","floor":50,"turns":4},{"damage":34,"enemies":"downfall:CharBossMerchant","floor":52,"turns":5},{"damage":39,"enemies":"downfall:NeowBoss","floor":55,"turns":10},{"damage":39,"enemies":"downfall:NeowBossFinal","floor":56,"turns":3}],"seed_played":"-5692145570924325218","potions_obtained":[{"floor":12,"key":"Weak Potion"},{"floor":14,"key":"SpeedPotion"},{"floor":15,"key":"Weak Potion"}],"is_trial":false,"path_per_floor":["R","?","?","M","?","R","T","E","T","$","?","M","?","M","M","B",null,"R","M","M","M","M","E","T","M","M","E","M","M","R","$","M","B",null,"R","M","M","M","$","M","T","R","M","?","M","R","M","?","M","B",null,"E","$","R","B","B"],"character_chosen":"THE_AUTOMATON","items_purchased":["AT_BladeRuinedKing","DollysMirror","AT_SilvercatRing","expansioncontent:InvincibleStrength","bronze:Repulsor"],"campfire_rested":0,"item_purchase_floors":[31,39,39,39,44],"current_hp_per_floor":[70,70,63,57,57,57,57,57,57,57,62,62,62,62,62,40,75,85,85,83,79,85,85,85,85,85,83,83,82,82,85,85,85,85,85,85,85,85,85,82,82,82,82,82,82,82,72,72,72,65,85,61,61,61,32,0,0,0],"gold":2,"neow_bonus":"ONE_RANDOM_RARE_CARD","is_daily":false,"chose_seed":false,"campfire_upgraded":7,"win_rate":0.0,"timestamp":1612024154,"path_taken":["R","?","?","M","?","R","T","E","?","?","?","M","?","M","M","BOSS","R","M","M","M","M","E","T","?","M","E","M","M","R","$","M","BOSS","R","M","?","M","$","M","T","R","M","?","M","R","M","?","M","BOSS","E","$","R","BOSS","BOSS"],"items_purchased_type":["Relic","Relic","Relic","Card","Card"],"build_version":"2020-12-22","purchased_purges":2,"victory":false,"max_hp_per_floor":[70,70,70,70,70,70,70,70,70,70,75,75,75,75,75,75,75,85,85,85,85,85,85,85,85,85,85,85,85,85,85,85,85,85,85,85,85,85,85,85,85,85,85,85,85,85,85,85,85,85,85,85,85,85,85,85,85,85],"card_choices":[{"not_picked":[],"picked":"bronze:Spike","floor":3},{"not_picked":["bronze:BugBarrage","bronze:Refactor"],"picked":"bronze:CutThrough","floor":3},{"not_picked":["bronze:Deprecate","bronze:WildBeam","bronze:Philosophize"],"picked":"SKIP","floor":4},{"not_picked":["bronze:Allocate","bronze:Constructor"],"picked":"bronze:FollowUp","floor":8},{"not_picked":["bronze:Branch","bronze:HardenedForm"],"picked":"bronze:InfiniteLoop","floor":10},{"not_picked":["bronze:Deprecate","bronze:CutThrough","bronze:DelayedSlice"],"picked":"SKIP","floor":12},{"not_picked":["bronze:Iterate","bronze:BitShift"],"picked":"bronze:Branch","floor":14},{"not_picked":["bronze:WhirlingStrike","bronze:OilSpill"],"picked":"bronze:BitShift","floor":15},{"not_picked":["bronze:SpaghettiCode","bronze:ThunderWave"],"picked":"bronze:Mutator","floor":16},{"not_picked":["bronze:NullPointer","bronze:Frontload"],"picked":"bronze:Separator","floor":19},{"not_picked":["bronze:DigitalCarnage","bronze:Overheat"],"picked":"bronze:Repair+1","floor":20},{"not_picked":["bronze:Overheat","bronze:Invalidate"],"picked":"bronze:ItsAFeature","floor":21},{"not_picked":["bronze:MaxOutput","bronze:Shell"],"picked":"bronze:BronzeOrb+1","floor":22},{"not_picked":["bronze:ForLoop","bronze:Safeguard"],"picked":"bronze:ChosenStrike","floor":23},{"not_picked":["bronze:Philosophize","bronze:Separator"],"picked":"bronze:ItsAFeature","floor":25},{"not_picked":["bronze:CutThrough","bronze:Frontload"],"picked":"bronze:Fortify","floor":26},{"not_picked":["bronze:Shield","bronze:FindAndReplace"],"picked":"bronze:Frontload+1","floor":27},{"not_picked":["bronze:DigitalCarnage","bronze:Constructor"],"picked":"bronze:Branch+1","floor":28},{"not_picked":["bronze:BitShift","bronze:Invalidate"],"picked":"bronze:BuggyMess","floor":29},{"not_picked":["bronze:Branch+1","bronze:ForLoop"],"picked":"bronze:Terminator+1","floor":31},{"not_picked":["bronze:Overheat","bronze:FollowUp"],"picked":"bronze:Branch+1","floor":32},{"not_picked":["bronze:CleanCode","bronze:InfiniteLoop"],"picked":"bronze:Assembly","floor":33},{"not_picked":["bronze:Branch","bronze:ClassDefault+1","bronze:Overheat+1"],"picked":"SKIP","floor":36},{"not_picked":["bronze:Frontload","bronze:Shield+1"],"picked":"bronze:Overload+1","floor":37},{"not_picked":["bronze:Invalidate","bronze:WildBeam+1"],"picked":"bronze:Iterate+1","floor":38},{"not_picked":["bronze:Shell+1","bronze:RecursiveStrike"],"picked":"bronze:MaxOutput+1","floor":39},{"not_picked":["bronze:BronzeOrb","bronze:FollowUp"],"picked":"bronze:BugBarrage+1","floor":40},{"not_picked":["bronze:BuggyMess","bronze:Invalidate"],"picked":"bronze:Fortify","floor":43},{"not_picked":["bronze:Iterate+1","bronze:Backtrace+1"],"picked":"bronze:BugBarrage+1","floor":45},{"not_picked":["bronze:Frontload","bronze:Overheat","bronze:BugBarrage"],"picked":"SKIP","floor":47},{"not_picked":["expansioncontent:PrepareCrush","expansioncontent:GuardianWhirl"],"picked":"expansioncontent:YouAreMine","floor":48},{"not_picked":["bronze:Allocate+1","bronze:MaxOutput"],"picked":"bronze:Terminator+1","floor":49},{"not_picked":["bronze:InfiniteBeams","bronze:Deprecate+1"],"picked":"bronze:Return+1","floor":52}],"player_experience":166163,"relics_obtained":[{"floor":7,"key":"AT_TimeSand"},{"floor":8,"key":"Bronze Scales"},{"floor":23,"key":"AT_ChloranthyRing"},{"floor":24,"key":"HornCleat"},{"floor":27,"key":"Nunchaku"},{"floor":41,"key":"Vajra"},{"floor":52,"key":"Mercury Hourglass"}],"event_choices":[{"cards_removed":["bronze:Strike"],"damage_healed":0,"gold_gain":0,"player_choice":"Card Removal","damage_taken":0,"max_hp_gain":0,"max_hp_loss":0,"event_name":"The Cleric","floor":2,"gold_loss":0},{"damage_healed":0,"gold_gain":0,"player_choice":"Donut","damage_taken":0,"max_hp_gain":5,"max_hp_loss":0,"event_name":"Big Fish","floor":11,"gold_loss":0},{"cards_removed":["bronze:Strike"],"damage_healed":0,"gold_gain":0,"player_choice":"Took Card","damage_taken":0,"max_hp_gain":0,"max_hp_loss":0,"event_name":"NoteForYourself","floor":13,"gold_loss":0,"cards_obtained":["Defend_Komeiji"]}],"is_beta":false,"boss_relics":[{"not_picked":["Runic Dome","Snecko Eye"],"picked":"Sozu"},{"not_picked":["Astrolabe","Coffee Dripper"],"picked":"Philosopher\u0027s Stone"}],"items_purged_floors":[31,53],"is_endless":false,"potions_floor_spawned":[12,14,15,19,22,23,25,32,37,40,43],"killed_by":"downfall:NeowBossFinal","ascension_level":0}}