{"host":"2zw05eexjythz74b","time":1612026151,"event":{"mods":["AchievementEnabler","BaseMod","Better Altar","Colored Map","Minty Spire (QoL Compilation)","StSLib","everything is the same but u backflip on backflip"],"gold_per_floor":[109,121,121,296,296,332,332,356,356,356,356,356,356,356,356,481,481,500,19,0,0,0,38,51,64,64,64,64,40,53,69,69,195,195,210,234,234,234,258,258,258,258,258],"floor_reached":42,"language":"ENG","playtime":1353,"items_purged":["Doubt"],"score":474,"play_id":"1faa22b2-5169-4e96-89ce-159d3cec3e76","local_time":"20210130110231","is_ascension_mode":true,"campfire_choices":[{"floor":7,"key":"REST"},{"floor":11,"key":"REST"},{"data":"Perfected Strike","floor":13,"key":"SMITH"},{"data":"Headbutt","floor":15,"key":"SMITH"},{"data":"Magnetism","floor":27,"key":"SMITH"},{"data":"Double Tap","floor":32,"key":"SMITH"},{"data":"Shockwave","floor":40,"key":"SMITH"}],"circlet_count":0,"master_deck":["Strike_R","Strike_R","Strike_R","Strike_R","Strike_R","Defend_R","Defend_R","Defend_R","Bash","Corruption+1","Perfected Strike+1","Headbutt+1","Twin Strike","Double Tap+1","Shockwave+1","Magnetism+1","Necronomicurse","Wild Strike","Feel No Pain+1","Pommel Strike"],"relics":["Burning Blood","Incense Burner","Golden Idol","Pantograph","Gambling Chip","Ornamental Fan","Eternal Feather","Busted Crown","TheAbacus","Necronomicon","MutagenicStrength","Meat on the Bone","Unceasing Top","Cursed Key"],"acts_visited":["Exordium","TheCity","TheBeyond"],"potions_floor_usage":[6,39,39,42],"damage_taken":[{"damage":11,"enemies":"Jaw Worm","floor":1,"turns":4},{"damage":1,"enemies":"2 Louse","floor":2,"turns":3},{"damage":32,"enemies":"Gremlin Nob","floor":6,"turns":4},{"damage":12,"enemies":"Small Slimes","floor":8,"turns":2},{"damage":9,"enemies":"Slime Boss","floor":16,"turns":10},{"damage":18,"enemies":"2 Thieves","floor":18,"turns":4},{"damage":33,"enemies":"Book of Stabbing","floor":23,"turns":4},{"damage":10,"enemies":"Shell Parasite","floor":24,"turns":2},{"damage":13,"enemies":"Centurion and Healer","floor":25,"turns":3},{"damage":0,"enemies":"Snake Plant","floor":30,"turns":3},{"damage":18,"enemies":"Snecko","floor":31,"turns":3},{"damage":27,"enemies":"Champ","floor":33,"turns":8},{"damage":2,"enemies":"Orb Walker","floor":35,"turns":2},{"damage":8,"enemies":"3 Shapes","floor":36,"turns":4},{"damage":22,"enemies":"Transient","floor":39,"turns":5},{"damage":92,"enemies":"Reptomancer","floor":42,"turns":3}],"seed_played":"8838639466392430607","potions_obtained":[{"floor":2,"key":"Fire Potion"},{"floor":30,"key":"Dexterity Potion"},{"floor":31,"key":"LiquidBronze"},{"floor":33,"key":"Block Potion"},{"floor":35,"key":"HeartOfIron"}],"is_trial":false,"path_per_floor":["M","M","?","?","?","E","R","M","T","?","R","T","R","?","R","B",null,"M","$","?","?","?","E","M","M","T","R","?","$","M","M","R","B",null,"M","M","$","?","M","R","?","E"],"character_chosen":"IRONCLAD","items_purchased":["Shockwave","TheAbacus","Magnetism","Pommel Strike"],"campfire_rested":2,"item_purchase_floors":[19,19,19,29],"current_hp_per_floor":[75,80,62,62,42,16,40,34,34,34,58,58,67,67,76,77,80,68,68,68,52,52,25,33,38,38,50,50,50,56,56,68,59,80,80,78,78,78,62,74,80,0,0],"gold":258,"neow_bonus":"ONE_RANDOM_RARE_CARD","is_daily":false,"chose_seed":false,"campfire_upgraded":5,"win_rate":0.0,"timestamp":1612026151,"path_taken":["M","M","?","?","?","E","R","M","T","?","R","?","R","?","R","BOSS","M","$","?","?","?","E","?","M","T","R","?","?","M","M","R","BOSS","M","M","$","?","M","R","?","E"],"items_purchased_type":["Card","Relic","Card","Card"],"build_version":"2020-12-22","purchased_purges":1,"victory":false,"max_hp_per_floor":[80,80,80,80,80,80,80,80,80,80,80,80,80,80,80,80,80,80,80,80,80,80,80,80,80,80,80,80,80,80,80,80,80,80,80,80,80,80,80,80,80,80,80],"card_choices":[{"not_picked":["Headbutt","Heavy Blade"],"picked":"Perfected Strike","floor":1},{"not_picked":["Disarm","Iron Wave"],"picked":"Headbutt","floor":2},{"not_picked":["Warcry","Armaments","Pommel Strike"],"picked":"SKIP","floor":6},{"not_picked":["Sword Boomerang","Wild Strike"],"picked":"Twin Strike","floor":8},{"not_picked":["Limit Break","Juggernaut"],"picked":"Double Tap","floor":16},{"not_picked":["Havoc"],"picked":"SKIP","floor":18},{"not_picked":[],"picked":"Wild Strike","floor":23},{"not_picked":[],"picked":"Feel No Pain+1","floor":24},{"not_picked":["Clash"],"picked":"SKIP","floor":25},{"not_picked":["Whirlwind"],"picked":"SKIP","floor":30},{"not_picked":["Warcry+1"],"picked":"SKIP","floor":31},{"not_picked":[],"picked":"Dark Embrace","floor":35},{"not_picked":["Dropkick"],"picked":"SKIP","floor":36},{"not_picked":["True Grit"],"picked":"SKIP","floor":39}],"player_experience":242085,"relics_obtained":[{"floor":6,"key":"Pantograph"},{"floor":9,"key":"Gambling Chip"},{"floor":12,"key":"Eternal Feather"},{"floor":21,"key":"Necronomicon"},{"floor":23,"key":"Meat on the Bone"},{"floor":26,"key":"Unceasing Top"}],"event_choices":[{"damage_healed":0,"gold_gain":0,"player_choice":"Success","damage_taken":18,"relics_obtained":["Incense Burner"],"max_hp_gain":0,"max_hp_loss":0,"event_name":"Scrap Ooze","floor":3,"gold_loss":0},{"damage_healed":0,"gold_gain":175,"player_choice":"AGREE","damage_taken":0,"max_hp_gain":0,"max_hp_loss":0,"event_name":"Liars Game","floor":4,"gold_loss":0,"cards_obtained":["Doubt"]},{"damage_healed":0,"gold_gain":0,"player_choice":"Take Damage","damage_taken":20,"relics_obtained":["Golden Idol"],"max_hp_gain":0,"max_hp_loss":0,"event_name":"Golden Idol","floor":5,"gold_loss":0},{"damage_healed":0,"gold_gain":0,"player_choice":"Searched \u00271\u0027 times","damage_taken":0,"relics_obtained":["Ornamental Fan"],"max_hp_gain":0,"max_hp_loss":0,"event_name":"Dead Adventurer","floor":10,"gold_loss":0},{"damage_healed":0,"gold_gain":0,"player_choice":"Grow","damage_taken":0,"max_hp_gain":0,"max_hp_loss":0,"event_name":"Living Wall","floor":14,"gold_loss":0,"cards_upgraded":["Corruption"]},{"damage_healed":0,"gold_gain":0,"player_choice":"Paid Fearfully","damage_taken":0,"max_hp_gain":0,"max_hp_loss":0,"event_name":"Masked Bandits","floor":20,"gold_loss":19},{"damage_healed":0,"gold_gain":0,"player_choice":"Obtained Book","damage_taken":16,"max_hp_gain":0,"max_hp_loss":0,"event_name":"Cursed Tome","floor":21,"gold_loss":0},{"damage_healed":0,"gold_gain":0,"player_choice":"Inject Mutagens","damage_taken":0,"relics_obtained":["MutagenicStrength"],"max_hp_gain":0,"max_hp_loss":0,"event_name":"Drug Dealer","floor":22,"gold_loss":0},{"damage_healed":0,"gold_gain":0,"player_choice":"Ignored","damage_taken":0,"max_hp_gain":0,"max_hp_loss":0,"event_name":"Vampires","floor":28,"gold_loss":0},{"cards_removed":["Defend_R"],"damage_healed":0,"gold_gain":0,"player_choice":"Removed Skill","damage_taken":0,"max_hp_gain":0,"max_hp_loss":0,"event_name":"Falling","floor":38,"gold_loss":0},{"cards_removed":["Dark Embrace"],"damage_healed":6,"gold_gain":0,"player_choice":"Offered Uncommon","damage_taken":0,"max_hp_gain":0,"max_hp_loss":0,"event_name":"Bonfire Elementals","floor":41,"gold_loss":0}],"is_beta":false,"boss_relics":[{"not_picked":["Tiny House","Ectoplasm"],"picked":"Busted Crown"},{"not_picked":["Empty Cage","Runic Pyramid"],"picked":"Cursed Key"}],"items_purged_floors":[19],"is_endless":false,"potions_floor_spawned":[2,30,31,33,35],"killed_by":"Reptomancer","ascension_level":3}}