{"host":"6affnl2vk6en9o4b","time":1612022101,"event":{"mods":["AchievementEnabler","Aspiration","BaseMod","BetterRewards","Colored Powertips","Conspire","Downfall","Friendly Minions","Googly Eyes","Highlight Path","Hubris","Minty Spire (QoL Compilation)","Replay The Spire","StSLib","Trackpad","Unceasing Turn Reminder"],"gold_per_floor":[99,113,130,144,162,180,180,180,191,201,201,230,230,246,259,362,362,162,173,273,273,273,298,371,271,375,411,433,482,482,524,546,650,650,650,662,400,424,556,600,600,600,625,170,243,290,319,353,353,403,418,428,428,499,17,17,45,93],"floor_reached":59,"language":"ENG","playtime":3659,"items_purged":["downfall:Bewildered"],"score":1559,"play_id":"a5e65ffb-9130-4916-9526-1464411afbf5","local_time":"20210130155501","is_ascension_mode":true,"campfire_choices":[{"data":"Guardian:TwinSlam","floor":1.0,"key":"SMITH"},{"floor":8.0,"key":"REST"},{"floor":11.0,"key":"REST"},{"floor":18.0,"key":"RECALL"},{"floor":25.0,"key":"REST"},{"floor":30.0,"key":"REST"},{"data":"Guardian:FierceBash","floor":35.0,"key":"SMITH"},{"data":"Guardian:Orbwalk","floor":49,"key":"SMITH"},{"data":"expansioncontent:QuickStudy","floor":56,"key":"SMITH"}],"circlet_count":0,"master_deck":["Guardian:Strike_Guardian","Guardian:Strike_Guardian","Guardian:Strike_Guardian","Guardian:Strike_Guardian","Guardian:Defend_Guardian","Guardian:Defend_Guardian","Guardian:Defend_Guardian","Guardian:Defend_Guardian","Guardian:CurlUp","Guardian:TwinSlam+1","Guardian:PrimingBeam","Guardian:DecasProtection+1","Guardian:Orbwalk+1","Guardian:SpikerProtocol","Guardian:CrystalBeam","Guardian:ArmoredProtocol","Guardian:PolyBeam","Guardian:PrimingBeam","expansioncontent:LastStand","Guardian:DonusPower+1","Guardian:WalkerClaw+1","Guardian:FierceBash+1","Guardian:SpikerProtocol","Guardian:ShieldSpikes+1","Guardian:ShieldCharger","Guardian:Gem_Lightblue","Guardian:GatlingBeam","Guardian:Gem_Blue","Guardian:SpikerProtocol","Guardian:Preprogram","Guardian:Harden","expansioncontent:QuickStudy+1","Guardian:MultiBeam","Guardian:VentSteam","Guardian:Gem_Cyan","Guardian:WalkerClaw","Guardian:ArmoredProtocol","Guardian:Gem_Blue","Guardian:RevengeProtocol","Guardian:ShieldCharger+1","Guardian:MultiBeam+1","Guardian:FloatingOrbs"],"relics":["Guardian:ModeShifter","trackpad:ZombieHeart","Replay:Rubber Ducky","aspiration:RitualDagger","downfall:HeartBlessingGreen","downfall:HeartBlessingBlue","sneckomod:BabySnecko","Replay:Bandana","trackpad:RapidFire","downfall:HeartBlessingRed","downfall:CloakOfManyFaces","CultistMask","FaceOfCleric","NlothsMask","GremlinMask","SsserpentHead","aspiration:ChemicalBlood","Replay:Accelerometer","hubris:Zylophone","Ring of Chaos","BargainBundle","ReplayFunnel","Chemical X","Orichalcum","Lantern","Bronze Scales","Toy Ornithopter","hubris:Towel","Onion Ring","hubris:Spice"],"acts_visited":["Exordium","TheCity","TheBeyond","TheEnding"],"potions_floor_usage":[46,46,57,58,58],"damage_taken":[{"damage":7.0,"enemies":"Small Slimes","floor":2.0,"turns":4.0},{"damage":0.0,"enemies":"conspire:RoseBush","floor":3.0,"turns":3.0},{"damage":0.0,"enemies":"Cultist","floor":4.0,"turns":4.0},{"damage":16.0,"enemies":"Exordium Thugs","floor":5.0,"turns":6.0},{"damage":13.0,"enemies":"Blue Slaver","floor":6.0,"turns":4.0},{"damage":9.0,"enemies":"Large Slime","floor":9.0,"turns":11.0},{"damage":12.0,"enemies":"Lots of Slimes","floor":10.0,"turns":4.0},{"damage":12.0,"enemies":"Lagavulin","floor":12.0,"turns":5.0},{"damage":11.0,"enemies":"3 Louse","floor":14.0,"turns":5.0},{"damage":0.0,"enemies":"Large Slime","floor":15.0,"turns":6.0},{"damage":26.0,"enemies":"IC_STATUS_ARCHETYPE","floor":16.0,"turns":9.0},{"damage":21.0,"enemies":"Chosen","floor":19.0,"turns":5.0},{"damage":46.0,"enemies":"Book of Stabbing","floor":23.0,"turns":6.0},{"damage":34.0,"enemies":"downfall:FaceTrader","floor":26.0,"turns":8.0},{"damage":23.0,"enemies":"conspire:Head Lice","floor":27.0,"turns":7.0},{"damage":17.0,"enemies":"Shell Parasite","floor":28.0,"turns":4.0},{"damage":23.0,"enemies":"Book of Stabbing","floor":29.0,"turns":4.0},{"damage":26.0,"enemies":"Slavers","floor":31.0,"turns":3.0},{"damage":15.0,"enemies":"3 Cultists","floor":32.0,"turns":5.0},{"damage":21.0,"enemies":"WA_ARCHETYPE_CALM","floor":33.0,"turns":7.0},{"damage":27.0,"enemies":"3 Darklings","floor":36.0,"turns":4.0},{"damage":12.0,"enemies":"downfall:FleeingMerchant","floor":37.0,"turns":4.0},{"damage":22.0,"enemies":"3 Shapes","floor":38.0,"turns":6.0},{"damage":15.0,"enemies":"Transient","floor":40.0,"turns":5.0},{"damage":12.0,"enemies":"downfall:FleeingMerchant","floor":44.0,"turns":4.0},{"damage":56,"enemies":"Giant Head","floor":46,"turns":11},{"damage":20,"enemies":"Spire Growth","floor":47,"turns":5},{"damage":39,"enemies":"R_Hoarder","floor":48,"turns":10},{"damage":25,"enemies":"Sphere and 2 Shapes","floor":51,"turns":5},{"damage":56,"enemies":"SI_POISON_ARCHETYPE","floor":52,"turns":10},{"damage":128,"enemies":"downfall:CharBossMerchant","floor":54,"turns":10},{"damage":59,"enemies":"downfall:NeowBoss","floor":57,"turns":14},{"damage":82,"enemies":"downfall:NeowBossFinal","floor":58,"turns":7}],"seed_played":"6349702668079133550","potions_obtained":[{"floor":5.0,"key":"LiquidMemories"},{"floor":6.0,"key":"Ancient Potion"},{"floor":9.0,"key":"Death Potion"},{"floor":14.0,"key":"DuplicationPotion"},{"floor":15.0,"key":"Adrenaline Potion"},{"floor":27.0,"key":"EntropicBrew"},{"floor":29.0,"key":"Explosive Potion"},{"floor":31.0,"key":"PowerPotion"},{"floor":32.0,"key":"champ:CounterPotion"},{"floor":33.0,"key":"conspire:TimeTravelPotion"},{"floor":38.0,"key":"SkillPotion"},{"floor":38.0,"key":"AttackPotion"},{"floor":47,"key":"Languid Potion"},{"floor":48,"key":"BlessingOfTheForge"},{"floor":51,"key":"Guardian:DefensiveModePotion"},{"floor":52,"key":"FairyPotion"},{"floor":57,"key":"Cursed Concoction"}],"is_trial":false,"path_per_floor":["R","M","M","M","M","M","T","R","M","M","R","E","?","M","M","B",null,"R","M","?","?","?","E","T","R","?","E","M","E","R","E","M","B",null,"R","M","$","M","T","M","PTL","PTL","T","$","T","E","M","E","R","?","M","B",null,"E","$","R","B","B",null],"character_chosen":"GUARDIAN","items_purchased":["BargainBundle","Guardian:SpikerProtocol","Guardian:Preprogram","Guardian:Harden","expansioncontent:QuickStudy","Chemical X","Guardian:WalkerClaw","Guardian:ArmoredProtocol","Guardian:Gem_Blue","Orichalcum","hubris:Spice","Guardian:Gem_Synthetic","Guardian:FloatingOrbs"],"campfire_rested":4,"item_purchase_floors":[37,37,37,37,37,44,44,44,44,44,55,55,55],"current_hp_per_floor":[56,51,52,53,39,27,27,53,46,39,67,56,56,48,50,25,101,111,91,91,91,91,46,46,79,46,25,10,23,59,37,26,7,130,130,110,99,81,81,68,68,68,68,57,57,3,148,146,146,146,137,133,157,79,87,87,134,132],"gold":93,"neow_bonus":"ONE_RARE_RELIC","is_daily":false,"chose_seed":false,"campfire_upgraded":4,"win_rate":0.0,"timestamp":1612022101,"path_taken":["R","M","M","M","M","M","T","R","M","M","R","E","?","M","M","BOSS","R","M","?","?","?","E","T","R","?","E","M","E","R","E","M","BOSS","R","M","$","M","?","M","PTL","PTL","T","$","?","E","M","E","R","?","M","BOSS","E","$","R","BOSS","BOSS"],"items_purchased_type":["Relic","Card","Card","Card","Card","Relic","Card","Card","Card","Relic","Relic","Card","Card"],"build_version":"2020-12-22","purchased_purges":1,"victory":true,"max_hp_per_floor":[80,82,83,84,86,87,87,87,89,94,94,95,95,98,100,101,101,111,112,112,112,112,113,113,113,114,116,118,120,120,124,128,130,130,130,137,138,142,142,144,144,144,144,145,145,147,149,151,151,151,155,157,157,159,167,167,168,170],"card_choices":[{"not_picked":["Guardian:ShieldCharger","Guardian:Gem_Green"],"picked":"Guardian:PrimingBeam","floor":2.0},{"not_picked":["Guardian:TemporalStrike","Guardian:ChargeCore"],"picked":"Guardian:Gem_Cyan","floor":3.0},{"not_picked":["Guardian:MultiBeam","Guardian:WalkerClaw"],"picked":"Guardian:DecasProtection","floor":4.0},{"not_picked":["Guardian:Repulse","Guardian:GuardianWhirl"],"picked":"Guardian:Orbwalk","floor":5.0},{"not_picked":["Guardian:ChargeCore","Guardian:BronzeArmor"],"picked":"Guardian:SpikerProtocol","floor":6.0},{"not_picked":["Guardian:Orbwalk","Guardian:Recover"],"picked":"Guardian:CrystalBeam","floor":9.0},{"not_picked":["Guardian:Repulse","Guardian:TemporalShield"],"picked":"Guardian:Gem_White","floor":10.0},{"not_picked":["Guardian:Suspension","Guardian:ShieldCharger"],"picked":"Guardian:ArmoredProtocol","floor":12.0},{"not_picked":["Guardian:RefractedBeam","Guardian:Harden"],"picked":"Guardian:PolyBeam","floor":14.0},{"not_picked":["Guardian:Gem_Cyan","Guardian:PiercingHide"],"picked":"Guardian:Gem_Orange","floor":15.0},{"not_picked":["Guardian:BaubleBeam","Guardian:GemFire"],"picked":"Guardian:Gem_Synthetic","floor":16.0},{"not_picked":["Guardian:Reroute","Guardian:Incinerate+1"],"picked":"Guardian:PrimingBeam","floor":19.0},{"not_picked":["Guardian:TimeCapacitor","Guardian:BronzeArmor"],"picked":"Guardian:DonusPower+1","floor":23.0},{"not_picked":["Guardian:Planning+1","Guardian:Recover+1"],"picked":"Guardian:WalkerClaw+1","floor":26.0},{"not_picked":["Guardian:CompilePackage","Guardian:TimeCapacitor"],"picked":"Guardian:FierceBash","floor":27.0},{"not_picked":["Guardian:TemporalStrike","Guardian:Planning"],"picked":"Guardian:SpikerProtocol","floor":28.0},{"not_picked":["Guardian:CompilePackage","Guardian:TimeBomb"],"picked":"Guardian:ShieldSpikes+1","floor":29.0},{"not_picked":["Guardian:BronzeOrb","Guardian:Incinerate"],"picked":"Guardian:ShieldCharger","floor":31.0},{"not_picked":["Guardian:DecasProtection","Guardian:TemporalStrike"],"picked":"Guardian:Gem_Lightblue","floor":32.0},{"not_picked":["Guardian:FastForward","Guardian:GemFire"],"picked":"Guardian:GatlingBeam","floor":33.0},{"not_picked":["Guardian:BronzeOrb","Guardian:Clone"],"picked":"Guardian:Gem_Blue","floor":36.0},{"not_picked":["Guardian:ShieldCharger","Guardian:PrismaticBarrier+1"],"picked":"Guardian:Gem_Blue","floor":37.0},{"not_picked":["Guardian:Orbwalk","Guardian:Gem_Yellow"],"picked":"Guardian:MultiBeam","floor":38.0},{"not_picked":["Guardian:Gem_White","Guardian:ShieldCharger"],"picked":"Guardian:VentSteam","floor":40.0},{"not_picked":["Guardian:Planning","Guardian:AncientConstruct"],"picked":"Guardian:Gem_Cyan","floor":44.0},{"not_picked":["Guardian:Suspension+1","Guardian:ChargeCore+1"],"picked":"Guardian:Gem_Cyan","floor":46},{"not_picked":["Guardian:TemporalShield","Guardian:RollAttack"],"picked":"Guardian:Gem_Crimson","floor":47},{"not_picked":["Guardian:PolyBeam","Guardian:Reroute+1"],"picked":"Guardian:RevengeProtocol","floor":48},{"not_picked":["Guardian:Recover","Guardian:VentSteam+1"],"picked":"Guardian:ShieldCharger+1","floor":51},{"not_picked":["Guardian:GuardianWhirl+1","Guardian:Planning+1"],"picked":"Guardian:MultiBeam+1","floor":54}],"player_experience":214076,"relics_obtained":[{"floor":12.0,"key":"Replay:Rubber Ducky"},{"floor":23.0,"key":"Replay:Bandana"},{"floor":24.0,"key":"trackpad:RapidFire"},{"floor":26.0,"key":"downfall:CloakOfManyFaces"},{"floor":27.0,"key":"aspiration:ChemicalBlood"},{"floor":29.0,"key":"Replay:Accelerometer"},{"floor":31.0,"key":"hubris:Zylophone"},{"floor":43.0,"key":"ReplayFunnel"},{"floor":45.0,"key":"Lantern"},{"floor":46,"key":"Bronze Scales"},{"floor":48,"key":"Toy Ornithopter"},{"floor":54,"key":"Onion Ring"}],"event_choices":[{"damage_healed":0.0,"max_hp_gain":0.0,"max_hp_loss":0.0,"gold_gain":0.0,"event_name":"The Library","player_choice":"Read","floor":22.0,"gold_loss":0.0,"damage_taken":0.0,"cards_obtained":["expansioncontent:LastStand"]}],"is_beta":false,"boss_relics":[{"not_picked":["hubris:VirtuousBlindfold","conspire:RunicOctahedron"],"picked":"aspiration:RitualDagger"},{"not_picked":["Pandora\u0027s Box","trackpad:Trackpad"],"picked":"Ring of Chaos"}],"items_purged_floors":[37],"is_endless":false,"potions_floor_spawned":[5,6,9,14,15,27,29,31,32,33,38,40,47,51],"ascension_level":1}}