{"host":"jwvz9sqego1wo43x","time":1612021340,"event":{"mods":["AchievementEnabler","BaseMod","Colored Map","Downfall","GifTheSpireLib","Minty Spire (QoL Compilation)","StSLib"],"gold_per_floor":[99,99,99,99,99,199,271,288,299,299,6,181,23,23,39,138,138,138,26,46,146,146,28,54,154,189,189,189,189],"floor_reached":27,"language":"ENG","playtime":1386,"items_purged":["Doubt"],"score":224,"play_id":"8a0ca23c-24ba-4c90-a86d-2d8eef97fc51","local_time":"20210130154220","is_ascension_mode":true,"campfire_choices":[{"data":"champ:Execute","floor":1,"key":"SMITH"},{"data":"champ:TripleStrike","floor":10,"key":"SMITH"},{"data":"champ:Improvising","floor":18,"key":"SMITH"}],"circlet_count":0,"master_deck":["champ:Defend","champ:Defend","champ:Defend","champ:Defend","champ:Execute+1","champ:Taunt","champ:BringItOn","champ:FlashCut","champ:Backstep+1","champ:FocusedDefense","champ:SetATrap","champ:TripleStrike+1","champ:StanceDance","champ:Circumvent","champ:Endure","champ:FanOfKnives","champ:PreciseThrust","champ:LastStand","champ:RageSigil","champ:Improvising+1","champ:TornadoPunch","champ:PreciseThrust","champ:FancyFootwork","champ:GutPunch","champ:DefensiveShout","champ:Improvising","J.A.X.","champ:Haymaker+1","champ:MurderStrike"],"relics":["champ:ChampionCrownUpgraded","downfall:HeartsMalice","champ:DefensiveTrainingManual","Meat on the Bone","ClockworkSouvenir","champ:BlackKnightHelmet","Letter Opener","champ:GladiatorsBookOfMartialProwess","Centennial Puzzle","MutagenicStrength","Bag of Preparation"],"acts_visited":["Exordium","TheCity"],"potions_floor_usage":[16,19,20,21],"damage_taken":[{"damage":0,"enemies":"Jaw Worm","floor":2,"turns":1},{"damage":0,"enemies":"Small Slimes","floor":3,"turns":1},{"damage":0,"enemies":"Cultist","floor":4,"turns":1},{"damage":55,"enemies":"downfall:Heads","floor":6,"turns":9},{"damage":10,"enemies":"Exordium Wildlife","floor":8,"turns":3},{"damage":10,"enemies":"Blue Slaver","floor":9,"turns":2},{"damage":25,"enemies":"downfall:FleeingMerchant","floor":11,"turns":4},{"damage":10,"enemies":"downfall:FleeingMerchant","floor":13,"turns":4},{"damage":4,"enemies":"Large Slime","floor":15,"turns":4},{"damage":15,"enemies":"DF_ARCHETYPE_STREAMLINE","floor":16,"turns":8},{"damage":30,"enemies":"downfall:FleeingMerchant","floor":19,"turns":4},{"damage":15,"enemies":"3 Byrds","floor":20,"turns":5},{"damage":100,"enemies":"3 Byrds","floor":21,"turns":9},{"damage":29,"enemies":"downfall:FleeingMerchant","floor":23,"turns":4},{"damage":63,"enemies":"downfall:Augmenter","floor":25,"turns":5},{"damage":31,"enemies":"Gremlin Leader","floor":26,"turns":5},{"damage":45,"enemies":"downfall:FleeingMerchant","floor":27,"turns":2}],"seed_played":"8308669241252353115","potions_obtained":[{"floor":8,"key":"Block Potion"},{"floor":9,"key":"Fire Potion"},{"floor":15,"key":"PowerPotion"},{"floor":16,"key":"sneckomod:MuddlingPotion"},{"floor":21,"key":"PowerPotion"}],"is_trial":false,"path_per_floor":["R","M","M","M","?","?","T","M","M","R","$","?","$","?","M","B",null,"R","$","M","?","?","$","T","?","E","$"],"character_chosen":"THE_CHAMP","items_purchased":["ClockworkSouvenir","champ:Endure","champ:FanOfKnives","champ:LastStand","champ:TornadoPunch","CultistPotion"],"campfire_rested":0,"item_purchase_floors":[11,11,11,13,19,23],"current_hp_per_floor":[90,90,90,90,65,20,20,32,44,44,51,51,51,36,44,51,90,90,90,90,42,42,50,50,44,45,0,0,0],"gold":189,"neow_bonus":"THREE_ENEMY_KILL","is_daily":false,"chose_seed":false,"campfire_upgraded":3,"win_rate":0.0,"timestamp":1612021340,"path_taken":["R","M","M","M","?","?","T","?","M","R","$","?","$","?","M","BOSS","R","$","M","?","?","$","T","?","E","?"],"items_purchased_type":["Relic","Card","Card","Card","Card","Potion"],"build_version":"2020-12-22","purchased_purges":1,"victory":false,"max_hp_per_floor":[90,90,90,90,90,90,90,90,90,90,90,90,90,90,90,90,90,90,90,90,90,90,90,90,90,90,90,90,90],"card_choices":[{"not_picked":["champ:Circumvent","champ:BladeFlurry"],"picked":"champ:BringItOn","floor":2},{"not_picked":["champ:BerserkersShout","champ:DefensiveShout"],"picked":"champ:FlashCut","floor":3},{"not_picked":["champ:Circumvent","champ:CrookedStrike"],"picked":"champ:Backstep","floor":4},{"not_picked":["champ:CrownThrow","champ:FaceSlap"],"picked":"champ:SetATrap","floor":6},{"not_picked":["champ:Shatter","champ:BringItOn"],"picked":"champ:TripleStrike","floor":8},{"not_picked":["champ:Backstep","champ:BerserkersShout"],"picked":"champ:StanceDance","floor":9},{"not_picked":["champ:Shatter","champ:Backstep"],"picked":"champ:Circumvent","floor":11},{"not_picked":["champ:CrownThrow","champ:AdrenalArmor"],"picked":"champ:PreciseThrust","floor":13},{"not_picked":["champ:CrownThrow","champ:Haymaker"],"picked":"champ:RageSigil","floor":15},{"not_picked":["champ:Devastate","champ:SwordThrow"],"picked":"champ:Improvising","floor":16},{"not_picked":["champ:SwordThrow","champ:CrownThrow","champ:DefensiveShout"],"picked":"SKIP","floor":19},{"not_picked":["champ:BladeFlurry","champ:PerfectedStrike"],"picked":"champ:PreciseThrust","floor":20},{"not_picked":["champ:TornadoPunch","champ:FocusedBerserking+1"],"picked":"champ:FancyFootwork","floor":21},{"not_picked":["champ:FocusedBerserking","champ:StanceDance+1"],"picked":"champ:GutPunch","floor":23},{"not_picked":[],"picked":"J.A.X.","floor":25},{"not_picked":["champ:BerserkersShout+1","champ:BerserkerStyle"],"picked":"champ:Haymaker+1","floor":25},{"not_picked":["champ:ArenaPreparation+1","champ:FalseCounter+1"],"picked":"champ:MurderStrike","floor":26}],"player_experience":508497,"relics_obtained":[{"floor":7,"key":"Meat on the Bone"},{"floor":21,"key":"champ:BlackKnightHelmet"},{"floor":21,"key":"Letter Opener"},{"floor":24,"key":"Centennial Puzzle"},{"floor":25,"key":"MutagenicStrength"},{"floor":26,"key":"Bag of Preparation"}],"event_choices":[{"damage_healed":0,"gold_gain":0,"player_choice":"Success","damage_taken":25,"relics_obtained":["champ:DefensiveTrainingManual"],"max_hp_gain":0,"max_hp_loss":0,"event_name":"Scrap Ooze","floor":5,"gold_loss":0}],"is_beta":false,"boss_relics":[{"not_picked":["Sozu","Runic Pyramid"],"picked":"champ:ChampionCrownUpgraded"}],"items_purged_floors":[19],"is_endless":false,"potions_floor_spawned":[8,9,15,16,21],"killed_by":"downfall:FleeingMerchant","ascension_level":1}}