{"host":"kh6fvhxn285ncg0o","time":1612037811,"event":{"mods":["Act Like it!","BaseMod","Colored Map","Friendly Minions","Keyboard Shortcuts","Minty Spire (QoL Compilation)","Quick Restart","Relic Stats","StSLib","SuperFastMode","UnlockEverythingMod"],"gold_per_floor":[359,359,113,124,124,124,124,124],"floor_reached":7,"language":"KOR","playtime":114,"items_purged":["Strike_R"],"score":78,"play_id":"908e5a43-ec39-4520-b0ca-00541cf083a7","local_time":"20210131051651","is_ascension_mode":true,"campfire_choices":[{"data":"Bash","floor":6,"key":"SMITH"}],"circlet_count":0,"master_deck":["AscendersBane","Strike_R","Strike_R","Strike_R+1","Defend_R","Defend_R","Defend_R","Defend_R","Bash+1","Second Wind+1","Dropkick"],"relics":["Burning Blood","Toy Ornithopter"],"acts_visited":["Exordium"],"potions_floor_usage":[7,7],"damage_taken":[{"damage":4,"enemies":"Small Slimes","floor":1,"turns":4},{"damage":17,"enemies":"Jaw Worm","floor":4,"turns":4},{"damage":50,"enemies":"3 Sentries","floor":7,"turns":8}],"seed_played":"-2298809290274341421","potions_obtained":[{"floor":1,"key":"BloodPotion"},{"floor":4,"key":"SpeedPotion"}],"is_trial":false,"path_per_floor":["M","?","$","M","?","R","E"],"character_chosen":"IRONCLAD","items_purchased":["Toy Ornithopter"],"campfire_rested":0,"item_purchase_floors":[3],"current_hp_per_floor":[52,52,52,41,18,18,0,0],"gold":124,"neow_bonus":"TWO_FIFTY_GOLD","is_daily":false,"chose_seed":false,"campfire_upgraded":1,"win_rate":0.0,"timestamp":1612037811,"path_taken":["M","?","$","M","?","R","E"],"items_purchased_type":["Relic"],"build_version":"2020-12-22","purchased_purges":1,"victory":false,"max_hp_per_floor":[75,75,75,75,75,75,75,75],"relic_stats":{"counters":[3,16],"obtain_stats":[{"Burning Blood":0,"Toy Ornithopter":3},{"Burning Blood":0,"Toy Ornithopter":1},{"Burning Blood":0,"Toy Ornithopter":4}],"Burning Blood":12,"Toy Ornithopter":10},"card_choices":[{"not_picked":["Blood for Blood","Twin Strike"],"picked":"Second Wind","floor":1},{"not_picked":["Iron Wave","Dual Wield"],"picked":"Dropkick","floor":4}],"player_experience":1304198,"relics_obtained":[],"event_choices":[{"cards_removed":["Strike_R"],"damage_healed":0,"gold_gain":0,"player_choice":"Forget","damage_taken":0,"max_hp_gain":0,"max_hp_loss":0,"event_name":"Living Wall","floor":2,"gold_loss":0},{"damage_healed":0,"gold_gain":0,"player_choice":"Entered Light","damage_taken":23,"max_hp_gain":0,"max_hp_loss":0,"event_name":"Shining Light","floor":5,"gold_loss":0,"cards_upgraded":["Second Wind","Strike_R"]}],"is_beta":false,"boss_relics":[],"items_purged_floors":[3],"is_endless":false,"potions_floor_spawned":[1,4],"killed_by":"3 Sentries","ascension_level":20}}