{"host":"312klq0911jlgvh2","time":1612039625,"event":{"mods":["100% Spire Juice","2.2 Compatiblity","AchievementEnabler","Act Like it!","Ascension Unlocker","Aspiration","Astrologer","BaseMod","Beaked The Cultist","Block Reminder","Chen","Clockwork Mod","Colored Powertips","Conspire","Custom Start","Downfall","Energized Spire","Evolution","Friendly Minions","Gensokyo","GifTheSpireLib","Gold Saver","GungeonMod","Halation","Hermit","HololiveMod","Hubris","Infinite Spire","Jedi Mod","Koishi","Marisa????????","Mimic Mod","Minty Spire (QoL Compilation)","Prisma Mod","Random Character Button","Reimu??????","Relic Sorter","Reliquary","Remilia??????","Replay The Spire","Retaliation","RumiaBox-????????","Spikes Relics","StS++","StSLib","Stuff the Spire","Synergy Search","The Animator","The Blue Laboratory","The Bug Knight","The Poker Player","TheVacant","Trackpad","Uncapped","UnlockEverythingMod","yUi"],"gold_per_floor":[3533,3231,3231,3231,3245,3245,3263,3292,3331,3331,3331,3347,3347,3382,3382,3484,3484,3452,3452,3475,2687,2705,2732,2746,2746,2797,2828,2840,2869,2881,2927,2939,2951,2951],"floor_reached":33,"language":"ENG","playtime":1979,"items_purged":["Strike_R"],"score":368,"play_id":"ac60cce0-3882-4287-aacb-7dd7b0f2b8dd","local_time":"20210130154705","is_ascension_mode":false,"campfire_choices":[{"data":"Bash","floor":6.0,"key":"SMITH"},{"data":"Uppercut","floor":10.0,"key":"SMITH"},{"data":"Iron Wave","floor":13.0,"key":"SMITH"},{"data":"DDmod:UnstoppableAttack","floor":15.0,"key":"SMITH"},{"data":"ReplayTheSpireMod:Corrosion Curse","floor":25,"key":"SMITH"},{"floor":28,"key":"REST"},{"data":"DDmod:RechargeSkill","floor":30,"key":"SMITH"},{"data":"hubris:StunningStrike","floor":32,"key":"SMITH"}],"circlet_count":1,"master_deck":["Strike_R+1","Strike_R+1","Strike_R+1","Strike_R+1","Defend_R+1","Defend_R+1","Defend_R+1","Defend_R+1","Bash+1","Iron Wave+1","Shrug It Off","Uppercut+1","Headbutt","DDmod:UnstoppableAttack+1","DDmod:SpikeMailSkill","jedi:strikingstrike","conspire:HitWhereItHurts","StuffTheSpire:TitanForm","Impervious","Bludgeon","Feed","Offering","Brutality","Reaper","Juggernaut","Limit Break","Berserk","Demon Form","DDmod:SpikeShotSkill+1","StSpp:BladeOfBlood","StSpp:Turnabout","jedi:harder","Barricade","jedi:strikingstrike","DDmod:AllInSkill","Corruption","Double Tap","Exhume","jedi:bloodyhammer","jedi:unlimitedpower","StSpp:IntoTheAbyss","Fiend Fire","DDmod:GrandUltimatumAttack","hubris:StunningStrike+1","Immolate","DDmod:RechargeSkill+1","DDmod:PlatedThornsSkill","conspire:Purge","StSpp:Betrayal","Anger","StuffTheSpire:Incineration","ReplayTheSpireMod:Corrosion Curse+1","Thunderclap","Sentinel","Pummel+1","Intimidate+1","Cleave","Armaments","Thunderclap+1"],"relics":["Burning Blood","EVO:Axolotl","Omamori","halation:EternalFortune","Shuriken","aspiration:TomeofQuesting","Bag of Preparation","aspiration:SeaSaltIceCream","Circlet","StSpp:CrystalBall","Lantern","Sling","infinitespire:Lucky Rock","Sundial","DemoMod:MonsterBlood","MawBank","trackpad:ByrdCharm"],"acts_visited":["Exordium","TheCity"],"potions_floor_usage":[23,23,33,33],"damage_taken":[{"damage":1.0,"enemies":"conspire:RoseBush","floor":1.0,"turns":3.0},{"damage":5.0,"enemies":"Small Slimes","floor":5.0,"turns":6.0},{"damage":4.0,"enemies":"Jaw Worm","floor":7.0,"turns":3.0},{"damage":14.0,"enemies":"Gremlin Nob","floor":8.0,"turns":4.0},{"damage":12.0,"enemies":"Lots of Slimes","floor":9.0,"turns":7.0},{"damage":21.0,"enemies":"Lots of Slimes","floor":12.0,"turns":6.0},{"damage":27.0,"enemies":"Lagavulin","floor":14.0,"turns":7.0},{"damage":28.0,"enemies":"Hexaghost","floor":16.0,"turns":14.0},{"damage":67.0,"enemies":"2 Thieves","floor":18.0,"turns":5.0},{"damage":0,"enemies":"Snecko","floor":22,"turns":4},{"damage":4,"enemies":"conspire:Head Lice","floor":23,"turns":3},{"damage":50,"enemies":"Centurion and Healer","floor":24,"turns":10},{"damage":16,"enemies":"3 Cultists","floor":27,"turns":4},{"damage":38,"enemies":"Snecko","floor":29,"turns":7},{"damage":34,"enemies":"Slavers","floor":31,"turns":3},{"damage":101,"enemies":"Champ","floor":33,"turns":14}],"seed_played":"5487484821448099699","potions_obtained":[{"floor":5.0,"key":"blueLaboratory:BottledHope"},{"floor":7.0,"key":"blueLaboratory:FruitPunch"},{"floor":16.0,"key":"blueLaboratory:NullPotion"},{"floor":18,"key":"blueLaboratory:LouseDecoction"},{"floor":24,"key":"GamblersBrew"},{"floor":29,"key":"LiquidBronze"}],"is_trial":false,"path_per_floor":["M","$","?","?","M","R","M","E","MIM","R","?","M","R","E","R","B",null,"M","?","T","$","M","E","M","R","T","M","R","M","R","E","R","B"],"character_chosen":"IRONCLAD","items_purchased":["Shrug It Off","Omamori","Uppercut","Sling","infinitespire:Lucky Rock","StuffTheSpire:Incineration","ReplayTheSpireMod:Corrosion Curse","Thunderclap","Sentinel","Sundial"],"campfire_rested":1,"item_purchase_floors":[2,2,2,21,21,21,21,21,21,21],"current_hp_per_floor":[88,88,91,91,91,91,91,91,87,87,87,75,75,58,58,43,93,58,58,58,58,64,73,55,55,55,48,78,71,71,72,72,0,0],"gold":2951,"neow_bonus":"TEN_PERCENT_HP_BONUS","is_daily":false,"chose_seed":false,"campfire_upgraded":7,"win_rate":0.0,"timestamp":1612039625,"path_taken":["M","$","?","?","M","R","M","E","MIM","R","?","M","R","E","R","BOSS","M","?","?","$","M","E","M","R","T","?","R","M","R","E","R","BOSS"],"items_purchased_type":["Card","Relic","Card","Relic","Relic","Card","Card","Card","Card","Relic"],"build_version":"2020-12-22","purchased_purges":1,"victory":false,"max_hp_per_floor":[88,88,91,91,91,91,91,93,93,93,93,93,93,93,93,93,93,93,93,93,93,93,100,100,100,100,103,103,103,103,103,103,103,103],"card_choices":[{"not_picked":["DemoMod:BlackBlade","Clash"],"picked":"Iron Wave","floor":1.0},{"not_picked":["StuffTheSpire:Incineration","Sever Soul"],"picked":"Headbutt","floor":5.0},{"not_picked":["StuffTheSpire:RockThrow","Inflame"],"picked":"DDmod:UnstoppableAttack","floor":7.0},{"not_picked":["Limit Break","Headbutt","Wild Strike"],"picked":"SKIP","floor":8.0},{"not_picked":["Iron Wave","Clash"],"picked":"DDmod:SpikeMailSkill","floor":9.0},{"not_picked":["StuffTheSpire:Resist","Wild Strike","jedi:suffering"],"picked":"SKIP","floor":12.0},{"not_picked":["Havoc","Seeing Red","DDmod:EasePowerCard"],"picked":"SKIP","floor":14.0},{"not_picked":["Corruption","Bludgeon"],"picked":"jedi:strikingstrike","floor":16.0},{"not_picked":["StSpp:Jab","Iron Wave"],"picked":"Anger","floor":18},{"not_picked":["Burning Pact+1","Headbutt"],"picked":"Pummel+1","floor":22},{"not_picked":["ReplayTheSpireMod:LeadingStrike","Shrug It Off"],"picked":"Intimidate+1","floor":23},{"not_picked":["StSpp:TheBiggerTheyAre","Battle Trance"],"picked":"Cleave","floor":24},{"not_picked":["Dropkick","Clash+1","Brutality"],"picked":"SKIP","floor":27},{"not_picked":["Run Through","DDmod:BurningFumesPowerCard"],"picked":"Armaments","floor":29},{"not_picked":["DDmod:SpikedSkill","Second Wind"],"picked":"Thunderclap+1","floor":31}],"player_experience":544440,"relics_obtained":[{"floor":8.0,"key":"aspiration:TomeofQuesting"},{"floor":9.0,"key":"Bag of Preparation"},{"floor":14.0,"key":"aspiration:SeaSaltIceCream"},{"floor":20,"key":"Lantern"},{"floor":23,"key":"DemoMod:MonsterBlood"},{"floor":26,"key":"MawBank"},{"floor":27,"key":"halation:EternalFortune"},{"floor":31,"key":"trackpad:ByrdCharm"}],"event_choices":[{"damage_healed":0.0,"max_hp_gain":0.0,"max_hp_loss":0.0,"gold_gain":0.0,"event_name":"Big Fish","player_choice":"Box","floor":4.0,"gold_loss":0.0,"damage_taken":0.0,"relics_obtained":["Shuriken"],"cards_obtained":["Regret"]},{"damage_healed":0.0,"max_hp_gain":0.0,"max_hp_loss":0.0,"gold_gain":0.0,"event_name":"Liars Game","player_choice":"Ignored","floor":11.0,"gold_loss":0.0,"damage_taken":0.0},{"damage_healed":0,"gold_gain":0,"player_choice":"Simplicity","damage_taken":0,"max_hp_gain":0,"max_hp_loss":0,"event_name":"Back to Basics","floor":19,"gold_loss":0,"cards_upgraded":["Strike_R","Strike_R","Strike_R","Strike_R","Defend_R","Defend_R","Defend_R","Defend_R"]}],"is_beta":false,"boss_relics":[{"not_picked":["StSpp:Balance","hubris:VirtuousBlindfold"],"picked":"StSpp:CrystalBall"}],"items_purged_floors":[2],"is_endless":false,"potions_floor_spawned":[5,7,16,18,24,29],"killed_by":"Champ","ascension_level":0}}