{"host":"jwbw4f4imxd0v0b0","time":1612013567,"event":{"mods":["BaseMod","Colored Map","Highlight Path","Minty Spire (QoL Compilation)","Relic Stats","StSLib"],"gold_per_floor":[364,379,37,57,7,38,55,55,55,55,55,75,75,93,93,192,192,209,78,78,78],"floor_reached":20,"language":"ENG","playtime":1016,"items_purged":["Decay"],"score":358,"play_id":"66b87cae-db0f-440d-b437-e1f82b8b7d3c","local_time":"20210130073247","is_ascension_mode":true,"campfire_choices":[{"floor":8,"key":"REST"},{"data":"Capacitor","floor":10,"key":"SMITH"},{"data":"Loop","floor":15,"key":"SMITH"}],"circlet_count":0,"master_deck":["AscendersBane","Strike_B","Strike_B","Strike_B","Defend_B","Defend_B","Defend_B","Defend_B","Zap+1","Dualcast","Go for the Eyes","Conserve Battery","Coolheaded+1","Loop+1","Capacitor+1","Turbo","Pain","Ball Lightning","Biased Cognition","Aggregate+1","Self Repair","Bandage Up"],"relics":["Cracked Core","Centennial Puzzle","Blue Candle","Calipers","WarpedTongs","Snecko Eye"],"acts_visited":["Exordium","TheCity"],"potions_floor_usage":[4,6],"damage_taken":[{"damage":5,"enemies":"Small Slimes","floor":1,"turns":3},{"damage":15,"enemies":"2 Louse","floor":2,"turns":3},{"damage":0,"enemies":"Cultist","floor":4,"turns":4},{"damage":27,"enemies":"3 Sentries","floor":6,"turns":10},{"damage":3,"enemies":"Blue Slaver","floor":7,"turns":4},{"damage":6,"enemies":"3 Louse","floor":12,"turns":4},{"damage":10,"enemies":"Exordium Wildlife","floor":14,"turns":5},{"damage":1,"enemies":"Hexaghost","floor":16,"turns":11},{"damage":8,"enemies":"Chosen","floor":18,"turns":4},{"damage":22,"enemies":"3 Byrds","floor":20,"turns":3}],"seed_played":"-4625452133231588736","potions_obtained":[{"floor":2,"key":"EntropicBrew"},{"floor":4,"key":"Swift Potion"},{"floor":6,"key":"FocusPotion"},{"floor":14,"key":"SpeedPotion"},{"floor":18,"key":"Ancient Potion"}],"is_trial":false,"path_per_floor":["M","M","$","M","?","E","M","R","T","R","?","M","?","M","R","B",null,"M","$","M"],"character_chosen":"DEFECT","items_purchased":["Centennial Puzzle","Coolheaded","Loop","Self Repair","Bandage Up"],"campfire_rested":1,"item_purchase_floors":[3,3,3,19,19],"current_hp_per_floor":[63,48,48,48,48,21,18,40,40,40,25,19,19,9,9,8,58,50,50,34,34],"gold":78,"neow_bonus":"TWO_FIFTY_GOLD","is_daily":false,"chose_seed":false,"campfire_upgraded":2,"win_rate":0.0,"timestamp":1612013567,"path_taken":["M","M","$","M","?","E","M","R","T","R","?","M","?","?","R","BOSS","M","$","M"],"items_purchased_type":["Relic","Card","Card","Card","Card"],"build_version":"2020-12-22","purchased_purges":1,"victory":false,"max_hp_per_floor":[75,75,75,75,75,75,75,75,75,75,75,75,75,75,75,75,75,75,75,75,75],"relic_stats":{"Centennial Puzzle":[21],"counters":[10,51],"Blue Candle":[3],"Snecko Eye":[12,9,19,13],"obtain_stats":[{"Centennial Puzzle":3,"Calipers":9,"Blue Candle":6,"Snecko Eye":17,"Cracked Core":0,"WarpedTongs":13},{"Centennial Puzzle":2,"Calipers":5,"Blue Candle":4,"Snecko Eye":8,"Cracked Core":0,"WarpedTongs":6},{"Centennial Puzzle":6,"Calipers":24,"Blue Candle":20,"Snecko Eye":44,"Cracked Core":0,"WarpedTongs":28}],"WarpedTongs":[21]},"card_choices":[{"not_picked":["Turbo","Conserve Battery"],"picked":"Go for the Eyes","floor":1},{"not_picked":["Beam Cell","FTL"],"picked":"Conserve Battery","floor":2},{"not_picked":["Coolheaded","Streamline","Machine Learning"],"picked":"SKIP","floor":4},{"not_picked":["Gash","Ball Lightning"],"picked":"Capacitor","floor":6},{"not_picked":["Conserve Battery","Sunder"],"picked":"Turbo","floor":7},{"not_picked":["Fusion","Reprogram","Sunder"],"picked":"SKIP","floor":12},{"not_picked":["Sweeping Beam","Streamline"],"picked":"Ball Lightning","floor":14},{"not_picked":["Meteor Strike","Hyperbeam"],"picked":"Biased Cognition","floor":16},{"not_picked":["Rebound","Lockon"],"picked":"Aggregate+1","floor":18}],"player_experience":1165294,"relics_obtained":[{"floor":6,"key":"Blue Candle"},{"floor":9,"key":"Calipers"}],"event_choices":[{"cards_removed":["Strike_B"],"damage_healed":0,"gold_gain":0,"player_choice":"Card Removal","damage_taken":0,"max_hp_gain":0,"max_hp_loss":0,"event_name":"The Cleric","floor":5,"gold_loss":50},{"damage_healed":0,"gold_gain":0,"player_choice":"Entered Light","damage_taken":15,"max_hp_gain":0,"max_hp_loss":0,"event_name":"Shining Light","floor":11,"gold_loss":0,"cards_upgraded":["Zap","Coolheaded"]},{"damage_healed":0,"gold_gain":0,"player_choice":"Rummage","damage_taken":0,"relics_obtained":["WarpedTongs"],"max_hp_gain":0,"max_hp_loss":0,"event_name":"Accursed Blacksmith","floor":13,"gold_loss":0,"cards_obtained":["Pain"]}],"is_beta":false,"boss_relics":[{"not_picked":["Nuclear Battery","SacredBark"],"picked":"Snecko Eye"}],"items_purged_floors":[3],"is_endless":false,"potions_floor_spawned":[2,4,6,14,18],"killed_by":"3 Byrds","ascension_level":12}}