{"host":"lktusdb9orijgc6z","time":1612040647,"event":{"mods":["BaseMod","Bestiary","Colored Map","Colored Powertips","Minty Spire (QoL Compilation)","Permanent Neow","Quick Restart","Relic Stats","StSLib","everything is the same but u backflip on backflip","slay the spire mod where everything is the same but ironclad has a cowboy hat"],"gold_per_floor":[114,114,130,2,2,33,47,80,80,80,93,108,152,152,152,152,152],"floor_reached":16,"language":"ENG","playtime":375,"items_purged":[],"score":240,"play_id":"cca72901-dd04-494a-854c-fd28c3aa6f04","local_time":"20210130220407","is_ascension_mode":true,"campfire_choices":[{"floor":10.0,"key":"REST"},{"data":"Hologram","floor":15.0,"key":"SMITH"}],"circlet_count":0,"master_deck":["AscendersBane","Strike_B","Strike_B","Strike_B","Strike_B","Defend_B","Defend_B","Defend_B","Defend_B","Zap","Dualcast","Doom and Gloom","Hologram+1","Discovery+1","Gash","Rebound","FTL","Undo","Gash","Sweeping Beam","Chaos"],"relics":["Sozu","Golden Idol","Mercury Hourglass","Sundial","Orichalcum"],"acts_visited":["Exordium"],"potions_floor_usage":[],"damage_taken":[{"damage":2.0,"enemies":"Jaw Worm","floor":1.0,"turns":3.0},{"damage":10.0,"enemies":"Small Slimes","floor":3.0,"turns":3.0},{"damage":22.0,"enemies":"Lagavulin","floor":6.0,"turns":5.0},{"damage":0.0,"enemies":"2 Louse","floor":7.0,"turns":1.0},{"damage":7.0,"enemies":"Gremlin Nob","floor":8.0,"turns":3.0},{"damage":20.0,"enemies":"Exordium Thugs","floor":11.0,"turns":3.0},{"damage":0.0,"enemies":"Exordium Wildlife","floor":12.0,"turns":1.0},{"damage":7.0,"enemies":"3 Sentries","floor":13.0,"turns":3.0},{"damage":17,"enemies":"The Guardian","floor":16,"turns":5}],"seed_played":"-1162314042969187732","potions_obtained":[],"is_trial":false,"path_per_floor":["M","?","M","$","?","E","M","E","T","R","M","M","E","?","R","B"],"character_chosen":"DEFECT","items_purchased":["Discovery","Gash"],"campfire_rested":1,"item_purchase_floors":[4,4],"current_hp_per_floor":[62,62,52,52,52,30,30,23,23,42,22,22,15,15,15,0,0],"gold":152,"neow_bonus":"BOSS_RELIC","is_daily":false,"chose_seed":false,"campfire_upgraded":1,"win_rate":0.0,"timestamp":1612040647,"path_taken":["M","?","M","$","?","E","M","E","T","R","M","M","E","?","R","BOSS"],"items_purchased_type":["Card","Card"],"build_version":"2020-12-22","purchased_purges":0,"victory":false,"max_hp_per_floor":[71,64,64,64,64,64,64,64,64,64,64,64,64,64,64,64,64],"relic_stats":{"Sozu":3,"counters":[9,27],"Golden Idol":34,"Sundial":[0],"Orichalcum":[6],"obtain_stats":[{"Sozu":0,"Golden Idol":2,"Sundial":8,"Orichalcum":13,"Cracked Core":0,"Mercury Hourglass":6},{"Sozu":0,"Golden Idol":1,"Sundial":5,"Orichalcum":8,"Cracked Core":0,"Mercury Hourglass":3},{"Sozu":0,"Golden Idol":3,"Sundial":15,"Orichalcum":22,"Cracked Core":0,"Mercury Hourglass":11}],"Mercury Hourglass":[75]},"card_choices":[{"not_picked":["Darkness","Static Discharge"],"picked":"Doom and Gloom","floor":1.0},{"not_picked":["Barrage","Rebound"],"picked":"Hologram","floor":3.0},{"not_picked":["Tempest","Fusion"],"picked":"Rebound","floor":6.0},{"not_picked":["Capacitor","Tempest"],"picked":"FTL","floor":7.0},{"not_picked":["Beam Cell","Lockon"],"picked":"Undo","floor":8.0},{"not_picked":["Compile Driver","Reprogram"],"picked":"Gash","floor":11.0},{"not_picked":["Leap","Creative AI"],"picked":"Sweeping Beam","floor":12.0},{"not_picked":["Steam","Compile Driver"],"picked":"Chaos","floor":13.0}],"player_experience":722881,"relics_obtained":[{"floor":6.0,"key":"Mercury Hourglass"},{"floor":8.0,"key":"Sundial"},{"floor":13.0,"key":"Orichalcum"}],"event_choices":[{"damage_healed":0.0,"max_hp_gain":0.0,"max_hp_loss":7.0,"gold_gain":0.0,"event_name":"Golden Idol","player_choice":"Lose Max HP","floor":2.0,"gold_loss":0.0,"damage_taken":0.0,"relics_obtained":["Golden Idol"]},{"damage_healed":0.0,"max_hp_gain":0.0,"max_hp_loss":0.0,"gold_gain":0.0,"event_name":"Liars Game","player_choice":"Ignored","floor":5.0,"gold_loss":0.0,"damage_taken":0.0},{"damage_healed":0.0,"max_hp_gain":0.0,"max_hp_loss":0.0,"gold_gain":0.0,"event_name":"Living Wall","player_choice":"Grow","floor":14.0,"gold_loss":0.0,"damage_taken":0.0,"cards_upgraded":["Discovery"]}],"is_beta":false,"boss_relics":[],"items_purged_floors":[],"is_endless":false,"potions_floor_spawned":[1,3,6],"killed_by":"The Guardian","ascension_level":20}}