{"host":"yecadp3kwkksam5a","time":1612021222,"event":{"mods":["100% Spire Juice","Arknights The Spire","BaseMod","Minty Spire (QoL Compilation)","StSLib","SuperFastMode","The Cursed","The Runesmith","WarShipGirlsR/??á´Ò³R mod"],"gold_per_floor":[110,128,203,222,222,222,222],"floor_reached":6,"language":"KOR","playtime":132,"items_purged":[],"score":97,"play_id":"bc1e04d5-27dc-4d3b-96ca-733e2744187a","local_time":"20210131004022","daily_mods":["Specialized","Colorless Cards"],"is_ascension_mode":true,"campfire_choices":[],"circlet_count":0,"master_deck":["AscendersBane","Strike_R","Strike_R","Strike_R","Strike_R","Strike_R","Defend_R","Defend_R","Defend_R","Defend_R","Bash","Body Slam","Body Slam","Body Slam","Body Slam+1","Body Slam","Flame Barrier","Shrug It Off"],"relics":["Burning Blood"],"acts_visited":["Exordium"],"potions_floor_usage":[],"damage_taken":[{"damage":17,"enemies":"Small Slimes","floor":1,"turns":5},{"damage":24,"enemies":"Jaw Worm","floor":2,"turns":4},{"damage":6,"enemies":"Cultist","floor":4,"turns":4},{"damage":0,"enemies":"Lagavulin","floor":6,"turns":1}],"seed_played":"-4906126280370064260","potions_obtained":[{"floor":1,"key":"BloodPotion"}],"is_trial":true,"path_per_floor":["M","M","?","M","?","E"],"character_chosen":"IRONCLAD","items_purchased":[],"campfire_rested":0,"item_purchase_floors":[],"current_hp_per_floor":[57,39,28,28,28,28,28],"gold":222,"neow_bonus":"","is_daily":false,"chose_seed":false,"campfire_upgraded":0,"win_rate":0.0,"timestamp":1612021222,"path_taken":["M","M","?","M","?","E"],"items_purchased_type":[],"build_version":"2020-12-22","purchased_purges":0,"victory":false,"max_hp_per_floor":[75,75,75,75,75,75,75],"card_choices":[{"not_picked":["Good Instincts","Rampage"],"picked":"Flame Barrier","floor":1},{"not_picked":["Madness","Panacea"],"picked":"Shrug It Off","floor":2},{"not_picked":["Twin Strike","Bandage Up","Dramatic Entrance"],"picked":"SKIP","floor":4}],"player_experience":565417,"relics_obtained":[],"event_choices":[{"damage_healed":0,"gold_gain":75,"player_choice":"Gather Gold","damage_taken":11,"max_hp_gain":0,"max_hp_loss":0,"event_name":"World of Goop","floor":3,"gold_loss":0},{"damage_healed":0,"gold_gain":0,"player_choice":"Upgraded","damage_taken":0,"max_hp_gain":0,"max_hp_loss":0,"event_name":"Upgrade Shrine","floor":5,"gold_loss":0,"cards_upgraded":["Body Slam"]}],"is_beta":false,"boss_relics":[],"items_purged_floors":[],"is_endless":false,"potions_floor_spawned":[1],"killed_by":"Lagavulin","ascension_level":20}}