{"host":"lzlnscgb2n0l5w2m","time":1612003344,"event":{"mods":["AchievementEnabler","BaseMod","Block Reminder","Colored Powertips","Highlight Path","Minty Spire (QoL Compilation)","Permanent Neow","Relic Stats","StSLib","Yuri Mod"],"gold_per_floor":[110,110,120,46,58,58,91,91,91,107,135,135,154,168,168,168,168],"floor_reached":16,"language":"ZHS","playtime":1015,"items_purged":[],"score":123,"play_id":"52aee495-5b90-4d38-873f-647efef0d95b","local_time":"20210130184224","is_ascension_mode":true,"campfire_choices":[{"data":"yuri:RelentlessStrikes","floor":6.0,"key":"SMITH"},{"floor":8.0,"key":"REST"},{"floor":12.0,"key":"REST"},{"floor":15,"key":"REST"}],"circlet_count":0,"master_deck":["yuri:yuriStrike","yuri:yuriStrike","yuri:yuriStrike","yuri:yuriStrike","yuri:yuriStrike","yuri:yuriDefend","yuri:yuriDefend","yuri:yuriDefend","yuri:yuriDefend","yuri:Oolong","yuri:yuriStab","yuri:RelentlessStrikes+1","yuri:UntestedCode","yuri:Stalk","yuri:HoldBack","yuri:HoldBack","yuri:BrokenCode","yuri:InsanityDefense","yuri:BookPurple","yuri:HoldBack","yuri:yuriHeavyStrike"],"relics":["yuri:yuriKnife","Gremlin Horn","Bronze Scales","Mummified Hand"],"acts_visited":["Exordium"],"potions_floor_usage":[14],"damage_taken":[{"damage":6.0,"enemies":"Small Slimes","floor":1.0,"turns":3.0},{"damage":3.0,"enemies":"2 Louse","floor":3.0,"turns":3.0},{"damage":3.0,"enemies":"Cultist","floor":5.0,"turns":4.0},{"damage":59.0,"enemies":"3 Sentries","floor":7.0,"turns":11.0},{"damage":22.0,"enemies":"Blue Slaver","floor":10.0,"turns":4.0},{"damage":21.0,"enemies":"Gremlin Nob","floor":11.0,"turns":5.0},{"damage":27.0,"enemies":"Exordium Thugs","floor":13.0,"turns":4.0},{"damage":9,"enemies":"Looter","floor":14,"turns":2},{"damage":35,"enemies":"Slime Boss","floor":16,"turns":3}],"seed_played":"6023003903876324190","potions_obtained":[{"floor":5.0,"key":"Weak Potion"},{"floor":7.0,"key":"Strength Potion"},{"floor":10.0,"key":"Energy Potion"},{"floor":13.0,"key":"SneckoOil"}],"is_trial":false,"path_per_floor":["M","?","M","$","M","R","E","R","T","M","E","R","M","M","R","B"],"character_chosen":"YURI","items_purchased":["yuri:HoldBack"],"campfire_rested":3,"item_purchase_floors":[4],"current_hp_per_floor":[78,71,72,72,73,73,18,42,42,24,7,31,8,3,27,0,0],"gold":168,"neow_bonus":"ONE_RANDOM_RARE_CARD","is_daily":false,"chose_seed":false,"campfire_upgraded":1,"win_rate":0.0,"timestamp":1612003344,"path_taken":["M","?","M","$","M","R","E","R","T","M","E","R","M","M","R","BOSS"],"items_purchased_type":["Card"],"build_version":"2020-12-22","purchased_purges":0,"victory":false,"max_hp_per_floor":[80,80,80,80,80,80,80,80,80,80,80,80,80,80,80,80,80],"relic_stats":{"Gremlin Horn":[1,1],"counters":[9,39],"Mummified Hand":[13],"Bronze Scales":[33],"obtain_stats":[{"Gremlin Horn":7,"Mummified Hand":11,"Bronze Scales":9,"yuri:yuriKnife":0},{"Gremlin Horn":4,"Mummified Hand":6,"Bronze Scales":4,"yuri:yuriKnife":0},{"Gremlin Horn":21,"Mummified Hand":30,"Bronze Scales":21,"yuri:yuriKnife":0}]},"card_choices":[{"not_picked":["yuri:yuriHeavyStrike","yuri:DebugCard"],"picked":"yuri:UntestedCode","floor":1.0},{"not_picked":["yuri:ReactiveMadness","yuri:ThrowBook"],"picked":"yuri:Stalk","floor":3.0},{"not_picked":["yuri:Stalk","yuri:CorruptHitbox"],"picked":"yuri:HoldBack","floor":5.0},{"not_picked":["yuri:CalmingAura","yuri:DebugCard"],"picked":"yuri:BrokenCode","floor":7.0},{"not_picked":["yuri:ThrowingKnives","yuri:TPose"],"picked":"yuri:InsanityDefense","floor":10.0},{"not_picked":["yuri:GlitchedStrike","yuri:TPose"],"picked":"yuri:BookPurple","floor":11.0},{"not_picked":["yuri:GlitchedStrike","yuri:TPose"],"picked":"yuri:HoldBack","floor":13.0},{"not_picked":["yuri:CalmingAura","yuri:HoldBack"],"picked":"yuri:yuriHeavyStrike","floor":14}],"player_experience":308480,"relics_obtained":[{"floor":7.0,"key":"Gremlin Horn"},{"floor":9.0,"key":"Bronze Scales"},{"floor":11.0,"key":"Mummified Hand"}],"event_choices":[{"cards_removed":["yuri:yuriDefend"],"damage_healed":0.0,"max_hp_gain":0.0,"max_hp_loss":0.0,"gold_gain":0.0,"event_name":"Golden Wing","player_choice":"Card Removal","floor":2.0,"gold_loss":0.0,"damage_taken":7.0}],"is_beta":false,"boss_relics":[],"items_purged_floors":[],"is_endless":false,"potions_floor_spawned":[5,7,10,13],"killed_by":"Slime Boss","ascension_level":2}}