{"host":"w3q5ijqu8eoknil3","time":1612044075,"event":{"mods":["AchievementEnabler","BaseMod","Block Reminder","Colored Map","Colored Powertips","Curses Come First","Dark Map","Minty Spire (QoL Compilation)","Quick Restart","Relic Stats","StSLib","ojb\u0027s Better Paths Mod","ojb\u0027s Info Mod","slay the spire mod where everything is the same but ironclad has a cowboy hat"],"gold_per_floor":[112,112,112,112,128,128,164,239,239,278,428,428,444,16,16,111,111,132,132,201,217,317,317,341,341,341,376,376,419,419,469,469,469,469],"floor_reached":33,"language":"ENG","playtime":743,"items_purged":["Doubt"],"score":759,"play_id":"200c2597-b388-42eb-bccf-56a6387e58ac","local_time":"20210130220115","is_ascension_mode":true,"campfire_choices":[{"data":"Skewer","floor":6,"key":"SMITH"},{"data":"Die Die Die","floor":12,"key":"SMITH"},{"data":"Blade Dance","floor":15,"key":"SMITH"},{"floor":23,"key":"REST"},{"floor":25,"key":"REST"},{"data":"Die Die Die","floor":28,"key":"SMITH"},{"data":"Blur","floor":30,"key":"SMITH"},{"floor":32,"key":"REST"}],"circlet_count":0,"master_deck":["AscendersBane","Strike_G+1","Strike_G","Defend_G","Defend_G","Defend_G","Defend_G+1","Defend_G","Survivor","Neutralize+1","All Out Attack","Skewer+1","Die Die Die+1","Finisher","Dagger Throw","Dash","Blade Dance+1","Panacea","Die Die Die+1","Predator+1","Blur+1","Leg Sweep+1","Blade Dance","Blur+1","Dash+1","Sucker Punch+1","Dagger Spray"],"relics":["Ring of the Snake","NeowsBlessing","Golden Idol","Ancient Tea Set","Lantern","Ornamental Fan","Frozen Eye","Astrolabe","SsserpentHead","Du-Vu Doll","Whetstone","Anchor"],"acts_visited":["Exordium","TheCity"],"potions_floor_usage":[10,16,21,24,27],"damage_taken":[{"damage":0,"enemies":"2 Louse","floor":1,"turns":1},{"damage":0,"enemies":"Small Slimes","floor":5,"turns":2},{"damage":0,"enemies":"Lagavulin","floor":7,"turns":1},{"damage":0,"enemies":"3 Sentries","floor":10,"turns":3},{"damage":0,"enemies":"Jaw Worm","floor":13,"turns":1},{"damage":0,"enemies":"Slime Boss","floor":16,"turns":6},{"damage":25,"enemies":"3 Byrds","floor":18,"turns":4},{"damage":8,"enemies":"Chosen","floor":20,"turns":3},{"damage":14,"enemies":"Snake Plant","floor":21,"turns":5},{"damage":20,"enemies":"Chosen and Byrds","floor":24,"turns":6},{"damage":3,"enemies":"Slavers","floor":27,"turns":3},{"damage":11,"enemies":"Book of Stabbing","floor":29,"turns":4},{"damage":0,"enemies":"Colosseum Slavers","floor":31,"turns":3},{"damage":32,"enemies":"Champ","floor":33,"turns":5}],"seed_played":"7760125576347037280","potions_obtained":[{"floor":7,"key":"LiquidMemories"},{"floor":10,"key":"Fire Potion"},{"floor":18,"key":"SpeedPotion"},{"floor":21,"key":"AttackPotion"},{"floor":24,"key":"PowerPotion"}],"is_trial":false,"path_per_floor":["M","?","?","$","M","R","E","?","T","E","?","R","M","$","R","B",null,"M","?","M","M","?","R","M","R","T","E","R","E","R","?","R","B"],"character_chosen":"THE_SILENT","items_purchased":["Dash","Blade Dance","Frozen Eye","Panacea"],"campfire_rested":3,"item_purchase_floors":[14,14,14,14],"current_hp_per_floor":[59,59,41,41,41,41,41,30,30,30,30,30,30,30,30,30,53,28,28,20,6,6,24,4,22,22,19,19,8,8,8,26,0,0],"gold":469,"neow_bonus":"THREE_ENEMY_KILL","is_daily":false,"chose_seed":false,"campfire_upgraded":5,"win_rate":0.0,"timestamp":1612044075,"path_taken":["M","?","?","$","?","R","E","?","T","E","?","R","M","$","R","BOSS","M","?","?","M","?","R","M","R","T","E","R","E","R","?","R","BOSS"],"items_purchased_type":["Card","Card","Relic","Card"],"build_version":"2020-12-22","purchased_purges":1,"victory":false,"max_hp_per_floor":[66,60,60,60,60,60,60,60,60,60,60,60,60,60,60,60,60,60,60,60,60,60,60,60,60,60,60,60,60,60,60,60,60,60],"relic_stats":{"SsserpentHead":150,"counters":[14,47],"Golden Idol":72,"Ornamental Fan":[120],"Astrolabe":["Predator","Blur","Leg Sweep"],"Whetstone":["Neutralize","Dash"],"obtain_stats":[{"Du-Vu Doll":26,"Frozen Eye":14,"SsserpentHead":19,"Lantern":9,"Anchor":29,"NeowsBlessing":0,"Golden Idol":2,"Ornamental Fan":10,"Astrolabe":17,"Whetstone":27,"Ancient Tea Set":7,"Ring of the Snake":0},{"Du-Vu Doll":10,"Frozen Eye":5,"SsserpentHead":7,"Lantern":3,"Anchor":12,"NeowsBlessing":0,"Golden Idol":1,"Ornamental Fan":4,"Astrolabe":6,"Whetstone":11,"Ancient Tea Set":3,"Ring of the Snake":0},{"Du-Vu Doll":32,"Frozen Eye":8,"SsserpentHead":18,"Lantern":4,"Anchor":39,"NeowsBlessing":0,"Golden Idol":1,"Ornamental Fan":7,"Astrolabe":14,"Whetstone":35,"Ancient Tea Set":4,"Ring of the Snake":0}],"Ring of the Snake":[28]},"card_choices":[{"not_picked":["Sucker Punch","Deflect"],"picked":"All Out Attack","floor":1},{"not_picked":["Expertise","Catalyst"],"picked":"Skewer","floor":5},{"not_picked":["Tactician","All Out Attack"],"picked":"Die Die Die","floor":7},{"not_picked":["Riddle With Holes","Distraction"],"picked":"Finisher","floor":10},{"not_picked":["Noxious Fumes","Heel Hook"],"picked":"Dagger Throw","floor":13},{"not_picked":["Unload","Venomology"],"picked":"Die Die Die","floor":16},{"not_picked":["Deadly Poison","PiercingWail"],"picked":"Blade Dance","floor":18},{"not_picked":["Predator","Distraction"],"picked":"Blur","floor":20},{"not_picked":["All Out Attack","Quick Slash"],"picked":"Dash","floor":21},{"not_picked":["Envenom","Reflex"],"picked":"Sucker Punch+1","floor":24},{"not_picked":["Expertise","Escape Plan"],"picked":"Dagger Spray","floor":27},{"not_picked":["Underhanded Strike","Dagger Throw","Bane"],"picked":"SKIP","floor":29}],"player_experience":1027633,"relics_obtained":[{"floor":7,"key":"Ancient Tea Set"},{"floor":9,"key":"Lantern"},{"floor":10,"key":"Ornamental Fan"},{"floor":26,"key":"Du-Vu Doll"},{"floor":27,"key":"Whetstone"},{"floor":29,"key":"Anchor"}],"event_choices":[{"damage_healed":0,"gold_gain":0,"player_choice":"Lose Max HP","damage_taken":0,"relics_obtained":["Golden Idol"],"max_hp_gain":0,"max_hp_loss":6,"event_name":"Golden Idol","floor":2,"gold_loss":0},{"damage_healed":0,"gold_gain":0,"player_choice":"Entered Light","damage_taken":18,"max_hp_gain":0,"max_hp_loss":0,"event_name":"Shining Light","floor":3,"gold_loss":0,"cards_upgraded":["Defend_G","Strike_G"]},{"damage_healed":0,"gold_gain":75,"player_choice":"Gather Gold","damage_taken":11,"max_hp_gain":0,"max_hp_loss":0,"event_name":"World of Goop","floor":8,"gold_loss":0},{"damage_healed":0,"gold_gain":150,"player_choice":"AGREE","damage_taken":0,"max_hp_gain":0,"max_hp_loss":0,"event_name":"Liars Game","floor":11,"gold_loss":0,"cards_obtained":["Doubt"]},{"damage_healed":0,"gold_gain":0,"player_choice":"Trade","damage_taken":0,"relics_obtained":["SsserpentHead"],"max_hp_gain":0,"max_hp_loss":0,"event_name":"FaceTrader","floor":19,"gold_loss":0},{"damage_healed":0,"gold_gain":50,"player_choice":"Stole From Cult","damage_taken":0,"max_hp_gain":0,"max_hp_loss":0,"event_name":"Nest","floor":22,"gold_loss":0},{"damage_healed":0,"gold_gain":0,"player_choice":"Fight","damage_taken":0,"max_hp_gain":0,"max_hp_loss":0,"event_name":"Colosseum","floor":31,"gold_loss":0},{"damage_healed":0,"gold_gain":0,"player_choice":"Fled From Nobs","damage_taken":0,"max_hp_gain":0,"max_hp_loss":0,"event_name":"Colosseum","floor":31,"gold_loss":0}],"is_beta":false,"boss_relics":[{"not_picked":["Velvet Choker","Sozu"],"picked":"Astrolabe"}],"items_purged_floors":[14],"is_endless":false,"potions_floor_spawned":[7,10,18,21,24,31],"killed_by":"Champ","ascension_level":19}}