{"host":"e1y4kviho5jwd7e6","time":1612021656,"event":{"mods":["Act Like it!","Aspiration","BaseMod","Better Altar","Better Match","Better Note","Better Skull","Better Synergies","Better Third Choice","BetterRewards","CCEM2","Colored Powertips","Communication Mod","Conjunction","Conspire","Downfall","Energized Spire","Exacting","GifTheSpireLib","Hubris","Hyrulean Relics","Minty Spire (QoL Compilation)","Quarter Circle Forward PUNCH!","Replay The Spire","Small Relic Pack","Spicy Shops","StSLib","Stuff the Spire","The Blue Laboratory","Transform Curses","Uncapped"],"gold_per_floor":[118,129,149,149,149,149,188,68,68,96,127,127,157,191,191,316,316,352,176,196,196,271,271,28,41,41,70,70,70,70,70,191,191,205,244,259,109,109,109,132,159,159,159,159],"floor_reached":46,"language":"ENG","playtime":1747,"items_purged":["Clumsy"],"score":589,"play_id":"5a33d898-469c-412a-b22a-c4713ed46af7","local_time":"20210130104736","is_ascension_mode":false,"campfire_choices":[{"floor":6,"key":"REST"},{"floor":12,"key":"REST"},{"floor":15,"key":"REST"},{"data":"Mayhem","floor":23,"key":"SMITH"},{"data":"Demon Form","floor":29,"key":"SMITH"},{"data":"Anger","floor":32,"key":"SMITH"},{"floor":40,"key":"REST"},{"floor":44,"key":"REST"}],"circlet_count":0,"master_deck":["Strike_R","Strike_R+1","Strike_R","Strike_R","Strike_R","Defend_R","Defend_R","Defend_R","Bash","StuffTheSpire:Pyroclast+1","Mayhem+1","Panacea","Secret Technique","Replay:Undeath\u0027s Touch","Evolve","Replay:Many Hands","Fire Breathing","Ball Lightning+1","Flex","Flex","Inflame","Demon Form+1","Cleave","Anger+1","Limit Break","conspire:Purge","Double Tap","StuffTheSpire:Resist+1","ReplayTheSpireMod:Stacked","ReplayTheSpireMod:Limb From Limb","Evolve+1","Replay:Undeath\u0027s Touch","Run Through","Cleave","StuffTheSpire:Incineration","Sword Boomerang+1"],"relics":["Black Blood","hubris:Teleporter","Medical Kit","Oddly Smooth Stone","Golden Idol","ReplayTheSpireMod:ShopPack","Iron Hammer","Replay:Grab Bag","bronze:MakeshiftBattery","energizedSpire:StickyHand","TheAbacus","Replay:Bottled Steam","Ring of Chaos","Brimstone","aspiration:HiddenCompartment"],"acts_visited":["Exordium","TheCity","TheBeyond"],"potions_floor_usage":[2,16,16,16,28],"damage_taken":[{"damage":0,"enemies":"2 Louse","floor":1,"turns":3},{"damage":3,"enemies":"Jaw Worm","floor":2,"turns":4},{"damage":8,"enemies":"conspire:RoseBush","floor":3,"turns":3},{"damage":22,"enemies":"Exordium Thugs","floor":7,"turns":6},{"damage":12,"enemies":"Blue Slaver","floor":10,"turns":4},{"damage":14,"enemies":"Lots of Slimes","floor":11,"turns":4},{"damage":14,"enemies":"conspire:2 RoseBushes","floor":13,"turns":4},{"damage":13,"enemies":"Gremlin Gang","floor":14,"turns":5},{"damage":61,"enemies":"The Guardian","floor":16,"turns":9},{"damage":12,"enemies":"Spheric Guardian","floor":18,"turns":4},{"damage":0,"enemies":"conspire:FuzzyDice","floor":20,"turns":5},{"damage":18,"enemies":"Snecko","floor":25,"turns":4},{"damage":30,"enemies":"3 Cultists","floor":27,"turns":5},{"damage":0,"enemies":"Cultist and Chosen","floor":28,"turns":1},{"damage":33,"enemies":"conspire:MysteriousRune","floor":33,"turns":6},{"damage":0,"enemies":"3 Shapes","floor":35,"turns":4},{"damage":40,"enemies":"3 Darklings","floor":36,"turns":4},{"damage":50,"enemies":"Maw","floor":37,"turns":6},{"damage":23,"enemies":"Sphere and 2 Shapes","floor":42,"turns":3}],"seed_played":"-4016891959011695451","potions_obtained":[{"floor":1,"key":"blueLaboratory:HorrorPotion"},{"floor":7,"key":"SpeedPotion"},{"floor":10,"key":"FearPotion"},{"floor":11,"key":"blueLaboratory:BubblePotion"},{"floor":13,"key":"blueLaboratory:SmithPotion"},{"floor":16,"key":"blueLaboratory:EntrenchedPotion"},{"floor":37,"key":"blueLaboratory:Moonshine"},{"floor":42,"key":"Venom Potion"}],"is_trial":false,"path_per_floor":["M","M","M","?","?","R","M","$","T","M","M","R","M","M","R","B",null,"M","$","M","?","?","R","$","M","T","M","M","R","?","R","B",null,"M","M","M","$","?","R","M","T","R","M"],"character_chosen":"IRONCLAD","items_purchased":["Medical Kit","Oddly Smooth Stone","ReplayTheSpireMod:ShopPack","qcfpunch:Cattail","Fire Breathing","TheAbacus","Flex","Inflame","Brimstone"],"campfire_rested":5,"item_purchase_floors":[0,0,8,19,19,24,24,24,38],"current_hp_per_floor":[51,54,52,36,36,60,44,44,44,38,30,54,46,51,75,20,80,80,80,80,80,72,72,72,66,66,48,60,60,60,60,39,80,80,52,14,14,14,38,27,27,51,0,0],"gold":159,"neow_bonus":"","is_daily":false,"chose_seed":false,"campfire_upgraded":3,"win_rate":0.0,"timestamp":1612021656,"path_taken":["M","M","M","?","?","R","M","$","T","M","M","R","M","M","R","BOSS","M","$","M","?","?","R","$","M","T","?","M","R","?","R","BOSS","M","M","?","$","?","R","M","T","R","M"],"items_purchased_type":["Relic","Relic","Relic","Relic","Card","Relic","Card","Card","Relic"],"build_version":"2020-12-22","purchased_purges":1,"victory":false,"max_hp_per_floor":[80,80,80,80,80,80,80,80,80,80,80,80,80,80,80,80,80,80,80,80,80,80,80,80,80,80,80,80,80,80,80,80,80,80,80,80,80,80,80,80,80,80,80,80],"card_choices":[{"not_picked":["ReplayTheSpireMod:Limb From Limb","StuffTheSpire:RockThrow","Heavy Blade"],"picked":"SKIP","floor":1},{"not_picked":["hubris:SharpeningStone","Rage"],"picked":"StuffTheSpire:Pyroclast","floor":2},{"not_picked":["Disarm","Twin Strike","Clash"],"picked":"SKIP","floor":3},{"not_picked":["Blood for Blood","Run Through","Clash"],"picked":"SKIP","floor":7},{"not_picked":["The Bomb","Apotheosis"],"picked":"Mayhem","floor":8},{"not_picked":["StuffTheSpire:FreeRealEstate","Blind"],"picked":"Panacea","floor":8},{"not_picked":["Replay:Parry","Trip"],"picked":"Secret Technique","floor":8},{"not_picked":["ReplayReversal","StuffTheSpire:Slingshot"],"picked":"Replay:Undeath\u0027s Touch","floor":10},{"not_picked":["Feel No Pain","Searing Blow","Uppercut"],"picked":"SKIP","floor":11},{"not_picked":["Pommel Strike","Thunderclap"],"picked":"Evolve","floor":13},{"not_picked":["Seeing Red","Massacre","StuffTheSpire:Incineration"],"picked":"SKIP","floor":14},{"not_picked":["Limit Break","hubris:StunningStrike"],"picked":"Replay:Many Hands","floor":16},{"not_picked":["Run Through","Flex","Perfected Strike"],"picked":"SKIP","floor":18},{"not_picked":["Hemokinesis","Clothesline","Twin Strike"],"picked":"SKIP","floor":20},{"not_picked":["Run Through","Rage","Armaments"],"picked":"SKIP","floor":25},{"not_picked":["Cleave","Anger"],"picked":"Demon Form","floor":27},{"not_picked":["Limit Break","Double Tap"],"picked":"conspire:Purge","floor":33},{"not_picked":["Perfected Strike","Inflame","Thunderclap+1"],"picked":"SKIP","floor":35},{"not_picked":["StuffTheSpire:Resist+1","ReplayTheSpireMod:Limb From Limb"],"picked":"ReplayTheSpireMod:Stacked","floor":36},{"not_picked":["Evolve+1","Run Through"],"picked":"Replay:Undeath\u0027s Touch","floor":37},{"not_picked":["Cleave","StuffTheSpire:Incineration"],"picked":"Sword Boomerang+1","floor":42}],"player_experience":944679,"relics_obtained":[{"floor":9,"key":"Iron Hammer"},{"floor":26,"key":"Replay:Bottled Steam"},{"floor":43,"key":"aspiration:HiddenCompartment"}],"event_choices":[{"damage_healed":52,"gold_gain":0,"player_choice":"Upgrade","damage_taken":16,"max_hp_gain":0,"max_hp_loss":80,"event_name":"betterThird:BetterShining","floor":4,"gold_loss":0,"cards_upgraded":["StuffTheSpire:Pyroclast","Strike_R"]},{"damage_healed":0,"gold_gain":0,"player_choice":"Take Wound","damage_taken":0,"relics_obtained":["Golden Idol"],"max_hp_gain":0,"max_hp_loss":0,"event_name":"Golden Idol","floor":5,"gold_loss":0,"cards_obtained":["Injury"]},{"cards_removed":["Panacea"],"damage_healed":0,"gold_gain":0,"player_choice":"Take \u0026 Give","damage_taken":0,"max_hp_gain":0,"max_hp_loss":0,"event_name":"betterNote:BetterNote","floor":21,"gold_loss":0,"cards_obtained":["Ball Lightning"]},{"damage_healed":0,"gold_gain":75,"player_choice":"Touch","damage_taken":8,"max_hp_gain":0,"max_hp_loss":0,"event_name":"FaceTrader","floor":22,"gold_loss":0},{"cards_removed":["Injury"],"damage_healed":0,"gold_gain":0,"player_choice":"Purged","damage_taken":0,"max_hp_gain":0,"max_hp_loss":0,"event_name":"Purifier","floor":31,"gold_loss":0},{"damage_healed":0,"gold_gain":0,"player_choice":"Ignored","damage_taken":0,"max_hp_gain":0,"max_hp_loss":0,"event_name":"Mysterious Sphere","floor":39,"gold_loss":0}],"is_beta":false,"boss_relics":[{"not_picked":["SacredBark","hubris:GrandSneckoEye"],"picked":"Replay:Grab Bag"},{"not_picked":["conspire:SeveredTorchhead","Replay:Bronze Core"],"picked":"bronze:MakeshiftBattery"},{"not_picked":["ReplayTheSpireMod:DimensionalGlitch","StuffTheSpire:ModemDavis"],"picked":"energizedSpire:StickyHand"},{"not_picked":["hubris:HollowSoul","qcfpunch:Dark_Gi"],"picked":"Black Blood"},{"not_picked":["relicPack:ShieldShield","Empty Cage"],"picked":"Ring of Chaos"}],"items_purged_floors":[0],"is_endless":false,"potions_floor_spawned":[1,7,10,13,16,28,37,42],"killed_by":"4 Shapes","ascension_level":0}}