{"host":"s8eu5oacnz2jj6un","time":1612038964,"event":{"mods":["AchievementEnabler","Act Like it!","Astrologer","BaseMod","Colored Powertips","Downfall","Koishi","Marisa????????","Minty Spire (QoL Compilation)","Remilia??????","Replay The Spire","Shop Mod","StSLib","The Marked","The Servant 0.9.4","Yuyuko"],"gold_per_floor":[112,65,65,12,12,12,37,57,57,57,57,57],"floor_reached":11,"language":"ENG","playtime":538,"items_purged":[],"score":94,"play_id":"75a669dd-b68e-4e57-9f90-2ff7525c8af7","local_time":"20210130213604","is_ascension_mode":false,"campfire_choices":[{"floor":6,"key":"RECALL"}],"circlet_count":0,"master_deck":["Fantasy Butterflies","Fantasy Butterflies","Fantasy Butterflies","Fantasy Butterflies","Fantasy Butterflies","Dreamy Sakura","Dreamy Sakura","Dreamy Sakura","Dreamy Sakura","Dreamy Sakura","Deathly Ground+1","Faramita\u0027s Temptation","Butterflies Rainbow","Dancing Butterflies","Pain","Fondling of Papilio","Fondling of Papilio","Sickly"],"relics":["Coronal","Yuyuko\u0027s fan","NeowsBlessing","WarpedTongs","Ancient Tea Set","PrismaticShard"],"acts_visited":["Exordium"],"potions_floor_usage":[],"damage_taken":[{"damage":1,"enemies":"Small Slimes","floor":1,"turns":1},{"damage":1,"enemies":"3 Sentries","floor":7,"turns":1},{"damage":4,"enemies":"Cultist","floor":8,"turns":1},{"damage":22,"enemies":"Replay:BlueRogue","floor":11,"turns":3}],"seed_played":"-6180442361741042047","potions_obtained":[{"floor":7,"key":"Adrenaline Potion"},{"floor":8,"key":"Ancient Potion"}],"is_trial":false,"path_per_floor":["M","$","?","$","?","R","E","M","T","?","E"],"character_chosen":"YUYOKO","items_purchased":["Dancing Butterflies","Fondling of Papilio"],"campfire_rested":0,"item_purchase_floors":[2,4],"current_hp_per_floor":[39,39,39,39,39,39,38,35,35,35,22,22],"gold":57,"neow_bonus":"THREE_ENEMY_KILL","is_daily":false,"chose_seed":false,"campfire_upgraded":0,"win_rate":0.0,"timestamp":1612038964,"path_taken":["M","$","?","?","?","R","E","M","T","?","E"],"items_purchased_type":["Card","Card"],"build_version":"2020-12-22","purchased_purges":0,"victory":false,"max_hp_per_floor":[40,40,40,40,40,40,40,40,40,40,40,40],"card_choices":[{"not_picked":["Gauzy Sakura","The Forgotten Winter"],"picked":"Butterflies Rainbow","floor":1},{"not_picked":["Linger over Flower","Monster Cherry Tree"],"picked":"Fondling of Papilio","floor":7},{"not_picked":["Gone","Mini Ghostdom","Reverse The Screen"],"picked":"SKIP","floor":8}],"player_experience":775740,"relics_obtained":[{"floor":7,"key":"Ancient Tea Set"}],"event_choices":[{"damage_healed":0,"gold_gain":0,"player_choice":"Rummage","damage_taken":0,"relics_obtained":["WarpedTongs"],"max_hp_gain":0,"max_hp_loss":0,"event_name":"Accursed Blacksmith","floor":3,"gold_loss":0,"cards_obtained":["Pain"]}],"is_beta":false,"boss_relics":[],"items_purged_floors":[],"is_endless":false,"potions_floor_spawned":[7,8],"killed_by":"Replay:BlueRogue","ascension_level":0}}