{"host":"yecadp3kwkksam5a","time":1612019226,"event":{"mods":["BaseMod","Minty Spire (QoL Compilation)","Prisma Mod","StSLib","SuperFastMode","The Cursed","WarShipGirlsR/??á´Ò³R mod"],"gold_per_floor":[113,113,126,144,162,162,194,214,287,287,305,330,364,374,374,374,374],"floor_reached":16,"language":"KOR","playtime":719,"items_purged":[],"score":189,"play_id":"f8863c23-de88-443b-aafb-5af3922de1e5","local_time":"20210131000706","is_ascension_mode":false,"campfire_choices":[{"data":"PrismaMod:ChloeGaeBolg","floor":6,"key":"SMITH"},{"data":"PrismaMod:ChloeDiscardRecovery","floor":10,"key":"SMITH"},{"data":"PrismaMod:ChloeCheapAttack","floor":15,"key":"SMITH"}],"circlet_count":0,"master_deck":["PrismaMod:ChloeCommonAttack","PrismaMod:ChloeCommonAttack","PrismaMod:ChloeCommonAttack","PrismaMod:ChloeCommonAttack","PrismaMod:ChloeCommonAttack","PrismaMod:ChloeCommonDefend","PrismaMod:ChloeCommonDefend","PrismaMod:ChloeCommonDefend","PrismaMod:ChloeCommonDefend","PrismaMod:ChloeCommonDefend","PrismaMod:ChloeCheapAttack+1","PrismaMod:ChloeCheapDefend","Mayhem+1","Mayhem+1","Mayhem+1","Mayhem+1","Mayhem+1","PrismaMod:ChloeCaladbolg","PrismaMod:ChloeRitsuka","PrismaMod:ChloeGaeBolg+1","PrismaMod:ChloeDiscardRecovery+1","PrismaMod:ChloeRuleBreaker","PrismaMod:ChloeRitsuka","PrismaMod:ChloeExhaustOne","PrismaMod:ChloeCarnivalDefend"],"relics":["PrismaMod:PrismaTraceOn","CaptainsWheel","Bird Faced Urn","Ice Cream","Pear","Odd Mushroom","Tiny Chest"],"acts_visited":["Exordium"],"potions_floor_usage":[1],"damage_taken":[{"damage":1,"enemies":"2 Louse","floor":1,"turns":4},{"damage":2,"enemies":"Small Slimes","floor":3,"turns":4},{"damage":1,"enemies":"Jaw Worm","floor":4,"turns":4},{"damage":15,"enemies":"Blue Slaver","floor":5,"turns":4},{"damage":16,"enemies":"Gremlin Nob","floor":7,"turns":5},{"damage":7,"enemies":"Exordium Wildlife","floor":8,"turns":2},{"damage":12,"enemies":"2 Fungi Beasts","floor":11,"turns":4},{"damage":15,"enemies":"The Mushroom Lair","floor":12,"turns":5},{"damage":0,"enemies":"Lagavulin","floor":13,"turns":5},{"damage":11,"enemies":"Looter","floor":14,"turns":4},{"damage":0,"enemies":"Slime Boss","floor":16,"turns":1}],"seed_played":"-828608461578971566","potions_obtained":[{"floor":1,"key":"EntropicBrew"}],"is_trial":false,"path_per_floor":["M","?","M","M","M","R","E","M","T","R","M","?","E","M","R","B"],"character_chosen":"CHLOE","items_purchased":[],"campfire_rested":0,"item_purchase_floors":[],"current_hp_per_floor":[81,48,56,65,60,60,54,53,63,63,61,56,70,65,65,65,65],"gold":374,"neow_bonus":"TEN_PERCENT_HP_BONUS","is_daily":false,"chose_seed":false,"campfire_upgraded":3,"win_rate":0.0,"timestamp":1612019226,"path_taken":["M","?","M","M","M","R","E","M","T","R","M","?","E","M","R","BOSS"],"items_purchased_type":[],"build_version":"2020-12-22","purchased_purges":0,"victory":false,"max_hp_per_floor":[82,82,82,82,82,82,82,82,92,92,92,92,92,92,92,92,92],"card_choices":[{"not_picked":["PrismaMod:ChloeUncommonAttack","PrismaMod:ChloeCheapAttack","PrismaMod:ChloeUncommonAOEAttack"],"picked":"SKIP","floor":1},{"not_picked":["PrismaMod:ChloeCommonAOEAttack","PrismaMod:ChloeCheapAttack"],"picked":"PrismaMod:ChloeCaladbolg","floor":3},{"not_picked":["PrismaMod:ChloeCheapDefendTwo","PrismaMod:ChloeDiscardRecovery"],"picked":"PrismaMod:ChloeRitsuka","floor":4},{"not_picked":["PrismaMod:ChloeCheapAttack","PrismaMod:ChloeDiscardRecovery"],"picked":"PrismaMod:ChloeGaeBolg","floor":5},{"not_picked":["PrismaMod:ChloeMaid","PrismaMod:ChloeExhaustTwo"],"picked":"PrismaMod:ChloeDiscardRecovery","floor":7},{"not_picked":["PrismaMod:ChloeUncommonDefend","PrismaMod:ChloeDemonicTutor"],"picked":"PrismaMod:ChloeRuleBreaker","floor":8},{"not_picked":["PrismaMod:ChloeMaid","PrismaMod:ChloeCheapAttackTwo"],"picked":"PrismaMod:ChloeRitsuka","floor":11},{"not_picked":["PrismaMod:ChloeCheapDefendTwo","PrismaMod:ChloeCommonAOEAttack"],"picked":"PrismaMod:ChloeExhaustOne","floor":12},{"not_picked":["PrismaMod:ChloeBetterTracePools","PrismaMod:ChloeCheapDefend","PrismaMod:ChloeCheapAttack"],"picked":"SKIP","floor":13},{"not_picked":["PrismaMod:ChloeBetterTracePools","PrismaMod:ChloeRuleBreaker"],"picked":"PrismaMod:ChloeCarnivalDefend","floor":14}],"player_experience":555205,"relics_obtained":[{"floor":7,"key":"Ice Cream"},{"floor":9,"key":"Pear"},{"floor":12,"key":"Odd Mushroom"},{"floor":13,"key":"Tiny Chest"}],"event_choices":[{"damage_healed":0,"gold_gain":0,"player_choice":"Success","damage_taken":33,"relics_obtained":["CaptainsWheel"],"max_hp_gain":0,"max_hp_loss":0,"event_name":"Scrap Ooze","floor":2,"gold_loss":0},{"damage_healed":0,"gold_gain":0,"player_choice":"Fought Mushrooms","damage_taken":0,"max_hp_gain":0,"max_hp_loss":0,"event_name":"Mushrooms","floor":12,"gold_loss":0}],"is_beta":false,"boss_relics":[],"items_purged_floors":[],"is_endless":false,"potions_floor_spawned":[1,3,4,12],"killed_by":"Slime Boss","ascension_level":0}}