{"host":"ibckqdmmf9y74ymf","time":1612038571,"event":{"mods":["2.2 Compatiblity","BaseMod","Colored Map","Curses Come First","Highlight Path","Minty Spire (QoL Compilation)","Quick Restart","Rare Cards Sparkle","Relic Stats","StSLib"],"gold_per_floor":[116,116,41,41,60,390,403,403,403],"floor_reached":8,"language":"ENG","playtime":130,"items_purged":["Strike_G"],"score":162,"play_id":"d97f3dcc-f832-420a-8df8-5ec2292010bd","local_time":"20210130212931","is_ascension_mode":true,"campfire_choices":[],"circlet_count":0,"master_deck":["AscendersBane","Strike_G","Strike_G","Strike_G","Defend_G","Defend_G","Defend_G","Defend_G","Defend_G","Survivor","Neutralize","Dodge and Roll","Slice","Escape Plan","Bane"],"relics":["Ring of the Snake","NeowsBlessing","Girya","Old Coin"],"acts_visited":["Exordium"],"potions_floor_usage":[],"damage_taken":[{"damage":0,"enemies":"Small Slimes","floor":1,"turns":1},{"damage":0,"enemies":"Cultist","floor":5,"turns":1},{"damage":0,"enemies":"Gremlin Nob","floor":6,"turns":1},{"damage":0,"enemies":"Jaw Worm","floor":7,"turns":5},{"damage":0,"enemies":"Lagavulin","floor":8,"turns":5}],"seed_played":"7513194777002726576","potions_obtained":[{"floor":1,"key":"SteroidPotion"}],"is_trial":false,"path_per_floor":["M","?","$","?","M","E","M","E"],"character_chosen":"THE_SILENT","items_purchased":[],"campfire_rested":0,"item_purchase_floors":[],"current_hp_per_floor":[59,48,48,48,48,48,48,48,48],"gold":403,"neow_bonus":"THREE_ENEMY_KILL","is_daily":false,"chose_seed":false,"campfire_upgraded":0,"win_rate":0.0,"timestamp":1612038571,"path_taken":["M","?","$","?","?","E","M","E"],"items_purchased_type":[],"build_version":"2020-12-22","purchased_purges":1,"victory":false,"max_hp_per_floor":[66,66,66,66,66,66,66,66,66],"relic_stats":{"counters":[5,13],"obtain_stats":[{"Girya":2,"NeowsBlessing":0,"Ring of the Snake":0,"Old Coin":6},{"Girya":1,"NeowsBlessing":0,"Ring of the Snake":0,"Old Coin":3},{"Girya":1,"NeowsBlessing":0,"Ring of the Snake":0,"Old Coin":3}],"Ring of the Snake":[10]},"card_choices":[{"not_picked":["Reflex","Tactician"],"picked":"Dodge and Roll","floor":1},{"not_picked":["Expertise","Prepared"],"picked":"Slice","floor":5},{"not_picked":["Prepared","Well Laid Plans"],"picked":"Escape Plan","floor":6},{"not_picked":["Quick Slash","Finisher"],"picked":"Bane","floor":7}],"player_experience":666280,"relics_obtained":[{"floor":6,"key":"Old Coin"}],"event_choices":[{"damage_healed":0,"gold_gain":0,"player_choice":"Success","damage_taken":11,"relics_obtained":["Girya"],"max_hp_gain":0,"max_hp_loss":0,"event_name":"Scrap Ooze","floor":2,"gold_loss":0},{"cards_removed":["Strike_G"],"damage_healed":0,"gold_gain":0,"player_choice":"Purged","damage_taken":0,"max_hp_gain":0,"max_hp_loss":0,"event_name":"Purifier","floor":4,"gold_loss":0}],"is_beta":false,"boss_relics":[],"items_purged_floors":[3],"is_endless":false,"potions_floor_spawned":[1],"killed_by":"Lagavulin","ascension_level":20}}