{"host":"6xsbn6ynqlzwllfm","time":1612046140,"event":{"mods":["2.2 Compatiblity","BaseMod","Bestiary","Colored Map","Colored Powertips","Curses Come First","Highlight Path","Keyboard Shortcuts","Minty Spire (QoL Compilation)","Relic Stats","Slay the Relics Exporter","StSLib","SuperFastMode"],"gold_per_floor":[13,24,24,39,39,82,106,156,156,172,172,187,205,229,229,318,318,333,333,333,96,137,168,217,256,256,256,295,295,11,27,27,117,117,133,133,152,215,11,11,30,66,66,399,430,299,328,347,347,347,347,347],"floor_reached":51,"language":"ENG","playtime":1558,"items_purged":["Strike_P","Strike_P"],"score":1861,"play_id":"ad31ce76-5ceb-4980-b69f-1048c64fba65","local_time":"20210130173540","is_ascension_mode":true,"campfire_choices":[{"data":"Vault","floor":11.0,"key":"SMITH"},{"data":"TalkToTheHand","floor":15.0,"key":"SMITH"},{"data":"Fasting2","floor":27.0,"key":"SMITH"},{"data":"Vault","floor":29.0,"key":"SMITH"},{"data":"Conclude","floor":32.0,"key":"SMITH"},{"data":"CrushJoints","floor":40.0,"key":"SMITH"},{"data":"Vault","floor":49.0,"key":"SMITH"}],"circlet_count":0,"master_deck":["AscendersBane","Strike_P","Strike_P","Defend_P","Defend_P","Defend_P","Defend_P","Eruption","Vigilance","Vault+1","Vengeance","TalkToTheHand+1","Tantrum+1","Adaptation","EmptyFist","FlyingSleeves","Conclude+1","CrushJoints+1","Vault+1","Fasting2+1","FlurryOfBlows+1","Vault+1","Sanctity","Mind Blast","WaveOfTheHand","Wallop"],"relics":["PureWater","Ancient Tea Set","StrikeDummy","Coffee Dripper","Nilry\u0027s Codex","ClockworkSouvenir","Red Mask","Question Card","Akabeko","Eternal Feather","White Beast Statue","Kunai","Ornamental Fan","Busted Crown","Pocketwatch","Membership Card","Pen Nib","Bag of Marbles","Nunchaku","Lantern","Orichalcum"],"acts_visited":["Exordium","TheCity","TheBeyond"],"potions_floor_usage":[51],"damage_taken":[{"damage":12.0,"enemies":"Small Slimes","floor":1.0,"turns":3.0},{"damage":8.0,"enemies":"2 Louse","floor":2.0,"turns":3.0},{"damage":0.0,"enemies":"Cultist","floor":4.0,"turns":3.0},{"damage":16.0,"enemies":"Gremlin Nob","floor":6.0,"turns":3.0},{"damage":6.0,"enemies":"Looter","floor":7.0,"turns":3.0},{"damage":0.0,"enemies":"Blue Slaver","floor":10.0,"turns":3.0},{"damage":0.0,"enemies":"3 Louse","floor":12.0,"turns":2.0},{"damage":0.0,"enemies":"Looter","floor":13.0,"turns":1.0},{"damage":0.0,"enemies":"Large Slime","floor":14.0,"turns":3.0},{"damage":10.0,"enemies":"The Guardian","floor":16.0,"turns":9.0},{"damage":0.0,"enemies":"Spheric Guardian","floor":18.0,"turns":3.0},{"damage":0.0,"enemies":"Masked Bandits","floor":22.0,"turns":5.0},{"damage":15.0,"enemies":"Gremlin Leader","floor":23.0,"turns":5.0},{"damage":0.0,"enemies":"Slavers","floor":25.0,"turns":2.0},{"damage":0.0,"enemies":"Book of Stabbing","floor":28.0,"turns":4.0},{"damage":0.0,"enemies":"Chosen","floor":31.0,"turns":3.0},{"damage":12.0,"enemies":"Automaton","floor":33.0,"turns":6.0},{"damage":10.0,"enemies":"3 Shapes","floor":35.0,"turns":5.0},{"damage":0.0,"enemies":"3 Darklings","floor":37.0,"turns":4.0},{"damage":5.0,"enemies":"2 Orb Walkers","floor":38.0,"turns":4.0},{"damage":9.0,"enemies":"Sphere and 2 Shapes","floor":41.0,"turns":2.0},{"damage":24.0,"enemies":"Reptomancer","floor":42.0,"turns":6.0},{"damage":0.0,"enemies":"Giant Head","floor":45.0,"turns":6.0},{"damage":0.0,"enemies":"Nemesis","floor":47.0,"turns":4.0},{"damage":0.0,"enemies":"Maw","floor":48.0,"turns":4.0},{"damage":0.0,"enemies":"Time Eater","floor":50.0,"turns":6.0},{"damage":34,"enemies":"Donu and Deca","floor":51,"turns":2}],"seed_played":"825880691772942822","potions_obtained":[{"floor":1.0,"key":"SkillPotion"},{"floor":6.0,"key":"DuplicationPotion"},{"floor":7.0,"key":"FearPotion"},{"floor":12.0,"key":"LiquidMemories"},{"floor":16.0,"key":"SkillPotion"},{"floor":18.0,"key":"BlessingOfTheForge"},{"floor":23.0,"key":"Fire Potion"},{"floor":25.0,"key":"Explosive Potion"},{"floor":31.0,"key":"CultistPotion"},{"floor":33.0,"key":"Explosive Potion"},{"floor":38.0,"key":"LiquidBronze"},{"floor":41.0,"key":"AttackPotion"},{"floor":42.0,"key":"Dexterity Potion"},{"floor":48.0,"key":"EntropicBrew"}],"is_trial":false,"path_per_floor":["M","M","?","M","?","E","M","?","T","M","R","M","M","M","R","B",null,"M","?","?","$","?","E","T","E","T","R","E","R","$","M","R","B",null,"M","?","M","?","$","R","M","E","T","?","E","$","E","M","R","B","B"],"character_chosen":"WATCHER","items_purchased":["ClockworkSouvenir","Ornamental Fan","Membership Card","Wallop","Lantern"],"campfire_rested":0,"item_purchase_floors":[21,30,39,39,46],"current_hp_per_floor":[49,41,41,41,41,25,19,19,19,19,19,19,19,19,19,9,49,49,49,28,28,28,13,13,13,13,25,25,37,37,37,49,37,56,46,36,36,31,31,46,37,13,13,13,13,13,13,13,28,28,0,0],"gold":347,"neow_bonus":"THREE_RARE_CARDS","is_daily":false,"chose_seed":false,"campfire_upgraded":7,"win_rate":0.0,"timestamp":1612046140,"path_taken":["M","M","?","M","?","E","M","?","T","M","R","M","?","M","R","BOSS","M","?","?","$","?","E","?","E","T","R","E","R","$","M","R","BOSS","M","?","M","?","$","R","M","E","T","?","E","?","E","M","R","BOSS","BOSS"],"items_purchased_type":["Relic","Relic","Relic","Card","Relic"],"build_version":"2020-12-22","purchased_purges":2,"victory":false,"max_hp_per_floor":[68,68,62,62,62,62,62,62,62,62,62,62,62,62,62,62,62,62,62,62,62,62,62,62,62,62,62,62,62,62,62,62,62,62,62,62,62,62,62,62,62,62,62,62,62,62,62,62,62,62,62,62],"relic_stats":{"Nunchaku":[3],"Busted Crown":22,"counters":[27,104],"Ornamental Fan":[88],"Eternal Feather":66,"Pen Nib":[4],"Kunai":[22],"Orichalcum":[0],"Question Card":15,"obtain_stats":[{"Lantern":46,"Golden Idol":3,"Nilry\u0027s Codex":20,"Eternal Feather":25,"Pen Nib":42,"Orichalcum":47,"Ancient Tea Set":6,"Question Card":23,"Akabeko":24,"White Beast Statue":26,"ClockworkSouvenir":21,"Nunchaku":45,"Busted Crown":34,"Ornamental Fan":30,"Coffee Dripper":17,"Red Mask":22,"Bag of Marbles":43,"Kunai":28,"Membership Card":39,"PureWater":0,"StrikeDummy":9,"Pocketwatch":38},{"Lantern":23,"Golden Idol":2,"Nilry\u0027s Codex":11,"Eternal Feather":14,"Pen Nib":22,"Orichalcum":24,"Ancient Tea Set":4,"Question Card":13,"Akabeko":13,"White Beast Statue":14,"ClockworkSouvenir":11,"Nunchaku":23,"Busted Crown":17,"Ornamental Fan":15,"Coffee Dripper":10,"Red Mask":12,"Bag of Marbles":22,"Kunai":15,"Membership Card":20,"PureWater":0,"StrikeDummy":5,"Pocketwatch":20},{"Lantern":88,"Golden Idol":6,"Nilry\u0027s Codex":36,"Eternal Feather":48,"Pen Nib":82,"Orichalcum":92,"Ancient Tea Set":12,"Question Card":46,"Akabeko":46,"White Beast Statue":48,"ClockworkSouvenir":36,"Nunchaku":88,"Busted Crown":61,"Ornamental Fan":52,"Coffee Dripper":33,"Red Mask":41,"Bag of Marbles":82,"Kunai":52,"Membership Card":74,"PureWater":0,"StrikeDummy":15,"Pocketwatch":74}],"Pocketwatch":[15]},"card_choices":[{"not_picked":["ConjureBlade","Omniscience"],"picked":"Vault","floor":0.0},{"not_picked":["WaveOfTheHand","ClearTheMind"],"picked":"Vengeance","floor":1.0},{"not_picked":["JustLucky","CutThroughFate"],"picked":"TalkToTheHand","floor":2.0},{"not_picked":["Collect","Prostrate"],"picked":"Tantrum","floor":4.0},{"not_picked":["FearNoEvil","Protect"],"picked":"Adaptation","floor":6.0},{"not_picked":["Prostrate","BowlingBash"],"picked":"EmptyFist","floor":7.0},{"not_picked":["CutThroughFate","EmptyMind"],"picked":"FlyingSleeves","floor":10.0},{"not_picked":["Evaluate","CarveReality"],"picked":"Conclude","floor":12.0},{"not_picked":["WindmillStrike","CutThroughFate"],"picked":"CrushJoints","floor":14.0},{"not_picked":["DevaForm","Omniscience"],"picked":"Vault","floor":16.0},{"not_picked":["LikeWater","JustLucky"],"picked":"Fasting2","floor":18.0},{"not_picked":["Collect","ClearTheMind"],"picked":"FlurryOfBlows+1","floor":23.0},{"not_picked":["Alpha","Establishment","ConjureBlade"],"picked":"Vault","floor":33.0},{"not_picked":["BowlingBash"],"picked":"Sanctity","floor":35.0},{"not_picked":["Metamorphosis"],"picked":"Mind Blast","floor":36.0},{"not_picked":["WindmillStrike"],"picked":"WaveOfTheHand","floor":37.0},{"not_picked":["FollowUp","PathToVictory"],"picked":"SKIP","floor":45.0},{"not_picked":["Adaptation","Blasphemy"],"picked":"SKIP","floor":47.0}],"player_experience":1304854,"relics_obtained":[{"floor":6.0,"key":"Ancient Tea Set"},{"floor":9.0,"key":"StrikeDummy"},{"floor":20.0,"key":"Nilry\u0027s Codex"},{"floor":22.0,"key":"Red Mask"},{"floor":23.0,"key":"Question Card"},{"floor":24.0,"key":"Akabeko"},{"floor":25.0,"key":"Eternal Feather"},{"floor":26.0,"key":"White Beast Statue"},{"floor":28.0,"key":"Kunai"},{"floor":38.0,"key":"Pocketwatch"},{"floor":42.0,"key":"Pen Nib"},{"floor":43.0,"key":"Bag of Marbles"},{"floor":45.0,"key":"Nunchaku"},{"floor":47.0,"key":"Orichalcum"}],"event_choices":[{"damage_healed":0.0,"max_hp_gain":0.0,"max_hp_loss":6.0,"gold_gain":0.0,"event_name":"Golden Idol","player_choice":"Lose Max HP","floor":3.0,"gold_loss":0.0,"damage_taken":0.0,"relics_obtained":["Golden Idol"]},{"damage_healed":0.0,"max_hp_gain":0.0,"max_hp_loss":0.0,"gold_gain":0.0,"event_name":"Living Wall","player_choice":"Grow","floor":5.0,"gold_loss":0.0,"damage_taken":0.0,"cards_upgraded":["Tantrum"]},{"damage_healed":0.0,"max_hp_gain":0.0,"max_hp_loss":0.0,"gold_gain":50.0,"event_name":"Golden Shrine","player_choice":"Pray","floor":8.0,"gold_loss":0.0,"damage_taken":0.0},{"damage_healed":0.0,"max_hp_gain":0.0,"max_hp_loss":0.0,"gold_gain":0.0,"event_name":"The Mausoleum","player_choice":"Ignored","floor":19.0,"gold_loss":0.0,"damage_taken":0.0},{"damage_healed":0.0,"max_hp_gain":0.0,"max_hp_loss":0.0,"gold_gain":0.0,"event_name":"Cursed Tome","player_choice":"Obtained Book","floor":20.0,"gold_loss":0.0,"damage_taken":21.0},{"damage_healed":0.0,"max_hp_gain":0.0,"max_hp_loss":0.0,"gold_gain":0.0,"event_name":"Masked Bandits","player_choice":"Fought Bandits","floor":22.0,"gold_loss":0.0,"damage_taken":0.0},{"damage_healed":0.0,"max_hp_gain":0.0,"max_hp_loss":0.0,"gold_gain":0.0,"event_name":"SensoryStone","player_choice":"Memory 3","floor":36.0,"gold_loss":0.0,"damage_taken":10.0},{"damage_healed":0.0,"max_hp_gain":0.0,"max_hp_loss":0.0,"gold_gain":0.0,"event_name":"Mysterious Sphere","player_choice":"Fight","floor":38.0,"gold_loss":0.0,"damage_taken":0.0},{"damage_healed":0.0,"max_hp_gain":0.0,"max_hp_loss":0.0,"gold_gain":333.0,"event_name":"The Moai Head","player_choice":"Gave Idol","floor":44.0,"relics_lost":["Golden Idol"],"gold_loss":0.0,"damage_taken":0.0}],"is_beta":false,"boss_relics":[{"not_picked":["VioletLotus","Calling Bell"],"picked":"Coffee Dripper"},{"not_picked":["SlaversCollar","Sozu"],"picked":"Busted Crown"}],"items_purged_floors":[21,46],"is_endless":false,"potions_floor_spawned":[1,6,7,12,16,18,23,25,28,31,33,35,37,38,41,42,45,47,48],"killed_by":"Donu and Deca","ascension_level":20}}