{"host":"farxtl2u8hmkbdo2","time":1612031095,"event":{"mods":["A Magickal Journey","BaseMod","Better Altar","Better Note","Better Sensory Stone","Better Skull","Better Third Choice","Challenge The Spire","Colored Map","Colored Powertips","Current Relic Mod","Energized Spire","Fox Events","Gremlin Mod","Hermit","Hubris","Mimic Mod","Minty Spire (QoL Compilation)","Quick Restart","READ ME - Guardian Mod","READ ME - Snecko Mod","Rare Cards Sparkle","StSLib","The Bladedancer","The Bug Knight","The Cursed","The Disciple","The Hierophant","The Marked","The Necromancer","The Runesmith","Transform Curses"],"gold_per_floor":[115,115,115,26,26,57,57,32,107,132,132,166,180,193,193,193,193],"floor_reached":16,"language":"SPA","playtime":869,"items_purged":[],"score":122,"play_id":"a2d3ad22-22dd-474a-9dc9-c40955262194","local_time":"20210130152455","is_ascension_mode":true,"campfire_choices":[{"data":"TheCursedMod:EmpowerCircles","floor":7,"key":"SMITH"},{"data":"TheCursedMod:ShockAndAwe","floor":11,"key":"SMITH"},{"data":"TheCursedMod:EmpowerCircles","floor":15,"key":"SMITH"}],"circlet_count":0,"master_deck":["TheCursedMod:Strike_TheCursed","TheCursedMod:Strike_TheCursed","TheCursedMod:Strike_TheCursed","TheCursedMod:Strike_TheCursed","TheCursedMod:Defend_TheCursed","TheCursedMod:Defend_TheCursed+1","TheCursedMod:Defend_TheCursed","TheCursedMod:Defend_TheCursed+1","TheCursedMod:CursedWand","TheCursedMod:CleanUpWorkshop","TheCursedMod:Dregs","hubris:Sloth","TheCursedMod:AbyssShockwave","TheCursedMod:EmpowerCircles+1","TheCursedMod:CircleOfCorruption","TheCursedMod:RapidMovement","TheCursedMod:CursedBlade","TheCursedMod:ShockAndAwe+1","TheCursedMod:CursedSpellbook","TheCursedMod:EmpowerCircles+1","TheCursedMod:Hemoplague"],"relics":["TheCursedMod:BlackMagic101","hubris:Towel","Eternal Feather","Unceasing Top","StrikeDummy","TheCursedMod:Tack","hubris:ToyBattleship"],"acts_visited":["Exordium"],"potions_floor_usage":[16,16,16],"damage_taken":[{"damage":2,"enemies":"Small Slimes","floor":1,"turns":4},{"damage":40,"enemies":"Gremlin Nob","floor":6,"turns":6},{"damage":16,"enemies":"Lagavulin","floor":10,"turns":9},{"damage":15,"enemies":"Gremlin Nob","floor":12,"turns":5},{"damage":0,"enemies":"Jaw Worm","floor":13,"turns":5},{"damage":2,"enemies":"Cultist","floor":14,"turns":4},{"damage":32,"enemies":"Slime Boss","floor":16,"turns":6}],"seed_played":"2661856277907068195","potions_obtained":[{"floor":10,"key":"SpeedPotion"},{"floor":12,"key":"DuplicationPotion"},{"floor":13,"key":"Energy Potion"}],"is_trial":false,"path_per_floor":["M","?","?","$","T","E","R","$","T","E","R","E","M","M","R","B"],"character_chosen":"THE_CURSED","items_purchased":["TheCursedMod:EmpowerCircles","TheCursedMod:CircleOfCorruption","TheCursedMod:CursedBlade"],"campfire_rested":0,"item_purchase_floors":[4,4,8],"current_hp_per_floor":[87,87,69,69,69,29,38,38,38,22,31,16,16,14,26,0,0],"gold":193,"neow_bonus":"TWENTY_PERCENT_HP_BONUS","is_daily":false,"chose_seed":false,"campfire_upgraded":3,"win_rate":0.0,"timestamp":1612031095,"path_taken":["M","?","?","$","?","E","R","?","T","E","R","E","M","M","R","BOSS"],"items_purchased_type":["Card","Card","Card"],"build_version":"2020-12-22","purchased_purges":0,"victory":false,"max_hp_per_floor":[89,89,89,89,89,89,89,89,89,89,89,89,89,89,89,89,89],"card_choices":[{"not_picked":["TheCursedMod:CursedShiv","TheCursedMod:Obscuration"],"picked":"TheCursedMod:AbyssShockwave","floor":1},{"not_picked":["TheCursedMod:Torture","TheCursedMod:EmpowerCircles"],"picked":"TheCursedMod:RapidMovement","floor":6},{"not_picked":["TheCursedMod:Evocation","TheCursedMod:TacticalStrike"],"picked":"TheCursedMod:ShockAndAwe","floor":10},{"not_picked":["TheCursedMod:SpitefulStrike","TheCursedMod:SmokeScreen"],"picked":"TheCursedMod:CursedSpellbook","floor":12},{"not_picked":["TheCursedMod:CursedMace","TheCursedMod:CursedBoomerang"],"picked":"TheCursedMod:EmpowerCircles","floor":13},{"not_picked":["TheCursedMod:TacticalStrike","TheCursedMod:Stigma"],"picked":"TheCursedMod:Hemoplague","floor":14}],"player_experience":1972426,"relics_obtained":[{"floor":5,"key":"Eternal Feather"},{"floor":6,"key":"Unceasing Top"},{"floor":9,"key":"StrikeDummy"},{"floor":10,"key":"TheCursedMod:Tack"},{"floor":12,"key":"hubris:ToyBattleship"}],"event_choices":[{"damage_healed":87,"gold_gain":0,"player_choice":"Upgrade","damage_taken":18,"max_hp_gain":0,"max_hp_loss":89,"event_name":"betterThird:BetterShining","floor":3,"gold_loss":0,"cards_upgraded":["TheCursedMod:Defend_TheCursed","TheCursedMod:Defend_TheCursed"]}],"is_beta":false,"boss_relics":[],"items_purged_floors":[],"is_endless":false,"potions_floor_spawned":[10,12,13],"killed_by":"Slime Boss","ascension_level":1}}