{"host":"x205naxbihvu3p76","time":1612014999,"event":{"mods":["AchievementEnabler","BaseMod","Minty Spire (QoL Compilation)","StSLib","SuperFastMode"],"gold_per_floor":[111,111,111,127,11,11,47,70,70,108,133,133,133,157,157,252,252,276,290,290,33,51,85,85,85,154,154,154,154],"floor_reached":28,"language":"KOR","playtime":527,"items_purged":["Strike_B","Strike_B"],"score":492,"play_id":"becea2f2-4fe5-484f-bfce-32a2be3574d2","local_time":"20210130225639","is_ascension_mode":true,"campfire_choices":[{"data":"Defragment","floor":6,"key":"SMITH"},{"floor":12,"key":"REST"},{"floor":15,"key":"REST"},{"floor":25,"key":"REST"},{"data":"Creative AI","floor":27,"key":"SMITH"}],"circlet_count":0,"master_deck":["AscendersBane","Strike_B","Defend_B","Defend_B","Defend_B","Defend_B","Zap","Dualcast","Defragment+1","Redo","Ball Lightning+1","Chill","Go for the Eyes+1","Capacitor","Genetic Algorithm+1","Tempest+1","BootSequence+1","Creative AI+1","Barrage+1","Consume+1","Self Repair"],"relics":["Cracked Core","NeowsBlessing","Golden Idol","Turnip","Toxic Egg 2","Whetstone","Nuclear Battery","Chemical X","Nunchaku","Pantograph"],"acts_visited":["Exordium","TheCity"],"potions_floor_usage":[10,10,16,16,16,23,23],"damage_taken":[{"damage":0,"enemies":"2 Louse","floor":1,"turns":1},{"damage":0,"enemies":"Small Slimes","floor":4,"turns":1},{"damage":4,"enemies":"3 Sentries","floor":7,"turns":2},{"damage":7,"enemies":"Jaw Worm","floor":8,"turns":3},{"damage":35,"enemies":"Gremlin Nob","floor":10,"turns":4},{"damage":18,"enemies":"Large Slime","floor":11,"turns":4},{"damage":10,"enemies":"Red Slaver","floor":14,"turns":3},{"damage":26,"enemies":"Slime Boss","floor":16,"turns":8},{"damage":2,"enemies":"Shell Parasite","floor":18,"turns":5},{"damage":13,"enemies":"Spheric Guardian","floor":19,"turns":6},{"damage":15,"enemies":"Centurion and Healer","floor":22,"turns":5},{"damage":1,"enemies":"Slavers","floor":23,"turns":5},{"damage":40,"enemies":"Book of Stabbing","floor":28,"turns":5}],"seed_played":"-2607588940254572140","potions_obtained":[{"floor":1,"key":"SkillPotion"},{"floor":7,"key":"Regen Potion"},{"floor":11,"key":"EssenceOfSteel"},{"floor":14,"key":"EntropicBrew"},{"floor":16,"key":"FearPotion"},{"floor":19,"key":"SkillPotion"},{"floor":22,"key":"FocusPotion"}],"is_trial":false,"path_per_floor":["M","?","?","M","$","R","E","M","T","E","M","R","?","M","R","B",null,"M","M","?","$","M","E","T","R","T","R","E"],"character_chosen":"DEFECT","items_purchased":["Chill","Chemical X"],"campfire_rested":3,"item_purchase_floors":[5,21],"current_hp_per_floor":[64,64,64,64,64,64,60,53,53,30,12,31,31,21,40,14,52,50,37,37,37,22,21,21,40,40,40,0,0],"gold":154,"neow_bonus":"THREE_ENEMY_KILL","is_daily":false,"chose_seed":false,"campfire_upgraded":2,"win_rate":0.0,"timestamp":1612014999,"path_taken":["M","?","?","M","$","R","E","M","T","E","M","R","?","M","R","BOSS","M","M","?","$","M","E","?","R","T","R","E"],"items_purchased_type":["Card","Relic"],"build_version":"2020-12-22","purchased_purges":2,"victory":false,"max_hp_per_floor":[71,64,64,64,64,64,64,64,64,64,64,64,64,64,64,64,64,64,64,64,64,64,64,64,64,64,64,64,64],"card_choices":[{"not_picked":["Loop","Heatsinks"],"picked":"Defragment","floor":1},{"not_picked":["Sweeping Beam","Leap"],"picked":"Ball Lightning","floor":4},{"not_picked":["Heatsinks","Beam Cell"],"picked":"Go for the Eyes","floor":7},{"not_picked":["Barrage","Turbo"],"picked":"Capacitor","floor":8},{"not_picked":["Auto Shields+1","Go for the Eyes"],"picked":"Genetic Algorithm+1","floor":10},{"not_picked":["Steam+1","Redo+1"],"picked":"Tempest+1","floor":11},{"not_picked":["Gash","Reprogram+1"],"picked":"BootSequence+1","floor":14},{"not_picked":["Reboot+1","Fission+1"],"picked":"Creative AI","floor":16},{"not_picked":["Go for the Eyes+1","Aggregate+1"],"picked":"Barrage+1","floor":18},{"not_picked":["Rebound","Stack+1"],"picked":"Consume+1","floor":19},{"not_picked":["Steam+1","Sweeping Beam","Storm"],"picked":"SKIP","floor":22},{"not_picked":["Aggregate+1","Streamline"],"picked":"Self Repair","floor":23}],"player_experience":1005835,"relics_obtained":[{"floor":7,"key":"Turnip"},{"floor":9,"key":"Toxic Egg 2"},{"floor":10,"key":"Whetstone"},{"floor":23,"key":"Nunchaku"},{"floor":24,"key":"Pantograph"}],"event_choices":[{"damage_healed":0,"gold_gain":0,"player_choice":"Lose Max HP","damage_taken":0,"relics_obtained":["Golden Idol"],"max_hp_gain":0,"max_hp_loss":7,"event_name":"Golden Idol","floor":2,"gold_loss":0},{"damage_healed":0,"gold_gain":0,"cards_transformed":["Strike_B"],"player_choice":"Change","damage_taken":0,"max_hp_gain":0,"max_hp_loss":0,"event_name":"Living Wall","floor":3,"gold_loss":0,"cards_obtained":["Redo"]},{"damage_healed":0,"gold_gain":0,"player_choice":"Fled","damage_taken":0,"max_hp_gain":0,"max_hp_loss":0,"event_name":"Scrap Ooze","floor":13,"gold_loss":0},{"damage_healed":0,"gold_gain":0,"player_choice":"Ignored","damage_taken":0,"max_hp_gain":0,"max_hp_loss":0,"event_name":"The Mausoleum","floor":20,"gold_loss":0}],"is_beta":false,"boss_relics":[{"not_picked":["SacredBark","Ectoplasm"],"picked":"Nuclear Battery"}],"items_purged_floors":[5,21],"is_endless":false,"potions_floor_spawned":[1,7,11,14,16,19,22],"killed_by":"Book of Stabbing","ascension_level":20}}