{"host":"ni5mix2lh3q94rpg","time":1612033877,"event":{"mods":["AchievementEnabler","Act Like it!","BaseMod","Better Altar","Better Note","Better Silent Start","Better Vampires","GifTheSpireLib","Hermit","Hubris","Jorbs\u0027s Wanderer Trilogy","Marisa????????","Minty Spire (QoL Compilation)","Quick Restart","Remilia??????","Replay The Spire","Spikes Relics","StSLib","The Animator","The Bug Knight","The Hierophant","The Senshi","The Servant 0.9.4","everything is the same but u backflip on backflip","slay the spire mod where everything is the same but ironclad has a cowboy hat"],"gold_per_floor":[117,117,127,127,127,160,174,36,36,36,36,67,67,96,96],"floor_reached":14,"language":"ENG","playtime":1277,"items_purged":[],"score":156,"play_id":"692ed37d-cf9b-4d6c-b93c-dd5af782db37","local_time":"20210130221117","is_ascension_mode":false,"campfire_choices":[{"data":"stsjorbsmod:Patron","floor":11,"key":"SMITH"},{"data":"Replay:Sssssssssshield","floor":13,"key":"SMITH"}],"circlet_count":0,"master_deck":["stsjorbsmod:ForbiddenGrimoire+1","stsjorbsmod:Strike_Wanderer","stsjorbsmod:Strike_Wanderer","stsjorbsmod:Strike_Wanderer","stsjorbsmod:Strike_Wanderer","stsjorbsmod:Defend_Wanderer+1","stsjorbsmod:Defend_Wanderer","stsjorbsmod:Defend_Wanderer+1","stsjorbsmod:Defend_Wanderer","stsjorbsmod:FreshAdventure","stsjorbsmod:EyeOfTheStorm+1","stsjorbsmod:Inferno","stsjorbsmod:BookOfTongues","stsjorbsmod:Materialize","stsjorbsmod:Patron+1","Replay:Sssssssssshield+1","stsjorbsmod:MagicMirror+1","stsjorbsmod:Channel"],"relics":["stsjorbsmod:GrimoireRelic","NeowsBlessing","hubris:Towel","hubris:MysteriousPyramids","Ornamental Fan","Pocketwatch","Anchor"],"acts_visited":["Exordium"],"potions_floor_usage":[14],"damage_taken":[{"damage":0,"enemies":"Jaw Worm","floor":1,"turns":1},{"damage":0,"enemies":"2 Louse","floor":3,"turns":1},{"damage":0,"enemies":"Gremlin Nob","floor":6,"turns":1},{"damage":0,"enemies":"Cultist","floor":7,"turns":4},{"damage":12,"enemies":"Lagavulin","floor":12,"turns":8},{"damage":26,"enemies":"Gremlin Nob","floor":14,"turns":6}],"seed_played":"-1297396061348826573","potions_obtained":[{"floor":1,"key":"FairyPotion"},{"floor":7,"key":"Flashbang"}],"is_trial":false,"path_per_floor":["M","?","M","?","?","E","M","$","T","$","R","E","R","E"],"character_chosen":"WANDERER","items_purchased":["Replay:Sssssssssshield","stsjorbsmod:MagicMirror+1"],"campfire_rested":0,"item_purchase_floors":[8,8],"current_hp_per_floor":[68,68,68,54,54,54,56,56,56,56,56,44,44,23,23],"gold":96,"neow_bonus":"THREE_ENEMY_KILL","is_daily":false,"chose_seed":false,"campfire_upgraded":2,"win_rate":0.0,"timestamp":1612033877,"path_taken":["M","?","M","?","?","E","M","$","T","$","R","E","R","E"],"items_purchased_type":["Card","Card"],"build_version":"2020-12-22","purchased_purges":0,"victory":false,"max_hp_per_floor":[68,68,68,68,68,68,68,68,68,68,68,68,68,70,70],"card_choices":[{"not_picked":["stsjorbsmod:Mania","stsjorbsmod:Hibernate"],"picked":"stsjorbsmod:Inferno","floor":1},{"not_picked":["stsjorbsmod:RayOfFrost","stsjorbsmod:Prepare"],"picked":"stsjorbsmod:BookOfTongues","floor":3},{"not_picked":["stsjorbsmod:TrueStrike","stsjorbsmod:ChatteringStrike"],"picked":"stsjorbsmod:Materialize","floor":6},{"not_picked":["stsjorbsmod:ParryingBlow","stsjorbsmod:BookOfTongues"],"picked":"stsjorbsmod:Patron","floor":7},{"not_picked":["stsjorbsmod:FranticSearch","stsjorbsmod:ScorchingRay"],"picked":"stsjorbsmod:Channel","floor":12},{"not_picked":["stsjorbsmod:FracturedMind","stsjorbsmod:RayOfFrost","stsjorbsmod:FaerieFire"],"picked":"SKIP","floor":14}],"player_experience":938876,"relics_obtained":[{"floor":6,"key":"hubris:MysteriousPyramids"},{"floor":9,"key":"Ornamental Fan"},{"floor":12,"key":"Pocketwatch"},{"floor":14,"key":"Anchor"}],"event_choices":[{"damage_healed":0,"gold_gain":0,"player_choice":"Grow","damage_taken":0,"max_hp_gain":0,"max_hp_loss":0,"event_name":"Living Wall","floor":2,"gold_loss":0,"cards_upgraded":["stsjorbsmod:EyeOfTheStorm"]},{"damage_healed":0,"gold_gain":0,"player_choice":"Entered Light","damage_taken":14,"max_hp_gain":0,"max_hp_loss":0,"event_name":"Shining Light","floor":4,"gold_loss":0,"cards_upgraded":["stsjorbsmod:Defend_Wanderer","stsjorbsmod:Defend_Wanderer"]}],"is_beta":false,"boss_relics":[],"items_purged_floors":[],"is_endless":false,"potions_floor_spawned":[1,7],"killed_by":"Gremlin Nob","ascension_level":0}}