{"host":"uv5ws9rdk87e8i5k","time":1612050839,"event":{"mods":["AchievementEnabler","BaseMod","Colored Map","Minty Spire (QoL Compilation)","Permanent Neow","Quick Restart","StSLib","SuperFastMode","The Necromancer"],"gold_per_floor":[10,20,39,53,53,81,81,81,106,122,151,163,179,196,196,298,298,317,337,348,367,40,40,58,58,58],"floor_reached":25,"language":"ENG","playtime":800,"items_purged":["Strike_R"],"score":320,"play_id":"a1ab3d27-478d-4c67-a860-0f05a54157f5","local_time":"20210130175359","is_ascension_mode":true,"campfire_choices":[{"data":"Cleave","floor":7.0,"key":"SMITH"},{"data":"Inflame","floor":15.0,"key":"SMITH"},{"data":"Heavy Blade","floor":23.0,"key":"SMITH"}],"circlet_count":0,"master_deck":["Strike_R","Strike_R","Strike_R","Defend_R","Defend_R","Defend_R","Defend_R","Bash","Twin Strike","Warcry","Twin Strike","Headbutt","Cleave+1","Fiend Fire","Heavy Blade","Headbutt","Pommel Strike","Inflame+1","Anger","Bludgeon","Heavy Blade+1","Headbutt","Cleave","Iron Wave+1"],"relics":["Burning Blood","CaptainsWheel","Smiling Mask","Omamori","Lantern","Meat on the Bone","Philosopher\u0027s Stone","Bag of Preparation"],"acts_visited":["Exordium","TheCity"],"potions_floor_usage":[],"damage_taken":[{"damage":6.0,"enemies":"2 Louse","floor":1.0,"turns":5.0},{"damage":1.0,"enemies":"Cultist","floor":2.0,"turns":3.0},{"damage":5.0,"enemies":"Small Slimes","floor":3.0,"turns":3.0},{"damage":20.0,"enemies":"Exordium Thugs","floor":4.0,"turns":6.0},{"damage":12.0,"enemies":"Lagavulin","floor":6.0,"turns":5.0},{"damage":11.0,"enemies":"Lots of Slimes","floor":10.0,"turns":2.0},{"damage":8.0,"enemies":"Gremlin Nob","floor":11.0,"turns":3.0},{"damage":13.0,"enemies":"Red Slaver","floor":12.0,"turns":3.0},{"damage":11.0,"enemies":"Blue Slaver","floor":13.0,"turns":3.0},{"damage":0.0,"enemies":"3 Louse","floor":14.0,"turns":2.0},{"damage":54.0,"enemies":"Hexaghost","floor":16.0,"turns":6.0},{"damage":4.0,"enemies":"Chosen","floor":18.0,"turns":3.0},{"damage":19.0,"enemies":"2 Thieves","floor":19.0,"turns":3.0},{"damage":18.0,"enemies":"3 Cultists","floor":20.0,"turns":4.0},{"damage":36.0,"enemies":"Snake Plant","floor":21.0,"turns":4.0},{"damage":32.0,"enemies":"Shelled Parasite and Fungi","floor":24.0,"turns":4.0},{"damage":0,"enemies":"Gremlin Leader","floor":25,"turns":1}],"seed_played":"7153112523100698756","potions_obtained":[{"floor":2.0,"key":"SpeedPotion"},{"floor":3.0,"key":"DuplicationPotion"},{"floor":10.0,"key":"Strength Potion"},{"floor":14.0,"key":"Strength Potion"},{"floor":16.0,"key":"Strength Potion"},{"floor":18.0,"key":"Swift Potion"},{"floor":21.0,"key":"DuplicationPotion"}],"is_trial":false,"path_per_floor":["M","M","M","M","?","E","R","?","T","M","E","M","M","M","R","B",null,"M","M","M","M","$","R","M","E"],"character_chosen":"IRONCLAD","items_purchased":["Fruit Juice","Bag of Preparation","Cleave"],"campfire_rested":0,"item_purchase_floors":[22,22,22],"current_hp_per_floor":[72,77,78,64,57,51,51,51,51,46,44,49,56,62,62,26,67,69,56,56,38,43,43,29,29,29],"gold":58,"neow_bonus":"ONE_RARE_RELIC","is_daily":false,"chose_seed":false,"campfire_upgraded":3,"win_rate":0.0,"timestamp":1612050839,"path_taken":["M","M","M","M","?","E","R","?","T","M","E","M","M","M","R","BOSS","M","M","M","M","?","R","M","E"],"items_purchased_type":["Potion","Relic","Card"],"build_version":"2020-12-22","purchased_purges":1,"victory":false,"max_hp_per_floor":[80,80,80,80,80,80,80,80,80,80,80,80,80,80,80,80,80,80,80,80,80,85,85,85,85,85],"card_choices":[{"not_picked":["Clash","Armaments"],"picked":"Twin Strike","floor":1.0},{"not_picked":["Flex","Body Slam"],"picked":"Warcry","floor":2.0},{"not_picked":["Body Slam","Combust"],"picked":"Twin Strike","floor":3.0},{"not_picked":["Rupture","Juggernaut"],"picked":"Headbutt","floor":4.0},{"not_picked":["Perfected Strike","Body Slam"],"picked":"Cleave","floor":6.0},{"not_picked":["Entrench","Dark Embrace"],"picked":"Heavy Blade","floor":10.0},{"not_picked":["Clash","Entrench"],"picked":"Headbutt","floor":11.0},{"not_picked":["Clothesline","Uppercut"],"picked":"Pommel Strike","floor":12.0},{"not_picked":["Combust","Shrug It Off"],"picked":"Inflame","floor":13.0},{"not_picked":["Thunderclap","Body Slam"],"picked":"Anger","floor":14.0},{"not_picked":["Exhume","Impervious"],"picked":"Bludgeon","floor":16.0},{"not_picked":["Shockwave","Sword Boomerang","Rampage"],"picked":"SKIP","floor":18.0},{"not_picked":["Metallicize","Cleave","Flame Barrier"],"picked":"SKIP","floor":19.0},{"not_picked":["Wild Strike","Clash+1"],"picked":"Heavy Blade","floor":20.0},{"not_picked":["Seeing Red","Perfected Strike"],"picked":"Headbutt","floor":21.0},{"not_picked":["Heavy Blade","Power Through"],"picked":"Iron Wave+1","floor":24.0}],"player_experience":312329,"relics_obtained":[{"floor":6.0,"key":"Omamori"},{"floor":9.0,"key":"Lantern"},{"floor":11.0,"key":"Meat on the Bone"}],"event_choices":[{"damage_healed":0.0,"max_hp_gain":0.0,"max_hp_loss":0.0,"gold_gain":0.0,"event_name":"Scrap Ooze","player_choice":"Success","floor":5.0,"gold_loss":0.0,"damage_taken":7.0,"relics_obtained":["Smiling Mask"]},{"damage_healed":0.0,"max_hp_gain":0.0,"max_hp_loss":0.0,"gold_gain":0.0,"cards_transformed":["Strike_R"],"event_name":"Transmorgrifier","player_choice":"Transformed","floor":8.0,"gold_loss":0.0,"damage_taken":0.0,"cards_obtained":["Fiend Fire"]}],"is_beta":false,"boss_relics":[{"not_picked":["Coffee Dripper","SacredBark"],"picked":"Philosopher\u0027s Stone"}],"items_purged_floors":[22],"is_endless":false,"potions_floor_spawned":[2,3,10,14,16,18,21],"killed_by":"Gremlin Leader","ascension_level":9}}