{"host":"nnt34ungdh9fkcmy","time":1612032277,"event":{"mods":["BaseMod","Downfall","Minty Spire (QoL Compilation)","StSLib","SuperFastMode"],"gold_per_floor":[99,112,123,123,149,183,206,106,132,132,151,176,176,206,219,320,320,320,338,352,352,352,382,382,400,428,456,489,289,318,318,329,430,430,430,446,457,378,378,410,410,410,310,310,339,214,214,244,264,264,264,297,177,177,177,177],"floor_reached":57,"language":"ENG","playtime":2372,"items_purged":["champ:Defend","champ:Defend","champ:Defend","champ:Strike"],"score":1801,"play_id":"eef37f71-ff22-4893-b865-a4b434ec6333","local_time":"20210130114437","daily_mods":["Vintage","Flight","downfall:ChampStances","Elite Swarm"],"is_ascension_mode":true,"campfire_choices":[{"data":"champ:Execute","floor":1,"key":"SMITH"},{"data":"champ:VampiricStrike","floor":8,"key":"SMITH"},{"data":"champ:SwordThrow","floor":13,"key":"SMITH"},{"floor":18,"key":"RECALL"},{"data":"champ:HoldFirm","floor":29,"key":"SMITH"},{"data":"1","floor":35,"key":"LIFT"},{"data":"2","floor":47,"key":"LIFT"},{"data":"3","floor":54,"key":"LIFT"}],"circlet_count":0,"master_deck":["champ:Strike","champ:Strike","champ:Strike","champ:Execute+1","champ:Taunt","champ:VampiricStrike+1","champ:VampiricStrike+1","champ:SwordThrow+1","champ:HoldFirm+1","champ:EnchantShield","champ:EnchantSword+1","champ:SteelEdge","champ:EnchantSword+1","champ:IgnorePain+1","champ:EnchantSword+1","expansioncontent:Chronoboost","champ:EnchantCrown+1","champ:EnchantSword+1"],"relics":["champ:ChampionCrown","champ:ChampStancesModRelic","champ:DeflectingBracers","Potion Belt","champ:LiftRelic","Dream Catcher","Pen Nib","downfall:HeartBlessingBlue","Oddly Smooth Stone","Blood Vial","Sundial","Guardian:PocketSentry","Singing Bowl","Runic Pyramid","Pear","Toxic Egg 2","Gambling Chip","Darkstone Periapt","hexamod:BolsterEngine","Torii","Tiny Chest","Ice Cream","downfall:HeartBlessingRed","downfall:HeartBlessingGreen","Juzu Bracelet","Girya","SlaversCollar","Slimebound:StickyStick","Toy Ornithopter","champ:GladiatorsBookOfMartialProwess","Orichalcum","champ:DefensiveTrainingManual","Eternal Feather","Bronze Scales","The Courier","Gremlin Horn","Happy Flower"],"acts_visited":["Exordium","TheCity","TheBeyond","TheEnding"],"potions_floor_usage":[23,56,56,56,56,56,56,56],"damage_taken":[{"damage":21,"enemies":"Cultist","floor":2,"turns":3},{"damage":5,"enemies":"Jaw Worm","floor":3,"turns":3},{"damage":51,"enemies":"Gremlin Nob","floor":6,"turns":4},{"damage":60,"enemies":"3 Sentries","floor":9,"turns":7},{"damage":0,"enemies":"2 Louse","floor":11,"turns":2},{"damage":58,"enemies":"Lagavulin","floor":12,"turns":4},{"damage":18,"enemies":"3 Sentries","floor":14,"turns":3},{"damage":0,"enemies":"Exordium Thugs","floor":15,"turns":2},{"damage":25,"enemies":"The Guardian","floor":16,"turns":7},{"damage":0,"enemies":"Spheric Guardian","floor":19,"turns":2},{"damage":30,"enemies":"3 Byrds","floor":20,"turns":4},{"damage":77,"enemies":"Gremlin Leader","floor":23,"turns":6},{"damage":0,"enemies":"Snake Plant","floor":25,"turns":3},{"damage":19,"enemies":"Book of Stabbing","floor":26,"turns":4},{"damage":30,"enemies":"Gremlin Leader","floor":27,"turns":5},{"damage":15,"enemies":"Slavers","floor":28,"turns":4},{"damage":0,"enemies":"Book of Stabbing","floor":30,"turns":3},{"damage":10,"enemies":"3 Cultists","floor":32,"turns":3},{"damage":49,"enemies":"WA_ARCHETYPE_CALM","floor":33,"turns":9},{"damage":0,"enemies":"Orb Walker","floor":36,"turns":1},{"damage":26,"enemies":"3 Shapes","floor":37,"turns":2},{"damage":5,"enemies":"downfall:FleeingMerchant","floor":38,"turns":3},{"damage":35,"enemies":"Giant Head","floor":40,"turns":5},{"damage":25,"enemies":"Reptomancer","floor":45,"turns":4},{"damage":10,"enemies":"Giant Head","floor":48,"turns":6},{"damage":0,"enemies":"Maw","floor":49,"turns":3},{"damage":33,"enemies":"SI_POISON_ARCHETYPE","floor":50,"turns":6},{"damage":7,"enemies":"downfall:CharBossMerchant","floor":52,"turns":5},{"damage":35,"enemies":"downfall:NeowBoss","floor":55,"turns":11},{"damage":36,"enemies":"downfall:NeowBossFinal","floor":56,"turns":6}],"seed_played":"7695413664195699139","potions_obtained":[{"floor":6,"key":"SpeedPotion"},{"floor":9,"key":"Strength Potion"},{"floor":11,"key":"Dexterity Potion"},{"floor":14,"key":"BlessingOfTheForge"},{"floor":23,"key":"champ:CounterPotion"},{"floor":25,"key":"EntropicBrew"},{"floor":33,"key":"SkillPotion"}],"is_trial":true,"path_per_floor":["R","M","M","?","T","E","T","R","E","?","M","E","R","E","M","B",null,"R","M","M","?","?","E","T","M","E","E","E","R","E","?","M","B",null,"R","M","M","$","?","E","T","?","$","T","E","$","R","E","M","B",null,"E","$","R","B","B",null],"character_chosen":"THE_CHAMP","items_purchased":["champ:GladiatorsBookOfMartialProwess"],"campfire_rested":0,"item_purchase_floors":[38],"current_hp_per_floor":[90,89,89,89,89,78,78,88,53,53,53,37,37,36,38,40,100,100,110,110,110,110,93,93,95,88,90,92,92,94,94,96,81,112,112,112,106,110,104,108,108,108,108,108,102,102,111,113,115,109,122,120,120,122,122,101],"gold":177,"neow_bonus":"","is_daily":false,"chose_seed":false,"campfire_upgraded":4,"win_rate":0.0,"timestamp":1612032277,"path_taken":["R","M","M","?","?","E","T","R","E","?","M","E","R","E","M","BOSS","R","M","M","?","?","E","T","M","E","E","E","R","E","?","M","BOSS","R","M","M","$","?","E","T","?","$","?","E","$","R","E","M","BOSS","E","$","R","BOSS","BOSS"],"items_purchased_type":["Relic"],"build_version":"2020-12-22","purchased_purges":4,"victory":true,"max_hp_per_floor":[90,90,90,90,90,90,90,100,100,100,100,100,100,100,100,100,100,100,110,110,110,110,110,110,110,110,110,110,110,110,110,110,112,112,112,112,112,114,118,120,120,120,120,120,122,122,122,122,122,122,122,122,122,122,122,122],"card_choices":[{"not_picked":["champ:EnchantSword","champ:HeavySlash"],"picked":"champ:VampiricStrike","floor":6},{"not_picked":["champ:EnchantShield","champ:Improvising"],"picked":"champ:VampiricStrike","floor":9},{"not_picked":["champ:IgnorePain","champ:Devastate"],"picked":"champ:SwordThrow","floor":12},{"not_picked":["champ:SwordThrow","champ:VampiricStrike"],"picked":"champ:HoldFirm","floor":14},{"not_picked":["champ:IgnorePain","champ:TripleStrike"],"picked":"champ:EnchantShield","floor":16},{"not_picked":["champ:GladiatorForm","champ:SteelEdge"],"picked":"champ:EnchantSword+1","floor":23},{"not_picked":["champ:LastStand","champ:TripleStrike"],"picked":"champ:SteelEdge","floor":26},{"not_picked":["champ:UltimateStance+1","champ:LastStand"],"picked":"champ:EnchantSword+1","floor":27},{"not_picked":["champ:Devastate","champ:SteelEdge"],"picked":"champ:IgnorePain+1","floor":28},{"not_picked":["champ:DancingMaster","champ:TripleStrike"],"picked":"champ:EnchantSword+1","floor":30},{"not_picked":["champ:CheapShot","champ:StrikeOfGenius","champ:VampiricStrike"],"picked":"Singing Bowl","floor":33},{"not_picked":["champ:GutPunch","champ:BladeFlurry","champ:PreciseThrust+1"],"picked":"Singing Bowl","floor":38},{"not_picked":["expansioncontent:HyperBeam","expansioncontent:AwakenDeath"],"picked":"expansioncontent:Chronoboost","floor":39},{"not_picked":["expansioncontent:YouAreMine","expansioncontent:Chronoboost","expansioncontent:PrepareCrush"],"picked":"Singing Bowl","floor":39},{"not_picked":["expansioncontent:DecaShield","expansioncontent:Chronoboost","expansioncontent:InvincibleStrength"],"picked":"Singing Bowl","floor":39},{"not_picked":["champ:UltimateStance+1","champ:Devastate","champ:HoldFirm+1"],"picked":"Singing Bowl","floor":40},{"not_picked":["champ:LastStand","champ:Devastate","champ:CheapShot"],"picked":"Singing Bowl","floor":45},{"not_picked":["champ:EnchantSword+1","champ:VampiricStrike"],"picked":"champ:EnchantCrown+1","floor":48},{"not_picked":["champ:GladiatorForm","champ:CheapShot"],"picked":"champ:EnchantSword+1","floor":52}],"player_experience":284789,"relics_obtained":[{"floor":2,"key":"champ:DeflectingBracers"},{"floor":3,"key":"Potion Belt"},{"floor":6,"key":"Dream Catcher"},{"floor":7,"key":"Pen Nib"},{"floor":9,"key":"Oddly Smooth Stone"},{"floor":11,"key":"Blood Vial"},{"floor":12,"key":"Sundial"},{"floor":14,"key":"Guardian:PocketSentry"},{"floor":15,"key":"Singing Bowl"},{"floor":19,"key":"Pear"},{"floor":20,"key":"Toxic Egg 2"},{"floor":23,"key":"Gambling Chip"},{"floor":24,"key":"Darkstone Periapt"},{"floor":25,"key":"hexamod:BolsterEngine"},{"floor":26,"key":"Torii"},{"floor":27,"key":"Tiny Chest"},{"floor":28,"key":"Ice Cream"},{"floor":30,"key":"Juzu Bracelet"},{"floor":32,"key":"Girya"},{"floor":36,"key":"Slimebound:StickyStick"},{"floor":37,"key":"Toy Ornithopter"},{"floor":40,"key":"Orichalcum"},{"floor":41,"key":"champ:DefensiveTrainingManual"},{"floor":44,"key":"Eternal Feather"},{"floor":45,"key":"Bronze Scales"},{"floor":48,"key":"The Courier"},{"floor":49,"key":"Gremlin Horn"},{"floor":52,"key":"Happy Flower"}],"event_choices":[{"damage_healed":0,"gold_gain":0,"player_choice":"Upgraded","damage_taken":0,"max_hp_gain":0,"max_hp_loss":0,"event_name":"Upgrade Shrine","floor":10,"gold_loss":0,"cards_upgraded":["champ:VampiricStrike"]},{"damage_healed":0,"gold_gain":0,"player_choice":"Ignored","damage_taken":0,"max_hp_gain":0,"max_hp_loss":0,"event_name":"NoteForYourself","floor":22,"gold_loss":0},{"damage_healed":0,"gold_gain":0,"player_choice":"Ignored","damage_taken":0,"max_hp_gain":0,"max_hp_loss":0,"event_name":"Vampires","floor":31,"gold_loss":0},{"cards_removed":["champ:Defend"],"damage_healed":0,"gold_gain":0,"player_choice":"Offered Basic","damage_taken":0,"max_hp_gain":0,"max_hp_loss":0,"event_name":"Bonfire Elementals","floor":42,"gold_loss":0}],"is_beta":false,"boss_relics":[{"not_picked":["Pandora\u0027s Box","bronze:MakeshiftBattery"],"picked":"Runic Pyramid"},{"not_picked":["SacredBark","Black Star"],"picked":"SlaversCollar"}],"items_purged_floors":[38,43,46,53],"is_endless":false,"potions_floor_spawned":[6,9,11,14,23,25,26,30,33,36,45,49],"ascension_level":1}}