{"host":"39erygfi9n0tobyn","time":1612040271,"event":{"mods":["2.2 Compatiblity","BaseMod","Bestiary","Colored Map","Colored Powertips","Curses Come First","Highlight Path","Keyboard Shortcuts","Minty Spire (QoL Compilation)","Relic Stats","StSLib","SuperFastMode"],"gold_per_floor":[215,215,234,6,18,52,52,63,138,157,192,467,487,487,487,582,582,597,609,23,41,41,67,67,83,83,98,98,98,23,42,42,42,42],"floor_reached":33,"language":"ENG","playtime":1814,"items_purged":["Regret"],"score":293,"play_id":"e1179a3b-1c2b-438a-aad2-b485eabcb4ab","local_time":"20210130175751","is_ascension_mode":true,"campfire_choices":[{"floor":7,"key":"REST"},{"floor":15,"key":"REST"},{"floor":24,"key":"REST"},{"floor":28,"key":"RECALL"},{"floor":32,"key":"REST"}],"circlet_count":0,"master_deck":["Strike_R","Strike_R","Strike_R","Strike_R","Defend_R","Defend_R","Defend_R","Defend_R","Bash+1","Infernal Blade+1","Armaments","Bloodletting","Body Slam+1","Clothesline","True Grit","Havoc","Twin Strike","Spot Weakness","Clash","Juggernaut","Reaper","Perfected Strike","Uppercut+1","Metallicize","Apotheosis+1","Flex+1","Writhe","Intimidate","Iron Wave+1","Dropkick+1","Headbutt+1","Clothesline+1","Combust+1"],"relics":["Burning Blood","Ancient Tea Set","Champion Belt","Eternal Feather","Pen Nib","SlaversCollar","Whetstone","Bag of Marbles","Orichalcum","Happy Flower","Molten Egg 2"],"acts_visited":["Exordium","TheCity"],"potions_floor_usage":[6,31,33,33],"damage_taken":[{"damage":10,"enemies":"2 Louse","floor":1,"turns":3},{"damage":2,"enemies":"Cultist","floor":3,"turns":2},{"damage":4,"enemies":"Small Slimes","floor":5,"turns":3},{"damage":50,"enemies":"Lagavulin","floor":6,"turns":9},{"damage":8,"enemies":"Red Slaver","floor":8,"turns":5},{"damage":4,"enemies":"Blue Slaver","floor":10,"turns":3},{"damage":33,"enemies":"Gremlin Nob","floor":11,"turns":6},{"damage":11,"enemies":"Lots of Slimes","floor":13,"turns":4},{"damage":57,"enemies":"Slime Boss","floor":16,"turns":14},{"damage":7,"enemies":"Chosen","floor":18,"turns":4},{"damage":31,"enemies":"2 Thieves","floor":19,"turns":4},{"damage":6,"enemies":"Snake Plant","floor":21,"turns":3},{"damage":58,"enemies":"Slavers","floor":23,"turns":5},{"damage":26,"enemies":"Shelled Parasite and Fungi","floor":25,"turns":5},{"damage":36,"enemies":"Sentry and Sphere","floor":27,"turns":7},{"damage":28,"enemies":"Snake Plant","floor":31,"turns":5},{"damage":87,"enemies":"Collector","floor":33,"turns":10}],"seed_played":"-1989821181420943878","potions_obtained":[{"floor":5,"key":"Regen Potion"},{"floor":6,"key":"Dexterity Potion"},{"floor":11,"key":"Weak Potion"},{"floor":18,"key":"Ancient Potion"},{"floor":25,"key":"Regen Potion"},{"floor":27,"key":"EssenceOfSteel"},{"floor":31,"key":"SneckoOil"}],"is_trial":false,"path_per_floor":["M","?","M","$","M","E","R","M","T","M","E","?","M","?","R","B",null,"M","M","$","M","?","E","R","M","T","M","R","?","$","M","R","B"],"character_chosen":"IRONCLAD","items_purchased":["Ancient Tea Set","Bloodletting","Body Slam","Whetstone","Bag of Marbles","Metallicize","Apotheosis","Headbutt+1","Clothesline+1"],"campfire_rested":4,"item_purchase_floors":[4,4,4,20,20,20,20,30,30],"current_hp_per_floor":[76,76,80,80,80,41,65,63,63,65,38,38,33,33,69,18,80,79,58,58,58,58,22,61,44,44,14,32,32,32,16,58,0,0],"gold":42,"neow_bonus":"HUNDRED_GOLD","is_daily":false,"chose_seed":false,"campfire_upgraded":0,"win_rate":0.0,"timestamp":1612040271,"path_taken":["M","?","M","$","?","E","R","M","T","M","E","?","?","?","R","BOSS","M","M","$","?","?","E","R","M","T","M","R","?","$","?","R","BOSS"],"items_purchased_type":["Relic","Card","Card","Relic","Relic","Card","Card","Card","Card"],"build_version":"2020-12-22","purchased_purges":1,"victory":false,"max_hp_per_floor":[80,80,80,80,80,80,80,80,80,80,80,80,80,80,80,80,80,80,80,80,80,80,80,80,80,80,80,80,80,80,80,80,80,80],"relic_stats":{"Happy Flower":[9],"counters":[17,92],"Eternal Feather":63,"Pen Nib":[11],"Champion Belt":[20],"Whetstone":["Bash","Body Slam"],"Orichalcum":[84],"obtain_stats":[{"SlaversCollar":17,"Happy Flower":23,"Eternal Feather":9,"Molten Egg 2":26,"Pen Nib":11,"Bag of Marbles":20,"Champion Belt":6,"Whetstone":20,"Orichalcum":22,"Ancient Tea Set":4,"Burning Blood":0},{"SlaversCollar":9,"Happy Flower":13,"Eternal Feather":5,"Molten Egg 2":14,"Pen Nib":7,"Bag of Marbles":11,"Champion Belt":4,"Whetstone":11,"Orichalcum":12,"Ancient Tea Set":2,"Burning Blood":0},{"SlaversCollar":49,"Happy Flower":65,"Eternal Feather":22,"Molten Egg 2":70,"Pen Nib":31,"Bag of Marbles":57,"Champion Belt":17,"Whetstone":57,"Orichalcum":60,"Ancient Tea Set":5,"Burning Blood":0}],"Burning Blood":94},"card_choices":[{"not_picked":["Havoc","Carnage"],"picked":"Infernal Blade","floor":1},{"not_picked":["Sever Soul","Reckless Charge"],"picked":"Armaments","floor":3},{"not_picked":["Sword Boomerang","Clash"],"picked":"Clothesline","floor":5},{"not_picked":["Rupture","Entrench"],"picked":"True Grit","floor":6},{"not_picked":["Evolve","Body Slam"],"picked":"Havoc","floor":8},{"not_picked":["Armaments","Heavy Blade"],"picked":"Twin Strike","floor":10},{"not_picked":["Iron Wave","Body Slam"],"picked":"Spot Weakness","floor":11},{"not_picked":["Headbutt","Feel No Pain"],"picked":"Clash","floor":13},{"not_picked":["Impervious","Fiend Fire"],"picked":"Reaper","floor":16},{"not_picked":["Infernal Blade","Havoc"],"picked":"Perfected Strike","floor":18},{"not_picked":["Wild Strike","Body Slam"],"picked":"Uppercut+1","floor":19},{"not_picked":["Clothesline","Warcry"],"picked":"Flex+1","floor":21},{"not_picked":["Havoc","Clothesline"],"picked":"Intimidate","floor":23},{"not_picked":["Dual Wield","Pommel Strike"],"picked":"Iron Wave+1","floor":25},{"not_picked":["Exhume","Wild Strike+1"],"picked":"Dropkick+1","floor":27},{"not_picked":["Battle Trance","Dropkick+1"],"picked":"Combust+1","floor":31}],"player_experience":74687,"relics_obtained":[{"floor":6,"key":"Champion Belt"},{"floor":9,"key":"Eternal Feather"},{"floor":11,"key":"Pen Nib"},{"floor":23,"key":"Happy Flower"},{"floor":26,"key":"Molten Egg 2"}],"event_choices":[{"damage_healed":0,"gold_gain":0,"player_choice":"Upgraded","damage_taken":0,"max_hp_gain":0,"max_hp_loss":0,"event_name":"Upgrade Shrine","floor":2,"gold_loss":0,"cards_upgraded":["Infernal Blade"]},{"damage_healed":0,"gold_gain":275,"player_choice":"Desecrate","damage_taken":0,"max_hp_gain":0,"max_hp_loss":0,"event_name":"Golden Shrine","floor":12,"gold_loss":0,"cards_obtained":["Regret"]},{"damage_healed":0,"gold_gain":0,"cards_transformed":["Strike_R"],"player_choice":"Transformed","damage_taken":0,"max_hp_gain":0,"max_hp_loss":0,"event_name":"Transmorgrifier","floor":14,"gold_loss":0,"cards_obtained":["Juggernaut"]},{"damage_healed":0,"gold_gain":0,"player_choice":"Opened","damage_taken":0,"relics_obtained":["Orichalcum"],"max_hp_gain":0,"max_hp_loss":0,"event_name":"The Mausoleum","floor":22,"gold_loss":0,"cards_obtained":["Writhe"]},{"damage_healed":0,"gold_gain":0,"player_choice":"Forge","damage_taken":0,"max_hp_gain":0,"max_hp_loss":0,"event_name":"Accursed Blacksmith","floor":29,"gold_loss":0,"cards_upgraded":["Apotheosis"]}],"is_beta":false,"boss_relics":[{"not_picked":["Mark of Pain","Runic Dome"],"picked":"SlaversCollar"}],"items_purged_floors":[20],"is_endless":false,"potions_floor_spawned":[5,6,11,18,25,27,31],"killed_by":"Collector","ascension_level":1}}