{"host":"na09lpbrez4gbfiz","time":1612047590,"event":{"mods":["Act Like it!","BaseMod","BetterRewards","Colored Map","Colored Powertips","DeckTracker","Googly Eyes","Highlight Path","Minty Spire (QoL Compilation)","Quick Restart","Spicy Shops","StSLib","SuperFastMode","Synergy Search"],"gold_per_floor":[16,16,191,206,227,227,247,172,172,72,88,128,153,178,178,178,178],"floor_reached":16,"language":"ENG","playtime":410,"items_purged":["Doubt","Strike_R"],"score":177,"play_id":"f829b6e0-a230-4349-ae75-730e522e816c","local_time":"20210130235950","is_ascension_mode":true,"campfire_choices":[{"data":"Bludgeon","floor":6.0,"key":"SMITH"},{"floor":15,"key":"REST"}],"circlet_count":0,"master_deck":["AscendersBane","Strike_R","Strike_R","Strike_R","Strike_R","Defend_R","Defend_R","Defend_R","Defend_R","Bash","Bludgeon+1","Shrug It Off","Shrug It Off","Flame Barrier"],"relics":["Burning Blood","Golden Idol","White Beast Statue","Frozen Egg 2"],"acts_visited":["Exordium"],"potions_floor_usage":[12,14,16,16],"damage_taken":[{"damage":7.0,"enemies":"Jaw Worm","floor":1.0,"turns":2.0},{"damage":19.0,"enemies":"Small Slimes","floor":4.0,"turns":3.0},{"damage":0.0,"enemies":"Cultist","floor":5.0,"turns":3.0},{"damage":19.0,"enemies":"3 Louse","floor":7.0,"turns":6.0},{"damage":0.0,"enemies":"Looter","floor":11.0,"turns":3.0},{"damage":20,"enemies":"3 Sentries","floor":12,"turns":8},{"damage":6,"enemies":"Exordium Thugs","floor":13,"turns":5},{"damage":14,"enemies":"Lots of Slimes","floor":14,"turns":4},{"damage":51,"enemies":"The Guardian","floor":16,"turns":10}],"seed_played":"7457132506779772447","potions_obtained":[{"floor":4.0,"key":"Regen Potion"},{"floor":11.0,"key":"AttackPotion"},{"floor":12,"key":"BlessingOfTheForge"},{"floor":13,"key":"Fire Potion"},{"floor":14,"key":"AttackPotion"}],"is_trial":false,"path_per_floor":["M","?","?","M","M","R","M","$","T","$","M","E","M","M","R","B"],"character_chosen":"IRONCLAD","items_purchased":[],"campfire_rested":1,"item_purchase_floors":[],"current_hp_per_floor":[67,49,49,36,42,42,29,29,29,29,44,30,30,22,44,0,0],"gold":178,"neow_bonus":"THREE_RARE_CARDS","is_daily":false,"chose_seed":false,"campfire_upgraded":1,"win_rate":0.0,"timestamp":1612047590,"path_taken":["M","?","?","M","M","R","M","?","T","$","M","E","?","M","R","BOSS"],"items_purchased_type":[],"build_version":"2020-12-22","purchased_purges":2,"victory":false,"max_hp_per_floor":[75,75,75,75,75,75,75,75,75,75,75,75,75,75,75,75,75],"card_choices":[{"not_picked":["Limit Break","Feed"],"picked":"Bludgeon","floor":0.0},{"not_picked":["Warcry","Heavy Blade"],"picked":"Shrug It Off","floor":1.0},{"not_picked":["Cleave","Entrench"],"picked":"Shrug It Off","floor":4.0},{"not_picked":["Spot Weakness","Sentinel","Body Slam"],"picked":"SKIP","floor":5.0},{"not_picked":["Pummel","Sword Boomerang","Battle Trance"],"picked":"SKIP","floor":7.0},{"not_picked":["Armaments","Clothesline","Anger"],"picked":"SKIP","floor":11.0},{"not_picked":["Ghostly Armor","Seeing Red"],"picked":"Flame Barrier","floor":12},{"not_picked":["Anger","Perfected Strike","Battle Trance"],"picked":"SKIP","floor":13},{"not_picked":["Wild Strike","Iron Wave","Flame Barrier"],"picked":"SKIP","floor":14}],"player_experience":215108,"relics_obtained":[{"floor":9.0,"key":"White Beast Statue"},{"floor":12,"key":"Frozen Egg 2"}],"event_choices":[{"damage_healed":0.0,"max_hp_gain":0.0,"max_hp_loss":0.0,"gold_gain":0.0,"event_name":"Golden Idol","player_choice":"Take Damage","floor":2.0,"gold_loss":0.0,"damage_taken":18.0,"relics_obtained":["Golden Idol"]},{"damage_healed":0.0,"max_hp_gain":0.0,"max_hp_loss":0.0,"gold_gain":175.0,"event_name":"Liars Game","player_choice":"AGREE","floor":3.0,"gold_loss":0.0,"damage_taken":0.0,"cards_obtained":["Doubt"]}],"is_beta":false,"boss_relics":[],"items_purged_floors":[8,10],"is_endless":false,"potions_floor_spawned":[4,11,12,13,14],"killed_by":"The Guardian","ascension_level":14}}