{"host":"15dd7v8o90xso62x","time":1612045514,"event":{"mods":["BaseMod","Minty Spire (QoL Compilation)","Quick Restart","StSLib","SuperFastMode"],"gold_per_floor":[117,87,105,22,40,40,81,81,104,104,123,160,160,160,160,238,238,251,272,32,41,91,91,110,110,110],"floor_reached":25,"language":"KOR","playtime":754,"items_purged":["Strike_G"],"score":418,"play_id":"1a5d3954-82ac-4d40-b24c-f660c08cbc42","local_time":"20210131072514","is_ascension_mode":true,"campfire_choices":[{"data":"Noxious Fumes","floor":6.0,"key":"SMITH"},{"data":"Neutralize","floor":8.0,"key":"SMITH"},{"data":"Malaise","floor":10.0,"key":"SMITH"},{"data":"Bane","floor":13,"key":"SMITH"},{"data":"Footwork","floor":15,"key":"SMITH"},{"data":"Bouncing Flask","floor":23,"key":"SMITH"}],"circlet_count":0,"master_deck":["AscendersBane","Strike_G","Strike_G","Strike_G","Defend_G","Defend_G","Defend_G","Defend_G","Survivor","Neutralize+1","Blur","Noxious Fumes+1","Footwork+1","Malaise+1","Bane+1","Calculated Gamble","Bouncing Flask+1","Reflex+1"],"relics":["Ring of the Snake","CeramicFish","Anchor","Mango","Sozu","Oddly Smooth Stone"],"acts_visited":["Exordium","TheCity"],"potions_floor_usage":[12,25],"damage_taken":[{"damage":0.0,"enemies":"2 Louse","floor":1.0,"turns":3.0},{"damage":0.0,"enemies":"Cultist","floor":3.0,"turns":4.0},{"damage":0.0,"enemies":"Small Slimes","floor":5.0,"turns":4.0},{"damage":21.0,"enemies":"Lagavulin","floor":7.0,"turns":6.0},{"damage":0.0,"enemies":"Blue Slaver","floor":11.0,"turns":5.0},{"damage":4,"enemies":"3 Sentries","floor":12,"turns":6},{"damage":16,"enemies":"The Guardian","floor":16,"turns":12},{"damage":0,"enemies":"3 Byrds","floor":18,"turns":5},{"damage":2,"enemies":"Spheric Guardian","floor":19,"turns":7},{"damage":3,"enemies":"Snake Plant","floor":24,"turns":4},{"damage":71,"enemies":"Slavers","floor":25,"turns":5}],"seed_played":"4784546247462612129","potions_obtained":[{"floor":2.0,"key":"Strength Potion"},{"floor":2.0,"key":"Strength Potion"},{"floor":3.0,"key":"Strength Potion"},{"floor":11.0,"key":"DuplicationPotion"},{"floor":16,"key":"SpeedPotion"}],"is_trial":false,"path_per_floor":["M","?","M","$","M","R","E","R","T","R","M","E","R","?","R","B",null,"M","M","$","?","?","R","M","E"],"character_chosen":"THE_SILENT","items_purchased":["Noxious Fumes","Oddly Smooth Stone"],"campfire_rested":0,"item_purchase_floors":[4,20],"current_hp_per_floor":[44,44,44,44,44,44,23,23,23,23,23,33,33,33,33,17,64,64,62,62,62,62,62,59,0,0],"gold":110,"neow_bonus":"REMOVE_TWO","is_daily":false,"chose_seed":false,"campfire_upgraded":6,"win_rate":0.0,"timestamp":1612045514,"path_taken":["M","?","M","$","?","R","E","R","T","R","M","E","R","?","R","BOSS","M","M","$","?","?","R","M","E"],"items_purchased_type":["Card","Relic"],"build_version":"2020-12-22","purchased_purges":1,"victory":false,"max_hp_per_floor":[66,66,66,66,66,66,66,66,66,66,66,80,80,80,80,80,80,80,80,80,80,80,80,80,80,80],"card_choices":[{"not_picked":["Sucker Punch","PiercingWail"],"picked":"Blur","floor":1.0},{"not_picked":["Prepared","Heel Hook","Bane"],"picked":"SKIP","floor":3.0},{"not_picked":["Outmaneuver","Dash"],"picked":"Footwork","floor":5.0},{"not_picked":["Outmaneuver","Eviscerate"],"picked":"Malaise","floor":7.0},{"not_picked":["PiercingWail","Poisoned Stab","Outmaneuver"],"picked":"SKIP","floor":11.0},{"not_picked":["Poisoned Stab","Choke"],"picked":"Bane","floor":12},{"not_picked":["Flying Knee","Cloak And Dagger+1","Noxious Fumes"],"picked":"SKIP","floor":18},{"not_picked":["Outmaneuver","Dagger Spray"],"picked":"Calculated Gamble","floor":19},{"not_picked":["Noxious Fumes+1","Dagger Spray"],"picked":"Reflex+1","floor":24}],"player_experience":910625,"relics_obtained":[{"floor":7.0,"key":"CeramicFish"},{"floor":9.0,"key":"Anchor"},{"floor":12,"key":"Mango"}],"event_choices":[{"damage_healed":0.0,"max_hp_gain":0.0,"max_hp_loss":0.0,"gold_gain":0.0,"event_name":"The Woman in Blue","player_choice":"Bought 2 Potions","floor":2.0,"gold_loss":0.0,"damage_taken":0.0},{"damage_healed":0,"gold_gain":0,"player_choice":"Ignored","damage_taken":0,"max_hp_gain":0,"max_hp_loss":0,"event_name":"Liars Game","floor":14,"gold_loss":0},{"damage_healed":0,"gold_gain":0,"player_choice":"Read","damage_taken":0,"max_hp_gain":0,"max_hp_loss":0,"event_name":"The Library","floor":21,"gold_loss":0,"cards_obtained":["Bouncing Flask"]},{"damage_healed":0,"gold_gain":50,"player_choice":"Stole From Cult","damage_taken":0,"max_hp_gain":0,"max_hp_loss":0,"event_name":"Nest","floor":22,"gold_loss":0}],"is_beta":false,"boss_relics":[{"not_picked":["Snecko Eye","Cursed Key"],"picked":"Sozu"}],"items_purged_floors":[20],"is_endless":false,"potions_floor_spawned":[3,11,16,18,19],"killed_by":"Slavers","ascension_level":20}}