{"host":"yqveedbda5h7irme","time":1612047512,"event":{"mods":["AchievementEnabler","Aspiration","BaseMod","BetterRewards","Colored Powertips","Conspire","Downfall","GifTheSpireLib","Hermit","Hubris","Infinite Spire","Marked Mod","Minty Spire (QoL Compilation)","Replay The Spire","StSLib","Stuff the Spire","The Jungle","The Necromancer","The Servant 0.9.4"],"gold_per_floor":[99,110,110,129,148,167,167,511,531,556,556,456,149,164,178,277,277,277,297,315,315,348,248,248,148,160,173,193,205,205,205,215,320,320,320,334,350,400,415,415,415,415,467,494,507,174,174,190,200,200,200,200],"floor_reached":50,"language":"ENG","playtime":4002,"items_purged":["bronze:Strike"],"score":605,"play_id":"7cf0a211-f7cb-44b6-98f2-fbd00ae0f89c","local_time":"20210130235832","is_ascension_mode":false,"campfire_choices":[{"data":"bronze:Replicate","floor":1,"key":"SMITH"},{"floor":12,"key":"REST"},{"floor":18,"key":"RECALL"},{"floor":23,"key":"REST"},{"data":"bronze:GetLatest","floor":25,"key":"SMITH"},{"data":"bronze:AlphaBuild","floor":30,"key":"SMITH"},{"data":"bronze:BurnOut","floor":35,"key":"SMITH"},{"data":"bronze:HardenedForm","floor":42,"key":"SMITH"},{"data":"expansioncontent:StudyTheSpire","floor":47,"key":"SMITH"}],"circlet_count":0,"master_deck":["bronze:Strike","bronze:Strike+1","bronze:Defend","bronze:Defend","bronze:Defend","bronze:Defend","bronze:Replicate+1","bronze:Goto","bronze:ClassDefault","bronze:FollowUp","bronze:ChosenStrike","bronze:Turbo","bronze:Boost","bronze:GetLatest+1","bronze:Mutator","bronze:OilSpill","bronze:Optimize","bronze:Mutator","bronze:HardenedForm+1","bronze:BugBarrage+1","bronze:GetLatest+1","Pride","bronze:DelayedGuard","bronze:AlphaBuild+1","bronze:Repulsor+1","bronze:Repair","bronze:BurnOut+1","bronze:Fortify+1","bronze:Flail+1","bronze:Iterate+1","bronze:BugBarrage+1","bronze:CutThrough","bronze:HardenedForm","bronze:DelayedSlice","bronze:CutThrough","expansioncontent:StudyTheSpire+1","bronze:Backtrace","bronze:BitShift+1"],"relics":["bronze:BronzeCore","Gambling Chip","Old Coin","StuffTheSpire:HeavyRock","bronze:BottledCode","downfall:HeartBlessingGreen","Boot","bronze:MakeshiftBattery","Meat on the Bone","Red Mask","downfall:HeartBlessingRed","downfall:HeartBlessingBlue","hubris:BlackHole","StuffTheSpire:MayFlowers","hubris:PeanutButter","Vajra","Smiling Mask","Kunai","hubris:TenFootPole"],"acts_visited":["Exordium","TheCity","TheBeyond"],"potions_floor_usage":[10,16,16,16,16,16,22,27,27,28,33,45,50,50,50],"damage_taken":[{"damage":0,"enemies":"Small Slimes","floor":2,"turns":5},{"damage":0,"enemies":"Jaw Worm","floor":4,"turns":5},{"damage":2,"enemies":"2 Louse","floor":5,"turns":4},{"damage":7,"enemies":"Blue Slaver","floor":6,"turns":4},{"damage":18,"enemies":"conspire:MimicChest","floor":8,"turns":7},{"damage":0,"enemies":"2 Fungi Beasts","floor":9,"turns":3},{"damage":40,"enemies":"Gremlin Nob","floor":10,"turns":5},{"damage":0,"enemies":"downfall:FleeingMerchant","floor":13,"turns":4},{"damage":6,"enemies":"Exordium Thugs","floor":14,"turns":4},{"damage":5,"enemies":"3 Louse","floor":15,"turns":3},{"damage":0,"enemies":"WA_ARCHETYPE_RETAIN","floor":16,"turns":4},{"damage":14,"enemies":"Spheric Guardian","floor":19,"turns":4},{"damage":7,"enemies":"3 Byrds","floor":20,"turns":6},{"damage":26,"enemies":"Masked Bandits","floor":22,"turns":6},{"damage":6,"enemies":"Snake Plant","floor":26,"turns":2},{"damage":18,"enemies":"Snecko","floor":27,"turns":4},{"damage":0,"enemies":"conspire:HollyBat","floor":28,"turns":8},{"damage":16,"enemies":"Cultist and Chosen","floor":29,"turns":7},{"damage":0,"enemies":"Centurion and Healer","floor":32,"turns":4},{"damage":20,"enemies":"SI_MIRROR_ARCHETYPE","floor":33,"turns":10},{"damage":0,"enemies":"Orb Walker","floor":36,"turns":2},{"damage":5,"enemies":"3 Shapes","floor":37,"turns":3},{"damage":0,"enemies":"3 Shapes","floor":38,"turns":4},{"damage":17,"enemies":"Spire Growth","floor":39,"turns":5},{"damage":0,"enemies":"Nemesis","floor":44,"turns":3},{"damage":1,"enemies":"Maw","floor":45,"turns":5},{"damage":0,"enemies":"downfall:FleeingMerchant","floor":46,"turns":4},{"damage":0,"enemies":"Transient","floor":48,"turns":5},{"damage":0,"enemies":"4 Shapes","floor":49,"turns":2},{"damage":113,"enemies":"IC_BLOCK_ARCHETYPE","floor":50,"turns":7}],"seed_played":"4136842384587752259","potions_obtained":[{"floor":4,"key":"sneckomod:MuddlingPotion"},{"floor":6,"key":"Ancient Potion"},{"floor":9,"key":"LiquidMemories"},{"floor":14,"key":"EntropicBrew"},{"floor":16,"key":"FearPotion"},{"floor":20,"key":"LifebloodPotion"},{"floor":22,"key":"champ:CounterPotion"},{"floor":27,"key":"Adrenaline Potion"},{"floor":29,"key":"LiquidMemories"},{"floor":33,"key":"LiquidMemories"},{"floor":36,"key":"GamblersBrew"},{"floor":39,"key":"Strength Potion"}],"is_trial":false,"path_per_floor":["R","M","?","M","M","M","T","?","M","E","?","R","$","M","M","B",null,"R","M","M","?","?","R","T","R","M","M","M","M","R","?","M","B",null,"R","M","M","?","M","?","T","R","T","E","M","$","R","M","M","B"],"character_chosen":"THE_AUTOMATON","items_purchased":["Boot","bronze:Optimize","Kunai","expansioncontent:StudyTheSpire","hubris:TenFootPole","Swift Potion"],"campfire_rested":2,"item_purchase_floors":[13,13,46,46,46,46],"current_hp_per_floor":[77,77,77,77,75,68,68,50,50,10,10,30,30,24,19,19,67,67,53,46,46,32,52,52,62,56,50,50,46,46,46,53,43,77,77,77,72,72,72,72,72,72,72,72,71,77,77,77,77,0,0,0],"gold":200,"neow_bonus":"TEN_PERCENT_HP_BONUS","is_daily":false,"chose_seed":false,"campfire_upgraded":6,"win_rate":0.0,"timestamp":1612047512,"path_taken":["R","M","?","M","M","M","T","?","M","E","?","R","?","M","M","BOSS","R","M","M","?","?","R","T","R","M","?","M","M","R","?","M","BOSS","R","M","M","?","M","?","T","R","?","E","M","$","R","M","M","BOSS"],"items_purchased_type":["Relic","Card","Relic","Card","Relic","Potion"],"build_version":"2020-12-22","purchased_purges":1,"victory":false,"max_hp_per_floor":[77,77,77,77,77,77,77,77,77,77,67,67,67,67,67,67,67,67,67,67,67,67,67,67,77,77,77,77,77,77,77,77,77,77,77,77,77,77,77,77,77,77,77,77,77,77,77,77,77,77,77,77],"card_choices":[{"not_picked":["bronze:GetLatest","bronze:Iterate"],"picked":"bronze:ClassDefault","floor":2},{"not_picked":["bronze:WildBeam","bronze:Iterate"],"picked":"bronze:FollowUp","floor":4},{"not_picked":["bronze:ChildClass","bronze:Repulsor"],"picked":"bronze:ChosenStrike","floor":5},{"not_picked":["bronze:Shield","bronze:Frontload"],"picked":"bronze:Turbo","floor":6},{"not_picked":["bronze:ForLoop","bronze:Fortify"],"picked":"bronze:Boost","floor":8},{"not_picked":["bronze:ForLoop","bronze:FineTuning"],"picked":"bronze:GetLatest","floor":9},{"not_picked":["bronze:HardenedForm","bronze:DelayedSlice"],"picked":"bronze:Mutator","floor":10},{"not_picked":["bronze:Frontload","bronze:DarkDash"],"picked":"bronze:OilSpill","floor":13},{"not_picked":["bronze:DarkDash","bronze:Turbo"],"picked":"bronze:Mutator","floor":14},{"not_picked":["bronze:Shell","bronze:ForceShield","bronze:BuggyMess"],"picked":"SKIP","floor":15},{"not_picked":["bronze:CleanCode","bronze:ShipIt"],"picked":"bronze:HardenedForm","floor":16},{"not_picked":["bronze:Shield+1","bronze:OilSpill+1"],"picked":"bronze:BugBarrage+1","floor":19},{"not_picked":["bronze:WhirlingStrike","bronze:Branch"],"picked":"bronze:GetLatest+1","floor":20},{"not_picked":["bronze:CutThrough","bronze:DigitalCarnage+1"],"picked":"bronze:DelayedGuard","floor":22},{"not_picked":["bronze:ChosenStrike","bronze:Invalidate+1"],"picked":"bronze:AlphaBuild","floor":26},{"not_picked":["bronze:ChildClass+1","bronze:WildBeam","bronze:Deprecate+1"],"picked":"SKIP","floor":27},{"not_picked":["bronze:BuggyMess","bronze:Verify"],"picked":"bronze:Repulsor+1","floor":28},{"not_picked":["bronze:Return","bronze:Shield"],"picked":"bronze:Repair","floor":29},{"not_picked":["bronze:Branch","bronze:BuggyMess+1","bronze:OilSpill+1"],"picked":"SKIP","floor":32},{"not_picked":["bronze:Assembly","bronze:SpaghettiCode"],"picked":"bronze:BurnOut","floor":33},{"not_picked":["bronze:BitShift","bronze:Turbo+1"],"picked":"bronze:Fortify+1","floor":36},{"not_picked":["bronze:Invalidate+1","bronze:BugBarrage"],"picked":"bronze:Flail+1","floor":37},{"not_picked":["bronze:Branch","bronze:Repulsor"],"picked":"bronze:Iterate+1","floor":38},{"not_picked":["bronze:ItsAFeature","bronze:BuggyMess"],"picked":"bronze:BugBarrage+1","floor":39},{"not_picked":["bronze:Iterate+1","bronze:CloningBeam+1"],"picked":"bronze:HardenedForm","floor":44},{"not_picked":["bronze:Repair","bronze:Invalidate"],"picked":"bronze:DelayedSlice","floor":45},{"not_picked":["bronze:ForceShield+1","bronze:Mutator"],"picked":"bronze:CutThrough","floor":46},{"not_picked":["bronze:FollowUp","bronze:DelayedGuard+1"],"picked":"bronze:Backtrace","floor":48},{"not_picked":["bronze:DelayedSlice","bronze:Deprecate"],"picked":"bronze:BitShift+1","floor":49}],"player_experience":151847,"relics_obtained":[{"floor":7,"key":"Gambling Chip"},{"floor":8,"key":"Old Coin"},{"floor":10,"key":"StuffTheSpire:HeavyRock"},{"floor":22,"key":"Red Mask"},{"floor":38,"key":"StuffTheSpire:MayFlowers"},{"floor":41,"key":"hubris:PeanutButter"},{"floor":43,"key":"Vajra"},{"floor":44,"key":"Smiling Mask"}],"event_choices":[{"damage_healed":0,"gold_gain":0,"player_choice":"Stole Relic","damage_taken":0,"relics_obtained":["Meat on the Bone"],"max_hp_gain":0,"max_hp_loss":0,"event_name":"Addict","floor":21,"gold_loss":0,"cards_obtained":["Pride"]},{"damage_healed":0,"gold_gain":0,"player_choice":"Fought Bandits","damage_taken":0,"max_hp_gain":0,"max_hp_loss":0,"event_name":"Masked Bandits","floor":22,"gold_loss":0}],"is_beta":false,"boss_relics":[{"not_picked":["Astrolabe","StuffTheSpire:Kangaroo"],"picked":"bronze:MakeshiftBattery"},{"not_picked":["hubris:Stopwatch","Replay:Drink Me"],"picked":"hubris:BlackHole"}],"items_purged_floors":[13],"is_endless":false,"potions_floor_spawned":[4,6,9,14,16,20,22,27,29,33,36,37,39,49],"killed_by":"IC_BLOCK_ARCHETYPE","ascension_level":0}}