{"host":"mys00ehszg9tpx2w","time":1612009006,"event":{"mods":["Act Like it!","BaseMod","Better Vampires","CapriCore","Chen","Colored Powertips","Energized Spire","Gensokyo","Highlight Path","Koishi","KomeijiMod","Marisa（F雨　魔理沙）","Minty Spire (QoL Compilation)","Reimu（博丽灵梦）","Relic Stats","Remilia（蕾米莉亚）","RumiaBox-露米娅的神秘盒子","Shop Mod","Spicy Shops","StSLib","The Administrix","The Immortal","The Servant 0.9.4","Yakumo Yukari mod","Youmu（魂魄妖梦）","Yuyuko","noobMod","【功能Mod】聪明的最终Boss","篝火指南"],"gold_per_floor":[114,114,91,111,42,75,75,175,250,14,29,48,63,63,63,361,361,381,381,381,381,14,324,6,32,32,32,32,32,49,75,75,174,174,185,201,212,224,156,54,54,54,105,117,117,130,140,156,23,23],"floor_reached":51,"language":"ZHS","playtime":4242,"items_purged":["Strike_R"],"score":737,"play_id":"e3817dfa-8dac-4831-b815-3b42a8c7ad96","local_time":"20210130201646","is_ascension_mode":false,"campfire_choices":[{"data":"Heavy Blade","floor":15.0,"key":"SMITH"}],"circlet_count":0,"master_deck":["Strike_R","Strike_R","Strike_R","Strike_R","Defend_R","Defend_R","Defend_R","Defend_R","Bash","Twin Strike+1","Heavy Blade+1","Anger","Metallicize","Sever Soul","Offering","Sword Boomerang","Rampage","Juggernaut","Wild Strike+1","Gensokyo:FourOfAKind","Gensokyo:FourOfAKind","Gensokyo:FourOfAKind","Gensokyo:FourOfAKind","Gensokyo:TekeTeke","Ghostly Armor","Gensokyo:Apocalypse","Gensokyo:ReactiveArmor","Combust","Disarm+1","Warcry","Reckless Charge","Double Tap","Dual Wield","Cleave+1","Perfected Strike","Limit Break","Gensokyo:ScrapIron","Gensokyo:ReactiveArmor","Clumsy","Havoc+1","Heavy Blade+1","Normality","Clumsy","Heavy Blade+1","Decay"],"relics":["Burning Blood","ice","Pantograph","Shuriken","NitorisBag","Fusion Hammer","Sling","Matryoshka","Magic Flower","Blood Vial","Meat on the Bone","Whetstone","Baka2","Potion Belt","AddBug","Burning Blood","Fusion Hammer","Paper Frog","Bag of Preparation","Oddly Smooth Stone","Pantograph","Red Skull"],"acts_visited":["Gensokyo:Gensokyo","Gensokyo:Gensokyoer","Gensokyo:Gensokyoest"],"potions_floor_usage":[47],"damage_taken":[{"damage":6.0,"enemies":"Gensokyo:Python","floor":1.0,"turns":3.0},{"damage":0.0,"enemies":"Gensokyo:2_Kodama","floor":4.0,"turns":3.0},{"damage":13.0,"enemies":"Gensokyo:Aya","floor":6.0,"turns":6.0},{"damage":7.0,"enemies":"Gensokyo:3_Fairies","floor":11.0,"turns":3.0},{"damage":0.0,"enemies":"Gensokyo:LivingMonolith","floor":12.0,"turns":3.0},{"damage":39.0,"enemies":"Gensokyo:3_Kodama","floor":13.0,"turns":4.0},{"damage":112.0,"enemies":"Gensokyo:Yukari","floor":16.0,"turns":14.0},{"damage":32.0,"enemies":"Gensokyo:CosmicMonolith","floor":18.0,"turns":2.0},{"damage":50.0,"enemies":"Gensokyo:3_Dogs","floor":23.0,"turns":5.0},{"damage":42.0,"enemies":"Gensokyo:Tenshi","floor":25.0,"turns":3.0},{"damage":12.0,"enemies":"Gensokyo:Chomper_and_Gloop","floor":30.0,"turns":2.0},{"damage":9.0,"enemies":"Gensokyo:Koishi","floor":31.0,"turns":2.0},{"damage":67.0,"enemies":"Gensokyo:Eiki","floor":33.0,"turns":7.0},{"damage":7.0,"enemies":"Gensokyo:AncientGuardian","floor":35.0,"turns":2.0},{"damage":13.0,"enemies":"Gensokyo:3_Bats","floor":36.0,"turns":2.0},{"damage":2.0,"enemies":"Gensokyo:Rafflesia","floor":37.0,"turns":3.0},{"damage":6.0,"enemies":"Gensokyo:Dusk_and_Dawn","floor":38.0,"turns":2.0},{"damage":17,"enemies":"Gensokyo:3_Boulders","floor":44,"turns":3},{"damage":223,"enemies":"Gensokyo:AtlasGolem","floor":46,"turns":9},{"damage":1,"enemies":"Gensokyo:Sharpion","floor":47,"turns":3},{"damage":15,"enemies":"Gensokyo:Dusk_and_Dawn","floor":48,"turns":1},{"damage":20,"enemies":"Gensokyo:Scarlet_Devils","floor":50,"turns":3}],"seed_played":"-4197984136371413890","potions_obtained":[{"floor":1.0,"key":"BloodPotion"},{"floor":11.0,"key":"SkillPotion"},{"floor":12.0,"key":"Swift Potion"},{"floor":16.0,"key":"Block Potion"},{"floor":30.0,"key":"JyouchiReiPotion"},{"floor":31.0,"key":"SmokeBomb"},{"floor":35.0,"key":"BloodPotion"},{"floor":47,"key":"AttackPotion"}],"is_trial":false,"path_per_floor":["M","?","$","M","$","E","?","?","T","COS","M","M","M","$","R","B",null,"M","?","?","?","COS","M","R","E","T","R","$","R","M","E","R","B",null,"M","M","M","M","COS","R","?","R","T","M","$","M","M","M","R","B",null],"character_chosen":"IRONCLAD","items_purchased":["Heavy Blade","Metallicize","Matryoshka","Magic Flower","Paper Frog","Red Skull"],"campfire_rested":0,"item_purchase_floors":[3,5,24,24,40,49],"current_hp_per_floor":[88,88,88,88,88,81,88,88,88,88,87,88,79,79,79,64,90,64,64,58,58,58,14,14,48,48,48,48,48,48,39,39,81,81,84,84,88,88,88,88,88,88,88,80,80,83,94,94,94,92],"gold":23,"neow_bonus":"TEN_PERCENT_HP_BONUS","is_daily":false,"chose_seed":false,"campfire_upgraded":1,"win_rate":0.0,"timestamp":1612009006,"path_taken":["M","?","?","?","$","E","?","?","T","COS","M","M","M","$","R","BOSS","M","?","?","?","COS","M","R","E","T","R","?","R","?","E","R","BOSS","M","M","M","M","COS","R","?","R","T","M","?","M","?","M","R","BOSS"],"items_purchased_type":["Card","Card","Relic","Relic","Relic","Relic"],"build_version":"2020-12-22","purchased_purges":1,"victory":true,"max_hp_per_floor":[88,88,88,88,88,88,88,88,88,88,88,88,88,88,88,90,90,91,64,58,58,58,69,69,73,73,73,73,73,73,77,77,81,81,84,84,88,88,88,88,88,88,88,88,88,91,94,94,94,94],"relic_stats":{"Blood Vial":12,"counters":[22,85],"Shuriken":[37],"Pantograph":44,"Magic Flower":[62],"Bag of Preparation":[10],"Whetstone":["Wild Strike","Twin Strike"],"obtain_stats":[{"Potion Belt":31,"Magic Flower":24,"Oddly Smooth Stone":43,"AddBug":34,"ice":0,"Baka":1,"Bag of Preparation":43,"Whetstone":26,"Sling":22,"Burning Blood":0,"Blood Vial":25,"NitorisBag":10,"Frozen Eye":31,"Baka2":30,"Matryoshka":24,"Shuriken":9,"Pantograph":6,"Fusion Hammer":17,"Red Skull":49,"Meat on the Bone":26,"Paper Frog":40},{"Potion Belt":12,"Magic Flower":9,"Oddly Smooth Stone":17,"AddBug":13,"ice":0,"Baka":1,"Bag of Preparation":17,"Whetstone":10,"Sling":8,"Burning Blood":0,"Blood Vial":10,"NitorisBag":3,"Frozen Eye":11,"Baka2":11,"Matryoshka":9,"Shuriken":3,"Pantograph":3,"Fusion Hammer":7,"Red Skull":21,"Meat on the Bone":10,"Paper Frog":17},{"Potion Belt":50,"Magic Flower":43,"Oddly Smooth Stone":66,"AddBug":57,"ice":0,"Baka":3,"Bag of Preparation":66,"Whetstone":46,"Sling":38,"Burning Blood":0,"Blood Vial":46,"NitorisBag":12,"Frozen Eye":48,"Baka2":48,"Matryoshka":43,"Shuriken":12,"Pantograph":12,"Fusion Hammer":36,"Red Skull":82,"Meat on the Bone":46,"Paper Frog":66}],"Burning Blood":131,"Meat on the Bone":0},"card_choices":[{"not_picked":["Uppercut","Armaments"],"picked":"Twin Strike","floor":1.0},{"not_picked":["Twin Strike","Iron Wave"],"picked":"Anger","floor":4.0},{"not_picked":["Anger","Blood for Blood"],"picked":"Sever Soul","floor":6.0},{"not_picked":["Uppercut","Twin Strike"],"picked":"Offering","floor":11.0},{"not_picked":["Clothesline","Blood for Blood"],"picked":"Sword Boomerang","floor":12.0},{"not_picked":["Anger","Metallicize"],"picked":"Rampage","floor":13.0},{"not_picked":["Demon Form","Brutality"],"picked":"Juggernaut","floor":16.0},{"not_picked":["Dual Wield","Metallicize+1"],"picked":"Wild Strike","floor":18.0},{"not_picked":["Gensokyo:Kunekune","Gensokyo:EightFeetTall"],"picked":"Gensokyo:TekeTeke","floor":20.0},{"not_picked":["Sword Boomerang","Twin Strike"],"picked":"Combust","floor":23.0},{"not_picked":["Twin Strike","Clothesline+1"],"picked":"Disarm+1","floor":25.0},{"not_picked":["Intimidate","Disarm"],"picked":"Warcry","floor":30.0},{"not_picked":["Twin Strike+1","Sentinel"],"picked":"Reckless Charge","floor":31.0},{"not_picked":["Corruption","Impervious"],"picked":"Double Tap","floor":33.0},{"not_picked":["Uppercut","Headbutt+1"],"picked":"Dual Wield","floor":35.0},{"not_picked":["Clash","Power Through+1"],"picked":"Cleave+1","floor":36.0},{"not_picked":["Shrug It Off+1","Whirlwind"],"picked":"Perfected Strike","floor":37.0},{"not_picked":["Sword Boomerang+1","Seeing Red"],"picked":"Limit Break","floor":38.0},{"not_picked":["Clash+1","Twin Strike+1"],"picked":"Seeing Red","floor":44},{"not_picked":["Hemokinesis+1","Feel No Pain+1"],"picked":"Havoc+1","floor":46},{"not_picked":["Perfected Strike+1","Sword Boomerang"],"picked":"Heavy Blade+1","floor":47},{"not_picked":["Feel No Pain","Anger"],"picked":"Heavy Blade+1","floor":48}],"player_experience":64997,"relics_obtained":[{"floor":1.0,"key":"Baka"},{"floor":6.0,"key":"Pantograph"},{"floor":9.0,"key":"Shuriken"},{"floor":25.0,"key":"Blood Vial"},{"floor":26.0,"key":"Meat on the Bone"},{"floor":26.0,"key":"Whetstone"},{"floor":30.0,"key":"Baka2"},{"floor":31.0,"key":"Potion Belt"},{"floor":35.0,"key":"Burning Blood"},{"floor":38.0,"key":"Fusion Hammer"},{"floor":43.0,"key":"Bag of Preparation"},{"floor":43.0,"key":"Oddly Smooth Stone"},{"floor":48,"key":"Pantograph"}],"event_choices":[],"is_beta":false,"boss_relics":[{"not_picked":["Astrolabe","Black Star"],"picked":"Fusion Hammer"},{"not_picked":["energizedSpire:DecayingSkull","energizedSpire:HugeHouse"],"picked":"AddBug"}],"items_purged_floors":[49],"is_endless":false,"potions_floor_spawned":[1,11,12,16,30,31,35,46,47,48],"ascension_level":0}}