{"host":"eaiphzh066bwqdh7","time":1612025431,"event":{"mods":["BaseMod","Better Note","Halation","Hubris","Minty Spire (QoL Compilation)","Reliquary","Replay The Spire","StSLib"],"gold_per_floor":[116,116,129,129,148,148,166,191,191,191,13,32,32,52,52,181,181,206,206,52,71,84,84,84,84,164,164,183,206,219,219,219,219,219],"floor_reached":33,"language":"ENG","playtime":1140,"items_purged":["Defend_R"],"score":277,"play_id":"921b92bd-8cf6-4335-8b28-1de92d47f54a","local_time":"20210130115031","is_ascension_mode":true,"campfire_choices":[{"floor":6,"key":"REST"},{"floor":10,"key":"REST"},{"floor":13,"key":"REST"},{"data":"Bludgeon","floor":15,"key":"SMITH"},{"floor":23,"key":"REST"},{"data":"Exhume","floor":25,"key":"SMITH"},{"data":"Eclipse","floor":27,"key":"SMITH"},{"data":"Perfected Strike","floor":32,"key":"SMITH"}],"circlet_count":0,"master_deck":["Strike_R","Strike_R","Strike_R","Strike_R","Strike_R","Survivor","Armaments","Shrug It Off","Perfected Strike+1","Reaper","Shrug It Off","ReplayTheSpireMod:Stacked","Flex","Inflame","Exhume+1","Bludgeon+1","Eclipse+1","Reaper","Battle Trance+1","Exhume"],"relics":["Burning Blood","Replay:PocketPolymizer","Golden Idol","reliquary:RoseTintedGlasses","Ooze Armor","halation:PrussianBluePaint","Replay:Accelerometer"],"acts_visited":["Exordium","TheCity"],"potions_floor_usage":[12,16,16],"damage_taken":[{"damage":22,"enemies":"Jaw Worm","floor":1,"turns":6},{"damage":12,"enemies":"Small Slimes","floor":3,"turns":4},{"damage":0,"enemies":"2 Louse","floor":5,"turns":4},{"damage":22,"enemies":"Exordium Thugs","floor":7,"turns":4},{"damage":0,"enemies":"Large Slime","floor":8,"turns":4},{"damage":28,"enemies":"Exordium Wildlife","floor":12,"turns":4},{"damage":13,"enemies":"Blue Slaver","floor":14,"turns":4},{"damage":33,"enemies":"Slime Boss","floor":16,"turns":12},{"damage":6,"enemies":"Chosen","floor":18,"turns":5},{"damage":11,"enemies":"Spheric Guardian","floor":21,"turns":3},{"damage":31,"enemies":"Snecko","floor":22,"turns":4},{"damage":2,"enemies":"Sentry and Sphere","floor":28,"turns":3},{"damage":35,"enemies":"Shelled Parasite and Fungi","floor":29,"turns":5},{"damage":22,"enemies":"Snake Plant","floor":30,"turns":3},{"damage":81,"enemies":"hubris:MusketHawk","floor":33,"turns":6}],"seed_played":"-3469527936105200010","potions_obtained":[{"floor":3,"key":"Dexterity Potion"},{"floor":5,"key":"GamblersBrew"},{"floor":8,"key":"Energy Potion"},{"floor":14,"key":"FearPotion"},{"floor":29,"key":"Adrenaline Potion"},{"floor":30,"key":"Adrenaline Potion"}],"is_trial":false,"path_per_floor":["M","?","M","?","M","R","M","M","T","R","$","M","R","M","R","B",null,"M","?","$","M","M","R","?","R","T","R","M","M","M","?","R","B"],"character_chosen":"IRONCLAD","items_purchased":["Flex","Inflame","halation:PrussianBluePaint"],"campfire_rested":4,"item_purchase_floors":[11,11,20],"current_hp_per_floor":[64,44,38,38,44,68,52,62,62,80,80,66,80,77,77,65,80,80,80,80,75,62,80,80,80,80,80,80,55,48,74,74,0,0],"gold":219,"neow_bonus":"ONE_RARE_RELIC","is_daily":false,"chose_seed":false,"campfire_upgraded":4,"win_rate":0.0,"timestamp":1612025431,"path_taken":["M","?","M","?","?","R","M","M","T","R","$","M","R","M","R","BOSS","M","?","$","M","M","R","?","R","T","R","M","M","?","?","R","BOSS"],"items_purchased_type":["Card","Card","Relic"],"build_version":"2020-12-22","purchased_purges":1,"victory":false,"max_hp_per_floor":[80,80,80,80,80,80,80,80,80,80,80,80,80,80,80,80,80,80,80,80,80,80,80,80,80,80,80,80,80,80,80,80,80,80],"card_choices":[{"not_picked":["Wild Strike","Warcry"],"picked":"Armaments","floor":1},{"not_picked":["Sever Soul","Infernal Blade"],"picked":"Shrug It Off","floor":3},{"not_picked":["Wild Strike","Iron Wave"],"picked":"Perfected Strike","floor":5},{"not_picked":["Flex","Twin Strike"],"picked":"Reaper","floor":7},{"not_picked":["Pummel","Iron Wave"],"picked":"Shrug It Off","floor":8},{"not_picked":["Searing Blow","Iron Wave"],"picked":"Exhume","floor":12},{"not_picked":["True Grit","Iron Wave","Pommel Strike"],"picked":"SKIP","floor":14},{"not_picked":["Offering","Eclipse"],"picked":"Reaper","floor":16},{"not_picked":["hubris:CleavingFinish","Run Through","Iron Wave"],"picked":"SKIP","floor":18},{"not_picked":["Whirlwind+1","Anger","Twin Strike+1"],"picked":"SKIP","floor":21},{"not_picked":["Run Through","Twin Strike"],"picked":"Battle Trance+1","floor":22},{"not_picked":["Intimidate+1","Pummel","Headbutt"],"picked":"SKIP","floor":28},{"not_picked":["Perfected Strike","Rage"],"picked":"Exhume","floor":29},{"not_picked":["Havoc+1","hubris:ReadiedAction","Blood for Blood+1"],"picked":"SKIP","floor":30}],"player_experience":212590,"relics_obtained":[{"floor":9,"key":"reliquary:RoseTintedGlasses"},{"floor":26,"key":"Replay:Accelerometer"}],"event_choices":[{"damage_healed":0,"gold_gain":0,"player_choice":"Take Damage","damage_taken":20,"relics_obtained":["Golden Idol"],"max_hp_gain":0,"max_hp_loss":0,"event_name":"Golden Idol","floor":2,"gold_loss":0},{"cards_removed":["Defend_G"],"damage_healed":0,"gold_gain":0,"player_choice":"Forget","damage_taken":0,"max_hp_gain":0,"max_hp_loss":0,"event_name":"Living Wall","floor":4,"gold_loss":0},{"damage_healed":0,"gold_gain":0,"player_choice":"Ignored","damage_taken":0,"max_hp_gain":0,"max_hp_loss":0,"event_name":"Vampires","floor":19,"gold_loss":0},{"cards_removed":["Shockwave"],"damage_healed":0,"gold_gain":0,"player_choice":"Card Removal","damage_taken":0,"max_hp_gain":0,"max_hp_loss":0,"event_name":"Wheel of Change","floor":24,"gold_loss":0},{"damage_healed":26,"gold_gain":0,"player_choice":"Heal","damage_taken":0,"max_hp_gain":0,"max_hp_loss":0,"event_name":"The Library","floor":31,"gold_loss":0}],"is_beta":false,"boss_relics":[{"not_picked":["halation:LoveArrow","halation:CatFaceCupcake"],"picked":"Ooze Armor"}],"items_purged_floors":[11],"is_endless":false,"potions_floor_spawned":[3,5,8,14,29,30],"killed_by":"hubris:MusketHawk","ascension_level":3}}