{"host":"n1v11un6j7y72mz7","time":1612020608,"event":{"mods":["ATMod(°¢èªMod)","BaseMod","Downfall","KomeijiMod","Minty Spire (QoL Compilation)","READ ME - Guardian Mod","StSLib","Waifu the Spire"],"gold_per_floor":[99,99,99,99,199,99,99,118,133,163,175,175,185,201,220,323,323,323,335,335,335,353,386,411,440,469,481,524,536,563,675,704,814,826,838,865,893,36,36,36,59,59,59,59,74,74,90,102,116,116],"floor_reached":51,"language":"ZHS","playtime":2872,"items_purged":["bronze:Defend"],"score":743,"play_id":"cf300e31-e2d9-4656-b66c-ca1ab9baa6c1","local_time":"20210130233008","is_ascension_mode":false,"campfire_choices":[{"floor":1,"key":"RECALL"},{"data":"bronze:Goto","floor":6,"key":"SMITH"},{"data":"bronze:GetLatest","floor":12,"key":"SMITH"},{"data":"bronze:CloningBeam","floor":18,"key":"SMITH"},{"floor":27,"key":"REST"},{"floor":29,"key":"REST"},{"data":"bronze:AlphaBuild","floor":35,"key":"SMITH"},{"floor":40,"key":"REST"},{"data":"bronze:Terminator","floor":42,"key":"SMITH"},{"data":"bronze:Mutator","floor":44,"key":"SMITH"},{"data":"bronze:InfiniteBeams","floor":46,"key":"SMITH"}],"circlet_count":0,"master_deck":["bronze:Defend","bronze:Defend","bronze:Defend","bronze:Replicate","bronze:Goto+1","bronze:Allocate","bronze:Boost","bronze:Separator","bronze:ChosenStrike","bronze:BronzeOrb","bronze:InfiniteBeams+1","bronze:GetLatest+1","bronze:CloningBeam+1","bronze:ChosenStrike","bronze:Constructor","bronze:InfiniteLoop","CurseOfTheBell","bronze:Optimize+1","Slimebound:Tackle+1","Slimebound:Tackle+1","Slimebound:Tackle+1","bronze:CleanCode","bronze:GetLatest+1","bronze:Terminator+1","bronze:DecaBeam","bronze:Boost","bronze:Mutator+1","bronze:AlphaBuild+1","bronze:Branch+1","bronze:FineTuning+1","bronze:InfiniteBeams+1","bronze:Flail+1","AT_FamilyPortrait","bronze:FollowUp+1","bronze:Deprecate+1","bronze:DelayedSlice+1","bronze:Refactor+1"],"relics":["bronze:BronzeCore","AT_ATBox","downfall:HeartsMalice","downfall:HeartBlessingRed","Guardian:PocketSentry","Question Card","Calling Bell","Centennial Puzzle","Kunai","ShirouKen","StoneCalendar","Incense Burner","MawBank","Pear","Sozu","Toolbox","Molten Egg 2","AT_RedTearstoneRing","AT_BladeRuinedKing","Toy Ornithopter"],"acts_visited":["Exordium","TheCity","TheBeyond"],"potions_floor_usage":[10,10,16,23,28,28,33],"damage_taken":[{"damage":0,"enemies":"Cultist","floor":2,"turns":1},{"damage":0,"enemies":"Small Slimes","floor":3,"turns":1},{"damage":0,"enemies":"Jaw Worm","floor":4,"turns":1},{"damage":11,"enemies":"Exordium Thugs","floor":8,"turns":4},{"damage":0,"enemies":"Exordium Wildlife","floor":9,"turns":3},{"damage":0,"enemies":"3 Sentries","floor":10,"turns":5},{"damage":4,"enemies":"Gremlin Gang","floor":11,"turns":4},{"damage":3,"enemies":"Red Slaver","floor":13,"turns":2},{"damage":3,"enemies":"Exordium Thugs","floor":14,"turns":3},{"damage":0,"enemies":"3 Louse","floor":15,"turns":2},{"damage":10,"enemies":"IC_STATUS_ARCHETYPE","floor":16,"turns":6},{"damage":13,"enemies":"3 Byrds","floor":19,"turns":4},{"damage":0,"enemies":"Spheric Guardian","floor":22,"turns":2},{"damage":23,"enemies":"Slavers","floor":23,"turns":5},{"damage":10,"enemies":"Snake Plant","floor":25,"turns":4},{"damage":10,"enemies":"Cultist and Chosen","floor":26,"turns":4},{"damage":0,"enemies":"Gremlin Leader","floor":28,"turns":4},{"damage":0,"enemies":"Centurion and Healer","floor":30,"turns":3},{"damage":3,"enemies":"Centurion and Healer","floor":31,"turns":4},{"damage":8,"enemies":"3 Cultists","floor":32,"turns":5},{"damage":34,"enemies":"DF_ARCHETYPE_CLAW","floor":33,"turns":8},{"damage":19,"enemies":"3 Shapes","floor":36,"turns":3},{"damage":0,"enemies":"Orb Walker","floor":37,"turns":2},{"damage":3,"enemies":"downfall:FleeingMerchant","floor":38,"turns":4},{"damage":0,"enemies":"Writhing Mass","floor":39,"turns":1},{"damage":9,"enemies":"Transient","floor":45,"turns":5},{"damage":0,"enemies":"Sphere and 2 Shapes","floor":47,"turns":2},{"damage":0,"enemies":"Spire Growth","floor":48,"turns":1},{"damage":0,"enemies":"Maw","floor":49,"turns":3},{"damage":35,"enemies":"WA_ARCHETYPE_DIVINITY","floor":50,"turns":9}],"seed_played":"-6981484578947351105","potions_obtained":[{"floor":8,"key":"DistilledChaos"},{"floor":9,"key":"champ:CounterPotion"},{"floor":10,"key":"Weak Potion"},{"floor":14,"key":"Swift Potion"},{"floor":16,"key":"Strength Potion"},{"floor":22,"key":"Fire Potion"},{"floor":23,"key":"EssenceOfSteel"},{"floor":30,"key":"Fire Potion"},{"floor":32,"key":"AttackPotion"}],"is_trial":false,"path_per_floor":["R","M","M","M","?","R","T","M","M","E","M","R","M","M","M","B",null,"R","M","?","?","M","E","T","M","M","R","E","R","M","?","M","B",null,"R","M","M","$","M","R","T","R","?","R","M","R","M","M","M","B",null],"character_chosen":"THE_AUTOMATON","items_purchased":["Toolbox","Molten Egg 2","bronze:Flail+1","AT_FamilyPortrait","AT_RedTearstoneRing"],"campfire_rested":3,"item_purchase_floors":[38,38,38,38,38],"current_hp_per_floor":[70,70,70,70,70,70,70,59,59,59,55,55,52,49,49,39,70,70,57,57,57,57,34,34,24,14,35,45,69,69,66,58,24,80,80,61,61,58,58,80,80,80,80,80,71,71,71,71,71,36],"gold":116,"neow_bonus":"THREE_ENEMY_KILL","is_daily":false,"chose_seed":false,"campfire_upgraded":7,"win_rate":0.0,"timestamp":1612020608,"path_taken":["R","M","?","M","?","R","T","?","M","E","M","R","M","M","M","BOSS","R","M","?","?","M","E","T","M","M","R","E","R","M","?","M","BOSS","R","M","M","$","M","M","T","R","?","R","M","R","M","?","M","BOSS"],"items_purchased_type":["Relic","Relic","Card","Card","Relic"],"build_version":"2020-12-22","purchased_purges":1,"victory":true,"max_hp_per_floor":[70,70,70,70,70,70,70,70,70,70,70,70,70,70,70,70,70,70,70,70,70,70,70,70,70,70,70,80,80,80,80,80,80,80,80,80,80,80,80,80,80,80,80,80,80,80,80,80,80,80],"card_choices":[{"not_picked":["bronze:Backtrace","bronze:Deprecate"],"picked":"bronze:Allocate","floor":2},{"not_picked":["bronze:Invalidate","bronze:Optimize"],"picked":"bronze:Boost","floor":3},{"not_picked":["bronze:BugBarrage","bronze:Iterate"],"picked":"bronze:Separator","floor":4},{"not_picked":["bronze:Iterate","bronze:Turbo"],"picked":"bronze:ChosenStrike","floor":8},{"not_picked":["bronze:Optimize","bronze:Invalidate"],"picked":"bronze:BronzeOrb","floor":9},{"not_picked":["bronze:MaxOutput","bronze:Iterate"],"picked":"bronze:InfiniteBeams","floor":10},{"not_picked":["bronze:Philosophize","bronze:Repair","bronze:Format"],"picked":"bronze:GetLatest","floor":11},{"not_picked":["bronze:Separator","bronze:Boost","bronze:InfiniteBeams"],"picked":"bronze:CloningBeam","floor":13},{"not_picked":["bronze:Turbo","bronze:Frontload","bronze:NullPointer"],"picked":"bronze:ChosenStrike","floor":14},{"not_picked":["bronze:Overload","bronze:ForceShield","bronze:ChosenStrike"],"picked":"bronze:Constructor","floor":15},{"not_picked":["bronze:ShipIt","bronze:Virus","bronze:Mutator"],"picked":"bronze:InfiniteLoop","floor":16},{"not_picked":["bronze:OilSpill+1","bronze:ChildClass","bronze:WhirlingStrike+1"],"picked":"bronze:Optimize+1","floor":19},{"not_picked":["bronze:MaxOutput+1","bronze:Constructor","bronze:Shell","bronze:Deprecate"],"picked":"SKIP","floor":22},{"not_picked":["bronze:ForLoop","bronze:BitShift","bronze:Invalidate+1"],"picked":"bronze:CleanCode","floor":23},{"not_picked":["bronze:Iterate","bronze:Shell+1","bronze:Frontload"],"picked":"bronze:GetLatest+1","floor":25},{"not_picked":["bronze:Frontload","bronze:BugBarrage+1","bronze:WildBeam+1"],"picked":"bronze:Terminator","floor":26},{"not_picked":["bronze:WildBeam","bronze:Turbo","bronze:Shield","bronze:DelayedGuard"],"picked":"SKIP","floor":28},{"not_picked":["bronze:Frontload","bronze:Separator+1","bronze:WildBeam"],"picked":"bronze:Deprecate+1","floor":30},{"not_picked":[],"picked":"bronze:DecaBeam","floor":31},{"not_picked":["bronze:Overload","bronze:Frontload+1","bronze:Terminator"],"picked":"bronze:Boost","floor":31},{"not_picked":["bronze:Overheat","bronze:DelayedSlice","bronze:Separator"],"picked":"bronze:Mutator","floor":32},{"not_picked":["bronze:CleanCode","bronze:Assembly","bronze:SpaghettiCode"],"picked":"bronze:AlphaBuild","floor":33},{"not_picked":["bronze:GetLatest","bronze:Safeguard+1","bronze:Invalidate+1"],"picked":"bronze:Branch+1","floor":36},{"not_picked":["bronze:Shield+1","bronze:WhirlingStrike","bronze:DelayedSlice+1"],"picked":"bronze:FineTuning+1","floor":37},{"not_picked":["bronze:ClassDefault","bronze:DelayedSlice","bronze:Safeguard+1"],"picked":"bronze:InfiniteBeams+1","floor":38},{"not_picked":["bronze:BitShift","bronze:Iterate+1","bronze:FineTuning+1"],"picked":"bronze:FollowUp+1","floor":43},{"not_picked":["bronze:Flail+1","bronze:DarkDash+1","bronze:BugBarrage+1"],"picked":"bronze:Deprecate+1","floor":45},{"not_picked":["bronze:DarkDash+1","bronze:Philosophize","bronze:ChosenStrike+1"],"picked":"bronze:DelayedSlice+1","floor":47},{"not_picked":["bronze:Deprecate","bronze:CleanCode","bronze:Invalidate","bronze:Iterate+1"],"picked":"SKIP","floor":48},{"not_picked":["bronze:Shield","bronze:InfiniteBeams+1","bronze:Invalidate+1"],"picked":"bronze:Refactor+1","floor":49}],"player_experience":163291,"relics_obtained":[{"floor":7,"key":"Guardian:PocketSentry"},{"floor":10,"key":"Question Card"},{"floor":17,"key":"Centennial Puzzle"},{"floor":17,"key":"Kunai"},{"floor":17,"key":"ShirouKen"},{"floor":23,"key":"Incense Burner"},{"floor":24,"key":"MawBank"},{"floor":28,"key":"Pear"},{"floor":41,"key":"AT_BladeRuinedKing"},{"floor":43,"key":"Toy Ornithopter"}],"event_choices":[],"is_beta":false,"boss_relics":[{"not_picked":["SlaversCollar","SacredBark"],"picked":"Calling Bell"},{"not_picked":["Black Star","Runic Pyramid"],"picked":"Sozu"}],"items_purged_floors":[38],"is_endless":false,"potions_floor_spawned":[8,9,10,14,16,22,23,26,30,32,36,37,39,45],"ascension_level":0}}