{"host":"q6ff4ns2kep02ti6","time":1612044683,"event":{"mods":["AchievementEnabler","BaseMod","Minty Spire (QoL Compilation)","Relic Stats","StSLib","Unceasing Turn Reminder"],"gold_per_floor":[109,123,123,138,158,185,185,195,195,160,173,183,183,212,212,289,289,300,320,320,152,162,162,191,191,191,224,250,282,282,302,302,373,373,389,389,389,389,408,408,151,151,176,205,205,238,263,292,292,292,292],"floor_reached":50,"language":"ENG","playtime":2816,"items_purged":["Iron Wave"],"score":1442,"play_id":"1f168f62-3e31-48b2-a9e7-610515ee4cc2","local_time":"20210130231123","is_ascension_mode":true,"campfire_choices":[{"data":"Twin Strike","floor":7,"key":"SMITH"},{"data":"Fire Breathing","floor":13,"key":"SMITH"},{"data":"Bash","floor":15,"key":"SMITH"},{"data":"Corruption","floor":23,"key":"SMITH"},{"data":"Armaments","floor":25,"key":"SMITH"},{"floor":32,"key":"REST"},{"data":"Demon Form","floor":40,"key":"SMITH"},{"data":"Uppercut","floor":42,"key":"SMITH"},{"data":"Flame Barrier","floor":45,"key":"SMITH"},{"floor":49,"key":"RECALL"}],"circlet_count":0,"master_deck":["AscendersBane","Bash+1","Twin Strike+1","Fire Breathing+1","Cleave","Corruption+1","Flame Barrier+1","Sentinel","Bludgeon","Uppercut+1","Armaments+1","Shockwave+1","Pummel","Dropkick","Pummel","Combust","Sentinel","Power Through","Spot Weakness","Demon Form+1","Reaper","Flash of Steel"],"relics":["Philosopher\u0027s Stone","FossilizedHelix","Happy Flower","Akabeko","Darkstone Periapt","Pandora\u0027s Box","Bronze Scales","Pocketwatch","Vajra","Tiny Chest","Red Skull","Juzu Bracelet","Sozu","Ornamental Fan","Eternal Feather","Smiling Mask","Girya","PreservedInsect"],"acts_visited":["Exordium","TheCity","TheBeyond"],"potions_floor_usage":[16,22,24,33],"damage_taken":[{"damage":3,"enemies":"Jaw Worm","floor":1,"turns":3},{"damage":4,"enemies":"Small Slimes","floor":2,"turns":3},{"damage":0,"enemies":"Cultist","floor":4,"turns":3},{"damage":0,"enemies":"Large Slime","floor":5,"turns":4},{"damage":18,"enemies":"3 Sentries","floor":6,"turns":5},{"damage":0,"enemies":"Red Slaver","floor":8,"turns":3},{"damage":0,"enemies":"Blue Slaver","floor":11,"turns":2},{"damage":0,"enemies":"Large Slime","floor":12,"turns":3},{"damage":0,"enemies":"Gremlin Nob","floor":14,"turns":3},{"damage":0,"enemies":"Slime Boss","floor":16,"turns":7},{"damage":0,"enemies":"Shell Parasite","floor":18,"turns":3},{"damage":9,"enemies":"2 Thieves","floor":19,"turns":3},{"damage":0,"enemies":"Snake Plant","floor":22,"turns":2},{"damage":17,"enemies":"Slavers","floor":24,"turns":2},{"damage":0,"enemies":"Gremlin Leader","floor":27,"turns":3},{"damage":11,"enemies":"Slavers","floor":29,"turns":3},{"damage":0,"enemies":"3 Cultists","floor":31,"turns":3},{"damage":14,"enemies":"Collector","floor":33,"turns":6},{"damage":15,"enemies":"3 Darklings","floor":35,"turns":5},{"damage":0,"enemies":"Orb Walker","floor":39,"turns":2},{"damage":10,"enemies":"Giant Head","floor":44,"turns":6},{"damage":17,"enemies":"Reptomancer","floor":46,"turns":4},{"damage":20,"enemies":"Mind Bloom Boss Battle","floor":47,"turns":6},{"damage":34,"enemies":"Giant Head","floor":48,"turns":6},{"damage":130,"enemies":"Awakened One","floor":50,"turns":8}],"seed_played":"6689374607246800836","potions_obtained":[{"floor":1,"key":"SteroidPotion"},{"floor":2,"key":"DistilledChaos"},{"floor":16,"key":"FairyPotion"},{"floor":22,"key":"BlessingOfTheForge"},{"floor":29,"key":"Block Potion"}],"is_trial":false,"path_per_floor":["M","M","?","M","M","E","R","M","T","?","M","M","R","E","R","B",null,"M","M","?","$","M","R","E","R","T","E","T","E","?","M","R","B",null,"M","?","T","?","M","R","$","R","T","E","R","E","?","E","R","B"],"character_chosen":"IRONCLAD","items_purchased":["Bronze Scales","Reaper","Flash of Steel"],"campfire_rested":1,"item_purchase_floors":[21,41,41],"current_hp_per_floor":[65,61,35,35,35,17,17,17,17,35,35,35,35,35,35,35,65,65,56,56,56,56,56,39,39,39,39,39,28,28,28,50,36,65,50,50,50,50,50,50,50,50,50,40,52,58,65,66,75,0,0],"gold":292,"neow_bonus":"BOSS_RELIC","is_daily":false,"chose_seed":false,"campfire_upgraded":8,"win_rate":0.0,"timestamp":1612044683,"path_taken":["M","M","?","M","M","E","R","M","T","?","M","M","R","E","R","BOSS","M","M","?","$","M","R","E","R","T","E","?","E","?","M","R","BOSS","M","?","?","?","M","R","$","R","T","E","R","E","?","E","R","BOSS"],"items_purchased_type":["Relic","Card","Card"],"build_version":"2020-12-22","purchased_purges":1,"victory":false,"max_hp_per_floor":[75,75,75,75,75,75,75,75,75,75,75,75,75,75,75,75,75,75,75,75,75,75,75,75,75,75,75,75,75,75,75,75,75,75,75,75,75,75,75,75,75,75,75,75,75,75,75,75,75,75,75],"relic_stats":{"Darkstone Periapt":0,"Happy Flower":[26],"counters":[25,98],"Eternal Feather":21,"PreservedInsect":0,"Juzu Bracelet":2,"Smiling Mask":0,"Sozu":3,"Ornamental Fan":[36],"Bronze Scales":[147],"Pandora\u0027s Box":["Iron Wave","Uppercut","Armaments","Shockwave","Pummel","Dropkick","Fire Breathing","Pummel","Combust"],"Tiny Chest":1,"obtain_stats":[{"Darkstone Periapt":14,"Girya":47,"Happy Flower":6,"Vajra":26,"Eternal Feather":44,"PreservedInsect":48,"Juzu Bracelet":29,"Smiling Mask":46,"Burning Blood":0,"Akabeko":9,"Sozu":34,"Ornamental Fan":37,"Bronze Scales":21,"Philosopher\u0027s Stone":0,"Pandora\u0027s Box":17,"Tiny Chest":27,"FossilizedHelix":3,"Red Skull":28,"Pocketwatch":24},{"Darkstone Periapt":9,"Girya":23,"Happy Flower":5,"Vajra":14,"Eternal Feather":21,"PreservedInsect":24,"Juzu Bracelet":16,"Smiling Mask":22,"Burning Blood":0,"Akabeko":6,"Sozu":18,"Ornamental Fan":19,"Bronze Scales":12,"Philosopher\u0027s Stone":0,"Pandora\u0027s Box":10,"Tiny Chest":15,"FossilizedHelix":2,"Red Skull":15,"Pocketwatch":14},{"Darkstone Periapt":29,"Girya":84,"Happy Flower":18,"Vajra":46,"Eternal Feather":74,"PreservedInsect":90,"Juzu Bracelet":52,"Smiling Mask":78,"Burning Blood":0,"Akabeko":21,"Sozu":61,"Ornamental Fan":66,"Bronze Scales":42,"Philosopher\u0027s Stone":0,"Pandora\u0027s Box":36,"Tiny Chest":49,"FossilizedHelix":6,"Red Skull":49,"Pocketwatch":46}],"Pocketwatch":[66]},"card_choices":[{"not_picked":["Headbutt","Armaments"],"picked":"Twin Strike","floor":1},{"not_picked":["Shrug It Off","Burning Pact"],"picked":"Fire Breathing","floor":2},{"not_picked":["Metallicize","Thunderclap"],"picked":"Cleave","floor":4},{"not_picked":["Sentinel","Pummel"],"picked":"Inflame","floor":5},{"not_picked":["Dark Embrace","True Grit"],"picked":"Corruption","floor":6},{"not_picked":["Combust","Rampage"],"picked":"Flame Barrier","floor":8},{"not_picked":["Iron Wave","Warcry","Rampage"],"picked":"SKIP","floor":11},{"not_picked":["Cleave","Body Slam","Thunderclap"],"picked":"SKIP","floor":12},{"not_picked":["Sever Soul","Headbutt"],"picked":"Sentinel","floor":14},{"not_picked":["Corruption","Brutality"],"picked":"Bludgeon","floor":16},{"not_picked":["Clothesline","Rampage","Heavy Blade+1"],"picked":"SKIP","floor":18},{"not_picked":["Flex","Shockwave"],"picked":"Sentinel","floor":19},{"not_picked":["Cleave","Dropkick"],"picked":"Power Through","floor":22},{"not_picked":["Dual Wield","Shockwave","Cleave"],"picked":"SKIP","floor":24},{"not_picked":["Heavy Blade","Uppercut","Hemokinesis"],"picked":"SKIP","floor":27},{"not_picked":["Brutality","Anger"],"picked":"Spot Weakness","floor":29},{"not_picked":["Sentinel","Thunderclap","Fire Breathing"],"picked":"SKIP","floor":31},{"not_picked":["Berserk","Juggernaut"],"picked":"Demon Form","floor":33},{"not_picked":["Spot Weakness","Rupture","Dropkick"],"picked":"SKIP","floor":35},{"not_picked":["Uppercut","Iron Wave","Evolve"],"picked":"SKIP","floor":39},{"not_picked":["Dropkick","Rupture","Searing Blow"],"picked":"SKIP","floor":44},{"not_picked":["Perfected Strike","Sword Boomerang","Anger"],"picked":"SKIP","floor":46},{"not_picked":["Power Through+1","Inflame+1","Clash"],"picked":"SKIP","floor":48}],"player_experience":1031235,"relics_obtained":[{"floor":6,"key":"Happy Flower"},{"floor":9,"key":"Akabeko"},{"floor":14,"key":"Darkstone Periapt"},{"floor":24,"key":"Pocketwatch"},{"floor":26,"key":"Vajra"},{"floor":27,"key":"Tiny Chest"},{"floor":28,"key":"Red Skull"},{"floor":29,"key":"Juzu Bracelet"},{"floor":37,"key":"Ornamental Fan"},{"floor":44,"key":"Eternal Feather"},{"floor":46,"key":"Smiling Mask"},{"floor":47,"key":"Girya"},{"floor":48,"key":"PreservedInsect"}],"event_choices":[{"damage_healed":0,"gold_gain":0,"player_choice":"Success","damage_taken":26,"relics_obtained":["FossilizedHelix"],"max_hp_gain":0,"max_hp_loss":0,"event_name":"Scrap Ooze","floor":3,"gold_loss":0},{"damage_healed":18,"gold_gain":0,"player_choice":"Healed","damage_taken":0,"max_hp_gain":0,"max_hp_loss":0,"event_name":"The Cleric","floor":10,"gold_loss":35},{"cards_removed":["Fire Breathing"],"damage_healed":0,"gold_gain":0,"player_choice":"Elegance","damage_taken":0,"max_hp_gain":0,"max_hp_loss":0,"event_name":"Back to Basics","floor":20,"gold_loss":0},{"damage_healed":0,"gold_gain":0,"player_choice":"Forge","damage_taken":0,"max_hp_gain":0,"max_hp_loss":0,"event_name":"Accursed Blacksmith","floor":30,"gold_loss":0,"cards_upgraded":["Shockwave"]},{"cards_removed":["Inflame"],"damage_healed":0,"gold_gain":0,"player_choice":"Removed Power","damage_taken":0,"max_hp_gain":0,"max_hp_loss":0,"event_name":"Falling","floor":36,"gold_loss":0},{"damage_healed":0,"gold_gain":0,"player_choice":"Ignored","damage_taken":0,"max_hp_gain":0,"max_hp_loss":0,"event_name":"Tomb of Lord Red Mask","floor":38,"gold_loss":0},{"damage_healed":0,"gold_gain":0,"player_choice":"Fight","damage_taken":0,"max_hp_gain":0,"max_hp_loss":0,"event_name":"MindBloom","floor":47,"gold_loss":0}],"is_beta":false,"boss_relics":[{"not_picked":["Ectoplasm","Mark of Pain"],"picked":"Pandora\u0027s Box"},{"not_picked":["Astrolabe","Runic Pyramid"],"picked":"Sozu"}],"items_purged_floors":[41],"is_endless":false,"potions_floor_spawned":[1,2,6,11,14,16,22,29,31,39,46,47],"killed_by":"Awakened One","ascension_level":20}}