{"host":"xm0tf1maiknh0fp9","time":1612027434,"event":{"mods":["BaseMod","Colored Map","Colored Powertips","Googly Eyes","Minty Spire (QoL Compilation)","Replay The Spire","StSLib"],"gold_per_floor":[14,14,14,24,24,24,38,69,69,69,85,85,85,99,99,195,195,209,280,297,312,237,271,271,304,304,304,358,383,396,423,423,423,423],"floor_reached":33,"language":"ENG","playtime":662,"items_purged":["Strike_P"],"score":544,"play_id":"54fe8491-d1d3-4072-9fbd-c0a34c5ad24d","local_time":"20210130122354","is_ascension_mode":true,"campfire_choices":[{"data":"Eruption","floor":6.0,"key":"SMITH"},{"floor":10.0,"key":"REST"},{"floor":12.0,"key":"REST"},{"data":"Vigilance","floor":15.0,"key":"SMITH"},{"data":"Grand Finale","floor":24.0,"key":"SMITH"},{"data":"Defend_P","floor":32.0,"key":"SMITH"}],"circlet_count":0,"master_deck":["Strike_P","Strike_P+1","Strike_P","Defend_P+1","Defend_P","Defend_P","Defend_P","Eruption+1","Vigilance+1","Grand Finale+1"],"relics":["Incense Burner","Gambling Chip","Replay:M_StaffOfTheSnake","Replay:Baseball","ReplayTheSpireMod:Shallot","SlaversCollar","Blood Vial","CaptainsWheel","Bag of Marbles","Chameleon Ring","Pen Nib","Boot","Anchor"],"acts_visited":["Exordium","TheCity"],"potions_floor_usage":[],"damage_taken":[{"damage":2.0,"enemies":"Jaw Worm","floor":1.0,"turns":7.0},{"damage":3.0,"enemies":"2 Louse","floor":4.0,"turns":3.0},{"damage":0.0,"enemies":"Small Slimes","floor":7.0,"turns":2.0},{"damage":28.0,"enemies":"3 Sentries","floor":8.0,"turns":16.0},{"damage":0.0,"enemies":"Looter","floor":11.0,"turns":3.0},{"damage":0.0,"enemies":"2 Fungi Beasts","floor":14.0,"turns":2.0},{"damage":1.0,"enemies":"Slime Boss","floor":16.0,"turns":6.0},{"damage":0.0,"enemies":"Shell Parasite","floor":18.0,"turns":1.0},{"damage":0.0,"enemies":"2 Thieves","floor":20.0,"turns":1.0},{"damage":0.0,"enemies":"Chosen and Byrds","floor":21.0,"turns":1.0},{"damage":0.0,"enemies":"Slavers","floor":23.0,"turns":1.0},{"damage":11.0,"enemies":"Book of Stabbing","floor":25.0,"turns":5.0},{"damage":0.0,"enemies":"Gremlin Leader","floor":29.0,"turns":1.0},{"damage":0.0,"enemies":"Snecko","floor":30.0,"turns":1.0},{"damage":0.0,"enemies":"Slavers","floor":31.0,"turns":1.0},{"damage":0,"enemies":"Automaton","floor":33,"turns":1}],"seed_played":"-297288068863133011","potions_obtained":[{"floor":4.0,"key":"Dexterity Potion"},{"floor":8.0,"key":"Cursed Concoction"},{"floor":11.0,"key":"Weak Potion"},{"floor":19.0,"key":"LifebloodPotion"},{"floor":20.0,"key":"SteroidPotion"}],"is_trial":false,"path_per_floor":["M","?","?","M","?","R","M","E","T","R","M","R","?","M","R","B",null,"M","?","M","M","$","E","R","E","T","?","T","E","M","E","R","B"],"character_chosen":"WATCHER","items_purchased":[],"campfire_rested":2,"item_purchase_floors":[],"current_hp_per_floor":[70,70,45,42,42,42,42,14,14,35,35,56,72,72,72,71,72,72,44,46,48,48,50,50,41,41,41,41,43,45,47,47,49,49],"gold":423,"neow_bonus":"ONE_RARE_RELIC","is_daily":false,"chose_seed":false,"campfire_upgraded":4,"win_rate":0.0,"timestamp":1612027434,"path_taken":["M","?","?","M","?","R","?","E","T","R","M","R","?","M","R","BOSS","M","?","M","M","$","E","R","E","T","?","?","E","M","E","R","BOSS"],"items_purchased_type":[],"build_version":"2020-12-22","purchased_purges":1,"victory":false,"max_hp_per_floor":[72,72,72,72,72,72,72,72,72,72,72,72,72,72,72,72,72,72,72,72,72,72,72,72,72,72,72,72,72,72,72,72,72,72],"card_choices":[{"not_picked":["JustLucky","Replay:AtTheReady","Replay:Battleflow"],"picked":"SKIP","floor":1.0},{"not_picked":["Indignation","Replay:ManipulateFuture","Crescendo"],"picked":"SKIP","floor":4.0},{"not_picked":["WaveOfTheHand","Omniscience","ThirdEye"],"picked":"SKIP","floor":7.0},{"not_picked":["Collect","ThirdEye","Flying Knee"],"picked":"SKIP","floor":8.0},{"not_picked":["DeceiveReality","SignatureMove","ForeignInfluence"],"picked":"SKIP","floor":11.0},{"not_picked":["ThirdEye","Well Laid Plans","DeceiveReality"],"picked":"SKIP","floor":14.0},{"not_picked":["Devotion","Bullet Time"],"picked":"Grand Finale","floor":16.0},{"not_picked":["JustLucky","EmptyBody","BattleHymn+1"],"picked":"SKIP","floor":18.0},{"not_picked":["Flying Knee","CutThroughFate+1","EmptyFist"],"picked":"SKIP","floor":20.0},{"not_picked":["Protect+1","ConjureBlade","FlyingSleeves+1"],"picked":"SKIP","floor":21.0},{"not_picked":["Phantasmal Killer","BattleHymn+1","Perseverance+1"],"picked":"SKIP","floor":23.0},{"not_picked":["WreathOfFlame+1","Vengeance+1","Replay:AtTheReady+1"],"picked":"SKIP","floor":25.0},{"not_picked":["Outmaneuver","WaveOfTheHand","MentalFortress"],"picked":"SKIP","floor":29.0},{"not_picked":["Replay:Vibes","PathToVictory","Indignation"],"picked":"SKIP","floor":30.0},{"not_picked":["Adrenaline","Replay:AtTheReady","JustLucky"],"picked":"SKIP","floor":31.0}],"player_experience":158240,"relics_obtained":[{"floor":8.0,"key":"Replay:Baseball"},{"floor":9.0,"key":"ReplayTheSpireMod:Shallot"},{"floor":19.0,"key":"Blood Vial"},{"floor":23.0,"key":"CaptainsWheel"},{"floor":25.0,"key":"Bag of Marbles"},{"floor":26.0,"key":"Chameleon Ring"},{"floor":28.0,"key":"Pen Nib"},{"floor":29.0,"key":"Boot"},{"floor":31.0,"key":"Anchor"}],"event_choices":[{"damage_healed":0.0,"max_hp_gain":0.0,"max_hp_loss":0.0,"gold_gain":0.0,"event_name":"Scrap Ooze","player_choice":"Success","floor":3.0,"gold_loss":0.0,"damage_taken":25.0,"relics_obtained":["Gambling Chip"]},{"damage_healed":24.0,"max_hp_gain":0.0,"max_hp_loss":0.0,"gold_gain":0.0,"event_name":"Big Fish","player_choice":"Banana","floor":13.0,"gold_loss":0.0,"damage_taken":0.0},{"damage_healed":0.0,"max_hp_gain":0.0,"max_hp_loss":0.0,"gold_gain":0.0,"event_name":"Cursed Tome","player_choice":"Ignored","floor":27.0,"gold_loss":0.0,"damage_taken":0.0}],"is_beta":false,"boss_relics":[{"not_picked":["Snecko Eye","SacredBark"],"picked":"SlaversCollar"}],"items_purged_floors":[22],"is_endless":false,"potions_floor_spawned":[4,8,11,20,23,29,30,31],"killed_by":"Automaton","ascension_level":3}}