{"host":"w3q5ijqu8eoknil3","time":1612026926,"event":{"mods":["AchievementEnabler","BaseMod","Block Reminder","Colored Map","Colored Powertips","Curses Come First","Dark Map","Minty Spire (QoL Compilation)","Quick Restart","Relic Stats","StSLib","ojb\u0027s Better Paths Mod","ojb\u0027s Info Mod","slay the spire mod where everything is the same but ironclad has a cowboy hat"],"gold_per_floor":[109,89,100,100,116,116,126,126,126,140,173,173,185,210,210,281,281,300,315,331,331,331],"floor_reached":21,"language":"ENG","playtime":601,"items_purged":[],"score":376,"play_id":"20455209-4298-4580-a279-e52c14b230eb","local_time":"20210130171526","is_ascension_mode":true,"campfire_choices":[{"floor":15,"key":"REST"}],"circlet_count":0,"master_deck":["AscendersBane","Strike_G","Defend_G","Defend_G","Defend_G","Defend_G","Defend_G","Survivor","Neutralize","Bane","Corpse Explosion","Poisoned Stab","Accuracy","Choke","Blade Dance","Leg Sweep","Blade Dance","Glass Knife","Adrenaline","Dagger Spray+1","Night Terror+1","Eviscerate+1","Infinite Blades+1","PiercingWail"],"relics":["Ring of the Snake","NeowsBlessing","Paper Crane","Pantograph","Bag of Marbles","Eternal Feather","Astrolabe"],"acts_visited":["Exordium","TheCity"],"potions_floor_usage":[7,7,18,19],"damage_taken":[{"damage":0,"enemies":"Small Slimes","floor":1,"turns":1},{"damage":0,"enemies":"Cultist","floor":3,"turns":1},{"damage":0,"enemies":"Jaw Worm","floor":5,"turns":1},{"damage":6,"enemies":"Looter","floor":7,"turns":3},{"damage":12,"enemies":"Large Slime","floor":10,"turns":5},{"damage":10,"enemies":"3 Sentries","floor":11,"turns":2},{"damage":10,"enemies":"Exordium Wildlife","floor":13,"turns":2},{"damage":23,"enemies":"Lagavulin","floor":14,"turns":7},{"damage":22,"enemies":"The Guardian","floor":16,"turns":14},{"damage":0,"enemies":"Chosen","floor":18,"turns":3},{"damage":17,"enemies":"Shell Parasite","floor":19,"turns":6},{"damage":11,"enemies":"Centurion and Healer","floor":20,"turns":4},{"damage":36,"enemies":"Snake Plant","floor":21,"turns":3}],"seed_played":"-7551328746076630349","potions_obtained":[{"floor":1,"key":"SpeedPotion"},{"floor":2,"key":"GamblersBrew"},{"floor":5,"key":"CunningPotion"},{"floor":16,"key":"BlessingOfTheForge"},{"floor":18,"key":"DistilledChaos"}],"is_trial":false,"path_per_floor":["M","?","M","?","M","?","M","T","T","M","E","?","M","E","R","B",null,"M","M","M","M"],"character_chosen":"THE_SILENT","items_purchased":[],"campfire_rested":1,"item_purchase_floors":[],"current_hp_per_floor":[59,59,59,64,64,64,58,58,58,46,36,36,26,3,36,39,63,63,46,35,0,0],"gold":331,"neow_bonus":"THREE_ENEMY_KILL","is_daily":false,"chose_seed":false,"campfire_upgraded":0,"win_rate":0.0,"timestamp":1612026926,"path_taken":["M","?","?","?","M","?","M","?","T","M","E","?","M","E","R","BOSS","M","M","M","M"],"items_purchased_type":[],"build_version":"2020-12-22","purchased_purges":0,"victory":false,"max_hp_per_floor":[66,66,66,71,71,71,71,71,71,71,71,71,71,71,71,71,71,71,71,71,71,71],"relic_stats":{"counters":[13,52],"Pantograph":25,"Astrolabe":["Dagger Spray","Night Terror","Eviscerate"],"Eternal Feather":12,"obtain_stats":[{"NeowsBlessing":0,"Pantograph":9,"Astrolabe":17,"Eternal Feather":14,"Bag of Marbles":11,"Paper Crane":8,"Ring of the Snake":0},{"NeowsBlessing":0,"Pantograph":4,"Astrolabe":9,"Eternal Feather":8,"Bag of Marbles":6,"Paper Crane":4,"Ring of the Snake":0},{"NeowsBlessing":0,"Pantograph":6,"Astrolabe":36,"Eternal Feather":22,"Bag of Marbles":13,"Paper Crane":6,"Ring of the Snake":0}],"Ring of the Snake":[26]},"card_choices":[{"not_picked":["Acrobatics","Quick Slash"],"picked":"Bane","floor":1},{"not_picked":["Dagger Spray","Accuracy"],"picked":"Corpse Explosion","floor":3},{"not_picked":["Outmaneuver","Calculated Gamble"],"picked":"Poisoned Stab","floor":5},{"not_picked":["Sucker Punch","Prepared"],"picked":"Choke","floor":7},{"not_picked":["Flying Knee","Endless Agony"],"picked":"Blade Dance","floor":10},{"not_picked":["Masterful Stab","Endless Agony"],"picked":"Leg Sweep","floor":11},{"not_picked":["Underhanded Strike","Bane"],"picked":"Blade Dance","floor":13},{"not_picked":["Deflect","Noxious Fumes"],"picked":"Glass Knife","floor":14},{"not_picked":["Burst","Die Die Die"],"picked":"Adrenaline","floor":16},{"not_picked":["Prepared","Slice"],"picked":"Infinite Blades+1","floor":18},{"not_picked":["Dodge and Roll","Tactician","Quick Slash"],"picked":"SKIP","floor":19},{"not_picked":["Flying Knee","Deadly Poison"],"picked":"PiercingWail","floor":20}],"player_experience":1024118,"relics_obtained":[{"floor":8,"key":"Paper Crane"},{"floor":9,"key":"Pantograph"},{"floor":11,"key":"Bag of Marbles"},{"floor":14,"key":"Eternal Feather"}],"event_choices":[{"damage_healed":0,"gold_gain":0,"player_choice":"Bought 1 Potion","damage_taken":0,"max_hp_gain":0,"max_hp_loss":0,"event_name":"The Woman in Blue","floor":2,"gold_loss":0},{"damage_healed":0,"gold_gain":0,"player_choice":"Donut","damage_taken":0,"max_hp_gain":5,"max_hp_loss":0,"event_name":"Big Fish","floor":4,"gold_loss":0},{"damage_healed":0,"gold_gain":0,"cards_transformed":["Strike_G"],"player_choice":"Change","damage_taken":0,"max_hp_gain":0,"max_hp_loss":0,"event_name":"Living Wall","floor":6,"gold_loss":0,"cards_obtained":["Accuracy"]},{"damage_healed":0,"gold_gain":0,"player_choice":"Ignored","damage_taken":0,"max_hp_gain":0,"max_hp_loss":0,"event_name":"Liars Game","floor":12,"gold_loss":0}],"is_beta":false,"boss_relics":[{"not_picked":["Sozu","Cursed Key"],"picked":"Astrolabe"}],"items_purged_floors":[],"is_endless":false,"potions_floor_spawned":[1,5,16,18],"killed_by":"Snake Plant","ascension_level":19}}