{"host":"qgrlfjrqk9z96gfi","time":1612031663,"event":{"mods":["BaseMod","Block Reminder","Colored Map","Custom Start","DeckTracker","Minty Spire (QoL Compilation)"],"gold_per_floor":[115,115,265,265,284,284,310,325,397,5,21,21,32,67,67,141,141,160,160,171,71,87,87,87,87],"floor_reached":24,"language":"ENG","playtime":691,"items_purged":["Strike_G","Doubt"],"score":462,"play_id":"7cdd1098-886b-40e4-af1d-e757ea7ff33c","local_time":"20210130083423","is_ascension_mode":true,"campfire_choices":[{"data":"Skewer","floor":6,"key":"SMITH"},{"data":"Neutralize","floor":12,"key":"SMITH"},{"data":"Noxious Fumes","floor":15,"key":"SMITH"},{"data":"Ghostly","floor":23,"key":"SMITH"}],"circlet_count":0,"master_deck":["AscendersBane","Strike_G","Strike_G","Strike_G","Defend_G","Defend_G","Defend_G","Defend_G","Defend_G","Survivor","Neutralize+1","All Out Attack","Skewer+1","Cloak And Dagger","PiercingWail","Dagger Throw","Footwork","Noxious Fumes+1","Die Die Die","Dodge and Roll","Ghostly+1","Ghostly","Ghostly","Footwork","Catalyst"],"relics":["Ring of the Snake","NeowsBlessing","Omamori","White Beast Statue","Paper Crane","Bottled Tornado","SlaversCollar"],"acts_visited":["Exordium","TheCity"],"potions_floor_usage":[14,16,16,16,20],"damage_taken":[{"damage":0,"enemies":"Small Slimes","floor":1,"turns":1},{"damage":0,"enemies":"2 Louse","floor":5,"turns":1},{"damage":0,"enemies":"Lagavulin","floor":7,"turns":1},{"damage":0,"enemies":"Cultist","floor":8,"turns":3},{"damage":12,"enemies":"Exordium Thugs","floor":11,"turns":6},{"damage":1,"enemies":"Looter","floor":13,"turns":4},{"damage":22,"enemies":"3 Sentries","floor":14,"turns":8},{"damage":21,"enemies":"Hexaghost","floor":16,"turns":11},{"damage":22,"enemies":"Spheric Guardian","floor":18,"turns":6},{"damage":7,"enemies":"Chosen","floor":20,"turns":8},{"damage":6,"enemies":"Sentry and Sphere","floor":22,"turns":6},{"damage":26,"enemies":"3 Cultists","floor":24,"turns":4}],"seed_played":"-943742990619876138","potions_obtained":[{"floor":1,"key":"AttackPotion"},{"floor":8,"key":"Explosive Potion"},{"floor":14,"key":"AttackPotion"},{"floor":16,"key":"EntropicBrew"},{"floor":18,"key":"Dexterity Potion"},{"floor":20,"key":"Fruit Juice"},{"floor":22,"key":"BlessingOfTheForge"}],"is_trial":false,"path_per_floor":["M","?","?","?","M","R","E","M","T","$","M","R","M","E","R","B",null,"M","?","M","$","M","R","M"],"character_chosen":"THE_SILENT","items_purchased":["Paper Crane","Footwork"],"campfire_rested":0,"item_purchase_floors":[10,10],"current_hp_per_floor":[59,64,64,64,64,64,64,64,64,64,52,52,51,29,29,8,55,33,33,31,31,25,25,0,0],"gold":87,"neow_bonus":"THREE_ENEMY_KILL","is_daily":false,"chose_seed":false,"campfire_upgraded":4,"win_rate":0.0,"timestamp":1612031663,"path_taken":["M","?","?","?","?","R","E","M","T","?","M","R","M","E","R","BOSS","M","?","M","$","M","R","M"],"items_purchased_type":["Relic","Card"],"build_version":"2020-12-22","purchased_purges":2,"victory":false,"max_hp_per_floor":[66,71,71,71,71,71,71,71,71,71,71,71,71,71,71,71,71,71,35,40,40,40,40,40,40],"card_choices":[{"not_picked":["Slice","Dodge and Roll"],"picked":"All Out Attack","floor":1},{"not_picked":["Sucker Punch","Skewer"],"picked":"Cloak And Dagger","floor":5},{"not_picked":["Sucker Punch","Escape Plan"],"picked":"PiercingWail","floor":7},{"not_picked":["Bane","Acrobatics"],"picked":"Dagger Throw","floor":8},{"not_picked":["Outmaneuver","Dagger Throw","Bane"],"picked":"SKIP","floor":11},{"not_picked":["Sucker Punch","Choke"],"picked":"Noxious Fumes","floor":13},{"not_picked":["Riddle With Holes","Cloak And Dagger","Bane"],"picked":"SKIP","floor":14},{"not_picked":["Envenom","A Thousand Cuts"],"picked":"Die Die Die","floor":16},{"not_picked":["Slice","Finisher"],"picked":"Dodge and Roll","floor":18},{"not_picked":["Flying Knee","Quick Slash"],"picked":"Footwork","floor":20},{"not_picked":["Outmaneuver","Setup"],"picked":"Catalyst","floor":22}],"player_experience":1084137,"relics_obtained":[{"floor":7,"key":"Omamori"},{"floor":9,"key":"White Beast Statue"},{"floor":14,"key":"Bottled Tornado"}],"event_choices":[{"damage_healed":0,"gold_gain":0,"player_choice":"Donut","damage_taken":0,"max_hp_gain":5,"max_hp_loss":0,"event_name":"Big Fish","floor":2,"gold_loss":0},{"damage_healed":0,"gold_gain":150,"player_choice":"AGREE","damage_taken":0,"max_hp_gain":0,"max_hp_loss":0,"event_name":"Liars Game","floor":3,"gold_loss":0,"cards_obtained":["Doubt"]},{"damage_healed":0,"gold_gain":0,"cards_transformed":["Strike_G"],"player_choice":"Transformed","damage_taken":0,"max_hp_gain":0,"max_hp_loss":0,"event_name":"Transmorgrifier","floor":4,"gold_loss":0,"cards_obtained":["Skewer"]},{"damage_healed":0,"gold_gain":0,"player_choice":"Became a Ghost","damage_taken":0,"max_hp_gain":0,"max_hp_loss":36,"event_name":"Ghosts","floor":19,"gold_loss":0,"cards_obtained":["Ghostly","Ghostly","Ghostly"]}],"is_beta":false,"boss_relics":[{"not_picked":["Philosopher\u0027s Stone","Fusion Hammer"],"picked":"SlaversCollar"}],"items_purged_floors":[10,21],"is_endless":false,"potions_floor_spawned":[1,8,11,13,14,16,18,20,22],"killed_by":"3 Cultists","ascension_level":20}}