{"host":"9qk11wtevf51xvhl","time":1612040173,"event":{"mods":["BaseMod","Minty Spire (QoL Compilation)"],"gold_per_floor":[10,10,10,10,27,59,72,106,106,106,8,27,27,53,53,156,156,169,169,189,205,480,505,505,505],"floor_reached":24,"language":"ENG","playtime":1800,"items_purged":["Stack"],"score":257,"play_id":"3db3ac8d-ca38-40dd-896a-5198f482e590","local_time":"20210130215613","is_ascension_mode":true,"campfire_choices":[{"floor":13,"key":"REST"},{"data":"Storm","floor":15,"key":"SMITH"}],"circlet_count":0,"master_deck":["Strike_B","Strike_B","Defend_B","Defend_B","Defend_B","Defend_B","Zap","Dualcast","Cold Snap","Storm+1","Loop","Self Repair","Creative AI+1","Conserve Battery","Leap","Lockon","Creative AI","Leap+1","BootSequence","Sunder+1","Regret"],"relics":["Cracked Core","Darkstone Periapt","Ancient Tea Set","HornCleat","Mummified Hand","Dead Branch","Inserter","Molten Egg 2"],"acts_visited":["Exordium","TheCity"],"potions_floor_usage":[8,16,24],"damage_taken":[{"damage":1,"enemies":"Cultist","floor":1,"turns":4},{"damage":3,"enemies":"Small Slimes","floor":5,"turns":4},{"damage":33,"enemies":"Lagavulin","floor":6,"turns":8},{"damage":0,"enemies":"2 Louse","floor":7,"turns":4},{"damage":14,"enemies":"Gremlin Nob","floor":8,"turns":4},{"damage":1,"enemies":"Exordium Thugs","floor":12,"turns":4},{"damage":6,"enemies":"Lagavulin","floor":14,"turns":5},{"damage":6,"enemies":"The Guardian","floor":16,"turns":8},{"damage":6,"enemies":"Spheric Guardian","floor":18,"turns":4},{"damage":15,"enemies":"Chosen","floor":20,"turns":5},{"damage":19,"enemies":"Sentry and Sphere","floor":21,"turns":5},{"damage":29,"enemies":"Gremlin Leader","floor":23,"turns":6},{"damage":46,"enemies":"3 Cultists","floor":24,"turns":5}],"seed_played":"-465299262542122361","potions_obtained":[{"floor":6,"key":"Block Potion"},{"floor":8,"key":"Weak Potion"},{"floor":14,"key":"LiquidBronze"},{"floor":18,"key":"Ancient Potion"},{"floor":23,"key":"Explosive Potion"}],"is_trial":false,"path_per_floor":["M","T","$","?","M","E","M","E","T","?","$","M","R","E","R","B",null,"M","?","M","M","?","E","M"],"character_chosen":"DEFECT","items_purchased":["Conserve Battery"],"campfire_rested":1,"item_purchase_floors":[11],"current_hp_per_floor":[74,74,74,67,64,31,31,24,24,24,24,30,52,53,53,54,75,75,75,67,55,61,39,0,0],"gold":505,"neow_bonus":"TRANSFORM_TWO_CARDS","is_daily":false,"chose_seed":false,"campfire_upgraded":1,"win_rate":0.0,"timestamp":1612040173,"path_taken":["M","?","?","?","M","E","M","E","T","?","$","?","R","E","R","BOSS","M","?","M","M","?","E","M"],"items_purchased_type":["Card"],"build_version":"2020-12-22","purchased_purges":1,"victory":false,"max_hp_per_floor":[75,75,75,75,75,75,75,75,75,75,75,75,75,75,75,75,75,75,75,75,75,81,81,81,81],"card_choices":[{"not_picked":["Beam Cell","Compile Driver"],"picked":"Cold Snap","floor":1},{"not_picked":["Conserve Battery","Darkness"],"picked":"Storm","floor":5},{"not_picked":["Hyperbeam","Leap"],"picked":"Loop","floor":6},{"not_picked":["Beam Cell","Steam"],"picked":"Self Repair","floor":7},{"not_picked":["Conserve Battery","Rebound"],"picked":"Creative AI","floor":8},{"not_picked":["Barrage","Double Energy"],"picked":"Leap","floor":12},{"not_picked":["Core Surge","Cold Snap"],"picked":"Lockon","floor":14},{"not_picked":["Buffer","Biased Cognition"],"picked":"Creative AI","floor":16},{"not_picked":["Chaos","Coolheaded"],"picked":"Leap+1","floor":18},{"not_picked":["Force Field","Cold Snap"],"picked":"Sunder+1","floor":20},{"not_picked":["Genetic Algorithm","Redo","Steam"],"picked":"SKIP","floor":21},{"not_picked":["Compile Driver+1","Biased Cognition","Leap"],"picked":"SKIP","floor":23}],"player_experience":564966,"relics_obtained":[{"floor":2,"key":"Darkstone Periapt"},{"floor":6,"key":"Ancient Tea Set"},{"floor":8,"key":"HornCleat"},{"floor":9,"key":"Mummified Hand"},{"floor":14,"key":"Dead Branch"},{"floor":23,"key":"Molten Egg 2"}],"event_choices":[{"cards_removed":["Consume"],"damage_healed":0,"gold_gain":0,"player_choice":"Card Removal","damage_taken":7,"max_hp_gain":0,"max_hp_loss":0,"event_name":"Golden Wing","floor":4,"gold_loss":0},{"damage_healed":0,"gold_gain":0,"player_choice":"Upgraded","damage_taken":0,"max_hp_gain":0,"max_hp_loss":0,"event_name":"Upgrade Shrine","floor":10,"gold_loss":0,"cards_upgraded":["Creative AI"]},{"damage_healed":0,"gold_gain":0,"player_choice":"Read","damage_taken":0,"max_hp_gain":0,"max_hp_loss":0,"event_name":"The Library","floor":19,"gold_loss":0,"cards_obtained":["BootSequence"]},{"damage_healed":0,"gold_gain":275,"player_choice":"Desecrate","damage_taken":0,"max_hp_gain":0,"max_hp_loss":0,"event_name":"Golden Shrine","floor":22,"gold_loss":0,"cards_obtained":["Regret"]}],"is_beta":false,"boss_relics":[{"not_picked":["Nuclear Battery","FrozenCore"],"picked":"Inserter"}],"items_purged_floors":[11],"is_endless":false,"potions_floor_spawned":[6,8,14,18,23],"killed_by":"3 Cultists","ascension_level":2}}