{"host":"d52brwsy6af8zvaq","time":1612044484,"event":{"mods":["AchievementEnabler","BaseMod","Bestiary","Highlight Path","Minty Spire (QoL Compilation)","Quick Restart","Relic Stats","ojb\u0027s Better Paths Mod"],"gold_per_floor":[111,111,128,128,178,178,198,237,237,237,271,311,383,73,73,166,166,185,210,210,210],"floor_reached":20,"language":"ENG","playtime":735,"items_purged":["Injury"],"score":360,"play_id":"68027c96-b5cc-4588-b797-ebe0e7ca0208","local_time":"20210130150804","is_ascension_mode":true,"campfire_choices":[{"data":"Noxious Fumes","floor":6.0,"key":"SMITH"},{"floor":10.0,"key":"REST"},{"data":"Sadistic Nature","floor":15,"key":"SMITH"}],"circlet_count":0,"master_deck":["AscendersBane","Strike_G","Strike_G","Defend_G","Defend_G","Defend_G","Defend_G","Defend_G","Survivor","Neutralize","Sadistic Nature+1","Dagger Spray","Noxious Fumes+1","Leg Sweep","Backstab","Flying Knee","Deadly Poison","Burst","Envenom","Tools of the Trade+1","PiercingWail+1","Bullet Time+1","Deflect","Dodge and Roll"],"relics":["Ring of the Snake","Golden Idol","Pantograph","Question Card","Odd Mushroom","Akabeko","Lee\u0027s Waffle","Astrolabe"],"acts_visited":["Exordium","TheCity"],"potions_floor_usage":[16,20,20],"damage_taken":[{"damage":3.0,"enemies":"Small Slimes","floor":1.0,"turns":5.0},{"damage":3.0,"enemies":"2 Louse","floor":3.0,"turns":2.0},{"damage":6.0,"enemies":"Jaw Worm","floor":7.0,"turns":5.0},{"damage":34.0,"enemies":"Gremlin Nob","floor":8.0,"turns":5.0},{"damage":0.0,"enemies":"The Mushroom Lair","floor":11.0,"turns":3.0},{"damage":14,"enemies":"Lagavulin","floor":12,"turns":8},{"damage":23,"enemies":"Slime Boss","floor":16,"turns":7},{"damage":24,"enemies":"Spheric Guardian","floor":18,"turns":5},{"damage":4,"enemies":"Shell Parasite","floor":19,"turns":4},{"damage":41,"enemies":"Sentry and Sphere","floor":20,"turns":7}],"seed_played":"-8730894866127109572","potions_obtained":[{"floor":3.0,"key":"Explosive Potion"},{"floor":11,"key":"Weak Potion"},{"floor":16,"key":"Fire Potion"},{"floor":18,"key":"Block Potion"}],"is_trial":false,"path_per_floor":["M","?","M","?","?","R","M","E","T","R","?","E","?","$","R","B",null,"M","M","M"],"character_chosen":"THE_SILENT","items_purchased":["Burst","Lee\u0027s Waffle"],"campfire_rested":1,"item_purchase_floors":[14,14],"current_hp_per_floor":[56,56,53,53,53,53,47,13,13,32,32,18,18,73,73,50,67,43,39,0,0],"gold":210,"neow_bonus":"RANDOM_COLORLESS_2","is_daily":false,"chose_seed":false,"campfire_upgraded":2,"win_rate":0.0,"timestamp":1612044484,"path_taken":["M","?","M","?","?","R","?","E","T","R","?","E","?","?","R","BOSS","M","M","M"],"items_purchased_type":["Card","Relic"],"build_version":"2020-12-22","purchased_purges":1,"victory":false,"max_hp_per_floor":[66,66,66,66,66,66,66,66,66,66,66,66,66,73,73,73,73,73,73,73,73],"relic_stats":{"Lee\u0027s Waffle":55,"counters":[10,51],"Golden Idol":62,"Pantograph":0,"Astrolabe":["Tools of the Trade","PiercingWail","Bullet Time"],"Question Card":6,"obtain_stats":[{"Lee\u0027s Waffle":14,"Golden Idol":4,"Pantograph":8,"Astrolabe":17,"Odd Mushroom":11,"Question Card":9,"Akabeko":12,"Ring of the Snake":0},{"Lee\u0027s Waffle":6,"Golden Idol":2,"Pantograph":4,"Astrolabe":7,"Odd Mushroom":5,"Question Card":4,"Akabeko":6,"Ring of the Snake":0},{"Lee\u0027s Waffle":28,"Golden Idol":7,"Pantograph":17,"Astrolabe":35,"Odd Mushroom":20,"Question Card":17,"Akabeko":28,"Ring of the Snake":0}],"Ring of the Snake":[20]},"card_choices":[{"not_picked":["Secret Weapon","Metamorphosis"],"picked":"Sadistic Nature","floor":0.0},{"not_picked":["Slice","Endless Agony"],"picked":"Dagger Spray","floor":1.0},{"not_picked":["All Out Attack","Quick Slash"],"picked":"Noxious Fumes","floor":3.0},{"not_picked":["Prepared","Deflect"],"picked":"Leg Sweep","floor":7.0},{"not_picked":["Dagger Throw","Tactician"],"picked":"Backstab","floor":8.0},{"not_picked":["Leg Sweep","Accuracy","Malaise"],"picked":"Flying Knee","floor":11},{"not_picked":["Outmaneuver","Well Laid Plans","Calculated Gamble"],"picked":"Deadly Poison","floor":12},{"not_picked":["Grand Finale","Burst","Die Die Die"],"picked":"Envenom","floor":16},{"not_picked":["Quick Slash","Dagger Spray","Setup"],"picked":"Deflect","floor":18},{"not_picked":["Cloak And Dagger","Slice","All Out Attack"],"picked":"Dodge and Roll","floor":19}],"player_experience":2082969,"relics_obtained":[{"floor":8.0,"key":"Pantograph"},{"floor":9.0,"key":"Question Card"},{"floor":11,"key":"Odd Mushroom"},{"floor":12,"key":"Akabeko"}],"event_choices":[{"cards_removed":["Normality"],"damage_healed":0.0,"max_hp_gain":0.0,"max_hp_loss":0.0,"gold_gain":0.0,"event_name":"Living Wall","player_choice":"Forget","floor":2.0,"gold_loss":0.0,"damage_taken":0.0},{"damage_healed":0.0,"max_hp_gain":0.0,"max_hp_loss":0.0,"gold_gain":0.0,"event_name":"Golden Idol","player_choice":"Take Wound","floor":4.0,"gold_loss":0.0,"damage_taken":0.0,"relics_obtained":["Golden Idol"],"cards_obtained":["Injury"]},{"damage_healed":0.0,"max_hp_gain":0.0,"max_hp_loss":0.0,"gold_gain":50.0,"event_name":"Golden Shrine","player_choice":"Pray","floor":5.0,"gold_loss":0.0,"damage_taken":0.0},{"damage_healed":0.0,"max_hp_gain":0.0,"max_hp_loss":0.0,"gold_gain":0.0,"event_name":"Mushrooms","player_choice":"Fought Mushrooms","floor":11.0,"gold_loss":0.0,"damage_taken":0.0},{"damage_healed":0,"gold_gain":72,"player_choice":"Gained Gold","damage_taken":0,"max_hp_gain":0,"max_hp_loss":0,"event_name":"Golden Wing","floor":13,"gold_loss":0}],"is_beta":false,"boss_relics":[{"not_picked":["Ectoplasm","Empty Cage"],"picked":"Astrolabe"}],"items_purged_floors":[14],"is_endless":false,"potions_floor_spawned":[3,11,16,18,19],"killed_by":"Sentry and Sphere","ascension_level":20}}