{"host":"sav7uxregyirlf69","time":1612022255,"event":{"mods":["AchievementEnabler","BaseMod","Colored Map","DeckTracker","Keyboard Shortcuts","Minty Spire (QoL Compilation)","READ ME - Guardian Mod","StSLib","SuperFastMode"],"gold_per_floor":[109,123,123,135,135,135,164,183,183,183,201,215,215,234,234,313,313,324,324,340,66,83,83,83],"floor_reached":23,"language":"KOR","playtime":511,"items_purged":["Strike_B"],"score":390,"play_id":"31f342eb-a6b0-476c-a672-04043772d044","local_time":"20210131005735","is_ascension_mode":true,"campfire_choices":[{"data":"Dualcast","floor":6,"key":"SMITH"},{"floor":10,"key":"REST"},{"data":"Streamline","floor":13,"key":"SMITH"},{"data":"Recycle","floor":15,"key":"SMITH"}],"circlet_count":0,"master_deck":["AscendersBane","Strike_B+1","Defend_B","Defend_B+1","Defend_B","Defend_B","Zap","Dualcast+1","Compile Driver","Steam","Sweeping Beam","Go for the Eyes","Streamline+1","Recycle+1","Core Surge","Blizzard","Conserve Battery","Hologram","Coolheaded"],"relics":["FrozenCore","Smiling Mask","Eternal Feather","Bag of Preparation","Regal Pillow","OrangePellets"],"acts_visited":["Exordium","TheCity"],"potions_floor_usage":[16,23],"damage_taken":[{"damage":1,"enemies":"Cultist","floor":1,"turns":3},{"damage":9,"enemies":"Jaw Worm","floor":2,"turns":4},{"damage":10,"enemies":"Small Slimes","floor":4,"turns":3},{"damage":25,"enemies":"Lagavulin","floor":7,"turns":7},{"damage":0,"enemies":"Looter","floor":8,"turns":2},{"damage":0,"enemies":"2 Fungi Beasts","floor":11,"turns":2},{"damage":0,"enemies":"3 Louse","floor":12,"turns":3},{"damage":0,"enemies":"Exordium Wildlife","floor":14,"turns":3},{"damage":9,"enemies":"Slime Boss","floor":16,"turns":8},{"damage":10,"enemies":"Spheric Guardian","floor":18,"turns":5},{"damage":16,"enemies":"3 Byrds","floor":20,"turns":6},{"damage":14,"enemies":"Snake Plant","floor":22,"turns":7},{"damage":31,"enemies":"Gremlin Leader","floor":23,"turns":4}],"seed_played":"-5630142206945550542","potions_obtained":[{"floor":4,"key":"LiquidMemories"},{"floor":8,"key":"Dexterity Potion"},{"floor":12,"key":"Fire Potion"},{"floor":14,"key":"DuplicationPotion"},{"floor":20,"key":"Ancient Potion"}],"is_trial":false,"path_per_floor":["M","M","T","M","?","R","E","M","T","R","M","M","R","M","R","B",null,"M","?","M","$","M","E"],"character_chosen":"DEFECT","items_purchased":["Coolheaded","OrangePellets"],"campfire_rested":1,"item_purchase_floors":[21,21],"current_hp_per_floor":[63,54,54,44,23,29,4,4,4,49,49,49,58,58,67,58,68,58,58,42,42,28,0,0],"gold":83,"neow_bonus":"RANDOM_COMMON_RELIC","is_daily":false,"chose_seed":false,"campfire_upgraded":3,"win_rate":0.0,"timestamp":1612022255,"path_taken":["M","M","?","M","?","R","E","M","T","R","M","M","R","M","R","BOSS","M","?","M","$","M","E"],"items_purchased_type":["Card","Relic"],"build_version":"2020-12-22","purchased_purges":1,"victory":false,"max_hp_per_floor":[71,71,71,71,71,71,71,71,71,71,71,71,71,71,71,71,71,71,71,71,71,71,71,71],"card_choices":[{"not_picked":["Turbo","Aggregate","Heatsinks"],"picked":"SKIP","floor":1},{"not_picked":["Static Discharge","Leap"],"picked":"Compile Driver","floor":2},{"not_picked":["Stack","Heatsinks"],"picked":"Steam","floor":4},{"not_picked":["Heatsinks","Compile Driver"],"picked":"Sweeping Beam","floor":7},{"not_picked":["Beam Cell","Barrage"],"picked":"Go for the Eyes","floor":8},{"not_picked":["Go for the Eyes","Hello World","Redo"],"picked":"SKIP","floor":11},{"not_picked":["Hologram","Turbo"],"picked":"Streamline","floor":12},{"not_picked":["Fission","Conserve Battery"],"picked":"Recycle","floor":14},{"not_picked":["Meteor Strike","All For One"],"picked":"Core Surge","floor":16},{"not_picked":["Go for the Eyes","Storm"],"picked":"Blizzard","floor":18},{"not_picked":["Genetic Algorithm","Conserve Battery","Gash"],"picked":"SKIP","floor":20},{"not_picked":["Conserve Battery","Barrage","Steam"],"picked":"SKIP","floor":22}],"player_experience":1439029,"relics_obtained":[{"floor":3,"key":"Eternal Feather"},{"floor":7,"key":"Bag of Preparation"},{"floor":9,"key":"Regal Pillow"}],"event_choices":[{"damage_healed":0,"gold_gain":0,"player_choice":"Entered Light","damage_taken":21,"max_hp_gain":0,"max_hp_loss":0,"event_name":"Shining Light","floor":5,"gold_loss":0,"cards_upgraded":["Strike_B","Defend_B"]},{"damage_healed":0,"gold_gain":0,"cards_transformed":["Strike_B","Strike_B"],"player_choice":"Became Test Subject","damage_taken":0,"max_hp_gain":0,"max_hp_loss":0,"event_name":"Drug Dealer","floor":19,"gold_loss":0,"cards_obtained":["Conserve Battery","Hologram"]}],"is_beta":false,"boss_relics":[{"not_picked":["Philosopher\u0027s Stone","SlaversCollar"],"picked":"FrozenCore"}],"items_purged_floors":[21],"is_endless":false,"potions_floor_spawned":[4,8,12,14,20],"killed_by":"Gremlin Leader","ascension_level":20}}