{"host":"cbu6enf2xtq4r7r3","time":1612022248,"event":{"mods":["2.2 Compatiblity","AlwaysNeverKeys","BaseMod","Better Match","Better Note","Better Sensory Stone","Better Skull","Better Third Choice","Colored Map","Colored Powertips","Defuse TimeMaze Blight","Emptier Cage","Minty Spire (QoL Compilation)","Permanent Neow","Quick Restart","Random Character Button","Relic Sorter","Reorder Act Four","Shop Mod","StSLib"],"gold_per_floor":[109,122,122,135,149,149,183,194,194,227,227,227,227,244,244,345,345,355,355,365,11,21,21,49,49,129,148,148,176,176,176,176,276,276,292,292,292,139,150,183,183,33,33,49,0,30,30,47,47,47],"floor_reached":51,"language":"ENG","playtime":2095,"items_purged":["Strike_R","Strike_R"],"score":964,"play_id":"46f7967f-4b98-451a-8be6-0c7441cf2b0c","local_time":"20210130165728","is_ascension_mode":true,"campfire_choices":[{"data":"Jack Of All Trades","floor":6,"key":"SMITH"},{"data":"Inflame","floor":11,"key":"SMITH"},{"data":"Armaments","floor":15,"key":"SMITH"},{"data":"Limit Break","floor":23,"key":"SMITH"},{"data":"Metallicize","floor":28,"key":"SMITH"},{"data":"Metallicize","floor":32,"key":"SMITH"},{"data":"Madness","floor":41,"key":"SMITH"},{"data":"Madness","floor":47,"key":"SMITH"},{"data":"Offering","floor":49,"key":"SMITH"}],"circlet_count":0,"master_deck":["Strike_R","Strike_R","Defend_R","Defend_R","Defend_R","Defend_R","Bash","Jack Of All Trades+1","Cleave+1","Cleave+1","Bludgeon","Shrug It Off","Cleave","Inflame+1","Armaments+1","Limit Break+1","Power Through","Battle Trance+1","Shrug It Off","Metallicize+1","Shrug It Off","Metallicize+1","Necronomicurse","Bandage Up","Offering+1","Madness+1","Madness+1","Sword Boomerang","Flame Barrier","Metallicize+1","Pummel+1"],"relics":["Burning Blood","Meat on the Bone","Whetstone","Eternal Feather","Torii","Bottled Lightning","Coffee Dripper","MealTicket","Orichalcum","Necronomicon","Question Card","Mercury Hourglass","SlaversCollar","Gremlin Horn","Medical Kit","Art of War","Red Mask","Regal Pillow"],"acts_visited":["Exordium","TheCity","TheBeyond"],"potions_floor_usage":[8,20,22,24,29,33,40,40,46,50],"damage_taken":[{"damage":7,"enemies":"2 Louse","floor":1,"turns":5},{"damage":0,"enemies":"Cultist","floor":2,"turns":3},{"damage":7,"enemies":"Jaw Worm","floor":4,"turns":3},{"damage":5,"enemies":"2 Fungi Beasts","floor":5,"turns":3},{"damage":27,"enemies":"3 Sentries","floor":7,"turns":8},{"damage":7,"enemies":"Exordium Thugs","floor":8,"turns":4},{"damage":30,"enemies":"Gremlin Nob","floor":10,"turns":4},{"damage":0,"enemies":"Exordium Wildlife","floor":14,"turns":2},{"damage":53,"enemies":"Hexaghost","floor":16,"turns":8},{"damage":7,"enemies":"Shell Parasite","floor":18,"turns":6},{"damage":18,"enemies":"2 Thieves","floor":20,"turns":3},{"damage":12,"enemies":"3 Cultists","floor":22,"turns":6},{"damage":10,"enemies":"Gremlin Leader","floor":24,"turns":5},{"damage":0,"enemies":"Centurion and Healer","floor":27,"turns":4},{"damage":9,"enemies":"Book of Stabbing","floor":29,"turns":4},{"damage":29,"enemies":"Champ","floor":33,"turns":9},{"damage":0,"enemies":"3 Darklings","floor":35,"turns":4},{"damage":6,"enemies":"Orb Walker","floor":39,"turns":2},{"damage":27,"enemies":"Reptomancer","floor":40,"turns":6},{"damage":32,"enemies":"Spire Growth","floor":44,"turns":3},{"damage":35,"enemies":"Nemesis","floor":46,"turns":5},{"damage":6,"enemies":"Jaw Worm Horde","floor":48,"turns":5},{"damage":50,"enemies":"Donu and Deca","floor":50,"turns":9}],"seed_played":"4127725586350619915","potions_obtained":[{"floor":2,"key":"SmokeBomb"},{"floor":5,"key":"EssenceOfSteel"},{"floor":8,"key":"Explosive Potion"},{"floor":10,"key":"SteroidPotion"},{"floor":20,"key":"LiquidBronze"},{"floor":22,"key":"BlessingOfTheForge"},{"floor":27,"key":"EssenceOfSteel"},{"floor":33,"key":"ElixirPotion"},{"floor":39,"key":"Fruit Juice"},{"floor":44,"key":"ColorlessPotion"},{"floor":46,"key":"Dexterity Potion"}],"is_trial":false,"path_per_floor":["M","M","?","M","M","R","E","M","T","E","R","?","T","M","R","B",null,"M","?","M","$","M","R","E","?","T","M","R","E","?","?","R","B",null,"M","?","?","$","M","E","R","$","T","M","?","E","R","M","R","B",null],"character_chosen":"IRONCLAD","items_purchased":["MealTicket","Shrug It Off","Metallicize","Sword Boomerang","Medical Kit"],"campfire_rested":0,"item_purchase_floors":[21,21,21,38,42],"current_hp_per_floor":[71,77,77,76,77,77,56,55,55,43,52,52,52,58,67,32,68,67,67,55,55,49,61,57,41,41,47,59,56,56,41,56,49,76,85,74,74,85,85,73,88,90,90,64,64,51,69,73,90,62],"gold":47,"neow_bonus":"RANDOM_COLORLESS","is_daily":false,"chose_seed":false,"campfire_upgraded":9,"win_rate":0.0,"timestamp":1612022248,"path_taken":["M","M","?","M","M","R","E","?","T","E","R","?","?","M","R","BOSS","M","?","M","$","M","R","E","?","T","M","R","E","?","?","R","BOSS","M","?","?","$","M","E","R","?","T","?","?","E","R","M","R","BOSS"],"items_purchased_type":["Relic","Card","Card","Card","Relic"],"build_version":"2020-12-22","purchased_purges":2,"victory":true,"max_hp_per_floor":[80,80,80,80,80,80,80,80,80,80,80,80,80,80,80,80,80,80,80,80,80,80,80,80,80,80,80,80,80,80,85,85,85,85,85,85,85,85,85,90,90,90,90,90,90,90,90,90,90,90],"card_choices":[{"not_picked":["Purity","Forethought"],"picked":"Jack Of All Trades","floor":0},{"not_picked":["Flex","Perfected Strike"],"picked":"Cleave","floor":1},{"not_picked":["Flex","Headbutt"],"picked":"Cleave","floor":2},{"not_picked":["True Grit","Clash"],"picked":"Bludgeon","floor":4},{"not_picked":["Armaments","Dual Wield"],"picked":"Shrug It Off","floor":5},{"not_picked":["Juggernaut","Hemokinesis"],"picked":"Cleave","floor":7},{"not_picked":["Battle Trance","Pommel Strike"],"picked":"Inflame","floor":8},{"not_picked":["Heavy Blade","Second Wind","Thunderclap"],"picked":"SKIP","floor":10},{"not_picked":["True Grit","Cleave","Armaments"],"picked":"SKIP","floor":14},{"not_picked":["True Grit","Cleave"],"picked":"Armaments","floor":14},{"not_picked":["Reaper","Impervious"],"picked":"Limit Break","floor":16},{"not_picked":["Havoc","Warcry"],"picked":"Power Through","floor":18},{"not_picked":["Reckless Charge","Havoc","Hemokinesis"],"picked":"SKIP","floor":20},{"not_picked":["Seeing Red","Flex+1"],"picked":"Shrug It Off","floor":22},{"not_picked":["Reaper","Anger+1"],"picked":"Metallicize","floor":24},{"not_picked":["Armaments","Pommel Strike","Power Through+1","Clash"],"picked":"SKIP","floor":27},{"not_picked":["Juggernaut","Heavy Blade","Body Slam","Pommel Strike"],"picked":"SKIP","floor":29},{"not_picked":["Secret Technique","Sadistic Nature","Master of Strategy"],"picked":"Bandage Up","floor":30},{"not_picked":["Corruption","Berserk","Bludgeon"],"picked":"Offering","floor":33},{"not_picked":["Armaments","Blood for Blood","Havoc"],"picked":"Sword Boomerang","floor":35},{"not_picked":["Hemokinesis","Infernal Blade","Cleave+1","Dual Wield+1"],"picked":"SKIP","floor":39},{"not_picked":["Entrench","Havoc","Armaments"],"picked":"Flame Barrier","floor":40},{"not_picked":["Heavy Blade","Sentinel","Berserk"],"picked":"Metallicize+1","floor":44},{"not_picked":["Anger+1","Body Slam+1","Iron Wave"],"picked":"Pummel+1","floor":46},{"not_picked":["Thunderclap","Dark Embrace","Burning Pact","Wild Strike"],"picked":"SKIP","floor":48}],"player_experience":115176,"relics_obtained":[{"floor":7,"key":"Whetstone"},{"floor":9,"key":"Eternal Feather"},{"floor":10,"key":"Torii"},{"floor":13,"key":"Bottled Lightning"},{"floor":24,"key":"Orichalcum"},{"floor":25,"key":"Necronomicon"},{"floor":26,"key":"Question Card"},{"floor":29,"key":"Mercury Hourglass"},{"floor":40,"key":"Gremlin Horn"},{"floor":43,"key":"Art of War"},{"floor":46,"key":"Regal Pillow"}],"event_choices":[{"damage_healed":0,"gold_gain":0,"player_choice":"Gave Potion","damage_taken":0,"relics_obtained":["Meat on the Bone"],"max_hp_gain":0,"max_hp_loss":0,"event_name":"WeMeetAgain","floor":3,"gold_loss":0},{"cards_removed":["Strike_R"],"damage_healed":0,"gold_gain":0,"player_choice":"Forget","damage_taken":0,"max_hp_gain":0,"max_hp_loss":0,"event_name":"Living Wall","floor":12,"gold_loss":0},{"cards_removed":["Armaments"],"damage_healed":0,"gold_gain":0,"player_choice":"Take \u0026 Give","damage_taken":0,"max_hp_gain":0,"max_hp_loss":0,"event_name":"betterNote:BetterNote","floor":19,"gold_loss":0,"cards_obtained":["Battle Trance"]},{"damage_healed":0,"gold_gain":0,"player_choice":"Obtained Book","damage_taken":16,"max_hp_gain":0,"max_hp_loss":0,"event_name":"Cursed Tome","floor":25,"gold_loss":0},{"damage_healed":0,"gold_gain":2,"player_choice":"1","damage_taken":0,"max_hp_gain":0,"max_hp_loss":0,"event_name":"betterStone:BetterStone","floor":30,"gold_loss":0},{"damage_healed":0,"gold_gain":0,"player_choice":"Shed Blood","damage_taken":20,"max_hp_gain":5,"max_hp_loss":0,"event_name":"Forgotten Altar","floor":31,"gold_loss":0},{"damage_healed":0,"gold_gain":0,"player_choice":"Embrace Madness","damage_taken":11,"max_hp_gain":0,"max_hp_loss":0,"event_name":"Winding Halls","floor":36,"gold_loss":0,"cards_obtained":["Madness","Madness"]},{"cards_removed":["Sword Boomerang"],"damage_healed":0,"gold_gain":0,"player_choice":"Removed Attack","damage_taken":0,"max_hp_gain":0,"max_hp_loss":0,"event_name":"Falling","floor":37,"gold_loss":0},{"damage_healed":0,"gold_gain":0,"player_choice":"Paid","damage_taken":0,"relics_obtained":["Red Mask"],"max_hp_gain":0,"max_hp_loss":0,"event_name":"Tomb of Lord Red Mask","floor":45,"gold_loss":49}],"is_beta":false,"boss_relics":[{"not_picked":["Empty Cage","SacredBark"],"picked":"Coffee Dripper"},{"not_picked":["Velvet Choker","Busted Crown"],"picked":"SlaversCollar"}],"items_purged_floors":[21,38],"is_endless":false,"potions_floor_spawned":[2,5,8,10,20,22,27,33,39,44,46],"ascension_level":6}}