{"host":"h1qktzcccqnez8tx","time":1612038809,"event":{"mods":["AchievementEnabler","BaseMod","Bestiary","Better Note","Block Reminder","Colored Map","Colored Powertips","Curses Come First","Downfall","Highlight Path","Infinite Spire","Minty Spire (QoL Compilation)","Permanent Neow","Quick Restart","Relic Stats","Replay The Spire","Say the Spire","StSLib","UnlockEverythingMod"],"gold_per_floor":[115,115,130,130,130,156,231,40,120,120,150,165,180,194,194,291,291,291],"floor_reached":16,"language":"ENG","playtime":630,"items_purged":["Languid"],"score":150,"play_id":"7db1fff3-d34a-4858-ac5d-2dc2c7cd0690","local_time":"20210130213329","is_ascension_mode":false,"campfire_choices":[{"data":"champ:FlashCut","floor":10,"key":"SMITH"},{"data":"champ:DefensiveStyle","floor":15,"key":"SMITH"}],"circlet_count":0,"master_deck":["champ:Strike","champ:Strike","champ:Strike","champ:Strike","champ:Defend","champ:Defend","champ:Defend","champ:Defend","champ:Backstep","Vigilance","Eruption+1","champ:SwordSigil","champ:FlashCut+1","champ:BringItOn","Sickly","champ:EnGarde","champ:BringItOn","champ:DefensiveStyle+1"],"relics":["champ:ChampionCrown","Gremlin Horn","Ring of Fury","Bronze Scales","Blue Doll","Onion Ring","ReplayTheSpireMod:CursedCoin"],"acts_visited":["Exordium"],"potions_floor_usage":[16],"damage_taken":[{"damage":2,"enemies":"2 Louse","floor":1,"turns":3},{"damage":1,"enemies":"Jaw Worm","floor":3,"turns":4},{"damage":17,"enemies":"Gremlin Nob","floor":6,"turns":4},{"damage":0,"enemies":"Small Slimes","floor":12,"turns":2},{"damage":0,"enemies":"2 Fungi Beasts","floor":13,"turns":1},{"damage":3,"enemies":"Looter","floor":14,"turns":3},{"damage":35,"enemies":"Slime Boss","floor":16,"turns":11}],"seed_played":"-2027307670407345717","potions_obtained":[{"floor":12,"key":"hexamod:SoulburnPotion"},{"floor":14,"key":"GamblersBrew"},{"floor":16,"key":"Explosive Potion"}],"is_trial":false,"path_per_floor":["M","?","M","?","?","E","?","$","T","R","$","M","M","M","R","B"],"character_chosen":"THE_CHAMP","items_purchased":["champ:BringItOn","Blue Doll","ReplayTheSpireMod:CursedCoin","champ:EnGarde"],"campfire_rested":0,"item_purchase_floors":[8,8,11,11],"current_hp_per_floor":[88,88,87,80,80,63,52,52,52,52,52,52,52,49,49,14,14,14],"gold":291,"neow_bonus":"RANDOM_EVENT","is_daily":false,"chose_seed":false,"campfire_upgraded":2,"win_rate":0.0,"timestamp":1612038809,"path_taken":["M","?","M","?","?","E","?","?","T","R","$","M","M","M","R","BOSS"],"items_purchased_type":["Card","Relic","Relic","Card"],"build_version":"2020-12-22","purchased_purges":1,"victory":false,"max_hp_per_floor":[90,90,90,90,90,90,90,90,90,90,90,90,90,90,90,90,90,90],"relic_stats":{"Gremlin Horn":[5,5],"counters":[7,28],"Bronze Scales":[15],"obtain_stats":[{"Gremlin Horn":4,"ReplayTheSpireMod:CursedCoin":11,"Bronze Scales":6,"champ:ChampionCrown":0,"Ring of Fury":5,"Blue Doll":8,"Onion Ring":9},{"Gremlin Horn":2,"ReplayTheSpireMod:CursedCoin":3,"Bronze Scales":3,"champ:ChampionCrown":0,"Ring of Fury":2,"Blue Doll":3,"Onion Ring":3},{"Gremlin Horn":7,"ReplayTheSpireMod:CursedCoin":11,"Bronze Scales":11,"champ:ChampionCrown":0,"Ring of Fury":7,"Blue Doll":11,"Onion Ring":11}]},"card_choices":[{"not_picked":["champ:BladeFlurry","champ:FanOfKnives"],"picked":"champ:Backstep","floor":1},{"not_picked":["champ:SkillfulDodge","champ:Circumvent"],"picked":"champ:SwordSigil","floor":3},{"not_picked":["champ:SwordThrow","champ:BerserkerStyle"],"picked":"champ:FlashCut","floor":6},{"not_picked":["champ:FlashCut","champ:HeartStrike"],"picked":"champ:BringItOn","floor":12},{"not_picked":["champ:RageSigil","champ:FlashCut","champ:PerfectedStrike"],"picked":"SKIP","floor":13},{"not_picked":["champ:EnchantCrown","champ:FocusedDefense"],"picked":"champ:DefensiveStyle","floor":14}],"player_experience":305255,"relics_obtained":[{"floor":5,"key":"Ring of Fury"},{"floor":6,"key":"Bronze Scales"},{"floor":9,"key":"Onion Ring"}],"event_choices":[{"damage_healed":0,"gold_gain":0,"player_choice":"Grow","damage_taken":0,"max_hp_gain":0,"max_hp_loss":0,"event_name":"Living Wall","floor":0,"gold_loss":0,"cards_upgraded":["champ:Execute"]},{"damage_healed":0,"gold_gain":0,"player_choice":"Success","damage_taken":7,"relics_obtained":["Gremlin Horn"],"max_hp_gain":0,"max_hp_loss":0,"event_name":"Scrap Ooze","floor":4,"gold_loss":0},{"damage_healed":0,"gold_gain":75,"player_choice":"Gather Gold","damage_taken":11,"max_hp_gain":0,"max_hp_loss":0,"event_name":"World of Goop","floor":7,"gold_loss":0}],"is_beta":false,"boss_relics":[],"items_purged_floors":[11],"is_endless":false,"potions_floor_spawned":[12,14,16],"killed_by":"Slime Boss","ascension_level":0}}