{"host":"1nniobf0g4s2td4e","time":1612024029,"event":{"mods":["2.2 Compatiblity","BaseMod","Minty Spire (QoL Compilation)","StSLib","SuperFastMode"],"gold_per_floor":[117,67,82,82,57,57,57,57,84,84,103,147,147,147,147,268,268,292,217,217,240,240,280,304,304,304,304,335,355,379,403,403,526,526,550,883,811,826,826,861,861,892,892,923,923,941,653,665,665,665,665,665,370,405,405],"floor_reached":56,"language":"ENG","playtime":1924,"items_purged":["Strike_P","Strike_P+1","Defend_P"],"score":1396,"play_id":"57568952-608d-4e5f-ae71-20942dfa8558","local_time":"20210130102709","is_ascension_mode":false,"campfire_choices":[{"data":"PathToVictory","floor":6.0,"key":"SMITH"},{"data":"PathToVictory","floor":10.0,"key":"SMITH"},{"data":"ThirdEye","floor":13.0,"key":"SMITH"},{"data":"Wireheading","floor":15.0,"key":"SMITH"},{"data":"PathToVictory","floor":25.0,"key":"SMITH"},{"data":"SpiritShield","floor":27.0,"key":"SMITH"},{"floor":32.0,"key":"RECALL"},{"data":"Madness","floor":45.0,"key":"SMITH"},{"data":"Madness","floor":49.0,"key":"SMITH"},{"data":"Establishment","floor":52.0,"key":"SMITH"}],"circlet_count":0,"master_deck":["Strike_P+1","Vigilance+1","PathToVictory+1","ThirdEye+1","PathToVictory+1","Wireheading+1","SpiritShield+1","PathToVictory+1","DeceiveReality+1","Establishment+1","Perseverance+1","Madness+1","Madness+1","Perseverance+1","Evaluate+1","Ragnarok+1","Mayhem"],"relics":["Prayer Wheel","HolyWater","Black Star","Bottled Lightning","InkBottle","Singing Bowl","Whetstone","Bird Faced Urn","The Courier","StrikeDummy","Coffee Dripper","Empty Cage","Bag of Marbles","Unceasing Top","Turnip","GoldenEye","Mercury Hourglass","Toxic Egg 2","Molten Egg 2","Omamori","DollysMirror","Oddly Smooth Stone","War Paint"],"acts_visited":["Exordium","TheCity","TheBeyond","TheEnding"],"potions_floor_usage":[55,55,55],"damage_taken":[{"damage":2.0,"enemies":"2 Louse","floor":1.0,"turns":3.0},{"damage":1.0,"enemies":"Jaw Worm","floor":3.0,"turns":3.0},{"damage":0.0,"enemies":"Small Slimes","floor":11.0,"turns":2.0},{"damage":11.0,"enemies":"Lagavulin","floor":12.0,"turns":5.0},{"damage":0.0,"enemies":"Slime Boss","floor":16.0,"turns":4.0},{"damage":0.0,"enemies":"Shell Parasite","floor":18.0,"turns":4.0},{"damage":1.0,"enemies":"Spheric Guardian","floor":21.0,"turns":4.0},{"damage":11.0,"enemies":"Gremlin Leader","floor":23.0,"turns":4.0},{"damage":20.0,"enemies":"Centurion and Healer","floor":24.0,"turns":4.0},{"damage":25.0,"enemies":"Slavers","floor":28.0,"turns":4.0},{"damage":0.0,"enemies":"Snecko","floor":29.0,"turns":4.0},{"damage":1.0,"enemies":"Cultist and Chosen","floor":30.0,"turns":2.0},{"damage":0.0,"enemies":"Centurion and Healer","floor":31.0,"turns":4.0},{"damage":29.0,"enemies":"Champ","floor":33.0,"turns":8.0},{"damage":2.0,"enemies":"Orb Walker","floor":35.0,"turns":3.0},{"damage":1.0,"enemies":"3 Darklings","floor":38.0,"turns":4.0},{"damage":9.0,"enemies":"Reptomancer","floor":40.0,"turns":5.0},{"damage":8.0,"enemies":"Giant Head","floor":42.0,"turns":6.0},{"damage":28.0,"enemies":"Nemesis","floor":44.0,"turns":5.0},{"damage":0.0,"enemies":"Maw","floor":46.0,"turns":4.0},{"damage":23.0,"enemies":"Jaw Worm Horde","floor":48.0,"turns":3.0},{"damage":22.0,"enemies":"Awakened One","floor":50.0,"turns":10.0},{"damage":18.0,"enemies":"Shield and Spear","floor":54.0,"turns":3.0},{"damage":61,"enemies":"The Heart","floor":55,"turns":9}],"seed_played":"8795523708091557073","potions_obtained":[{"floor":16.0,"key":"DuplicationPotion"},{"floor":21.0,"key":"SteroidPotion"},{"floor":23.0,"key":"AttackPotion"}],"is_trial":false,"path_per_floor":["M","?","M","?","$","R","?","?","T","R","M","E","R","$","R","B",null,"M","$","T","M","?","E","M","R","T","R","E","M","M","M","R","B",null,"M","?","?","M","?","E","?","E","T","E","R","M","$","M","R","B",null,"R","$","E","B",null],"character_chosen":"WATCHER","items_purchased":["PathToVictory","DollysMirror","Evaluate+1","Ragnarok+1","Mayhem","DuplicationPotion"],"campfire_rested":0,"item_purchase_floors":[5,47,47,47,53,53],"current_hp_per_floor":[77,77,76,57,57,57,41,41,41,41,41,30,30,30,30,30,79,79,79,79,78,78,69,53,53,53,53,30,34,39,43,43,16,95,98,98,98,101,101,92,79,77,77,55,55,63,63,48,48,30,113,113,113,99,46],"gold":405,"neow_bonus":"TEN_PERCENT_HP_BONUS","is_daily":false,"chose_seed":false,"campfire_upgraded":9,"win_rate":0.0,"timestamp":1612024029,"path_taken":["M","?","M","?","?","R","?","?","T","R","M","E","R","$","R","BOSS","M","$","?","M","?","E","M","R","T","R","E","M","M","M","R","BOSS","M","?","?","?","?","E","?","E","T","E","R","M","$","M","R","BOSS","R","$","E","BOSS"],"items_purchased_type":["Card","Relic","Card","Card","Card","Potion"],"build_version":"2020-12-22","purchased_purges":3,"victory":true,"max_hp_per_floor":[79,79,79,79,79,79,79,79,79,79,79,79,79,79,79,79,79,79,79,79,79,79,81,85,85,85,85,87,89,93,95,95,95,95,99,99,99,101,101,101,101,103,103,105,105,109,109,113,113,113,113,113,113,115,115],"card_choices":[{"not_picked":["DeceiveReality","FollowUp"],"picked":"PathToVictory","floor":1.0},{"not_picked":["Evaluate","Prostrate"],"picked":"ThirdEye","floor":3.0},{"not_picked":["EmptyBody","Collect","FlyingSleeves"],"picked":"SKIP","floor":11.0},{"not_picked":["Evaluate","CrushJoints"],"picked":"Wireheading","floor":12.0},{"not_picked":["MasterReality","LessonLearned"],"picked":"SpiritShield","floor":16.0},{"not_picked":["EmptyFist","FlyingSleeves"],"picked":"PathToVictory","floor":18.0},{"not_picked":["FlyingSleeves","Wallop","FearNoEvil"],"picked":"SKIP","floor":18.0},{"not_picked":["Halt+1","FollowUp+1","Perseverance"],"picked":"SKIP","floor":21.0},{"not_picked":["BowlingBash","Adaptation","EmptyFist"],"picked":"SKIP","floor":21.0},{"not_picked":["Halt","Wallop","Evaluate"],"picked":"Singing Bowl","floor":23.0},{"not_picked":["PathToVictory","FollowUp+1","CrushJoints+1"],"picked":"Singing Bowl","floor":24.0},{"not_picked":["Meditate","SandsOfTime","FlurryOfBlows"],"picked":"Singing Bowl","floor":24.0},{"not_picked":["Halt","FlurryOfBlows","SashWhip"],"picked":"Singing Bowl","floor":28.0},{"not_picked":["SashWhip+1","ReachHeaven+1","CrushJoints"],"picked":"Singing Bowl","floor":29.0},{"not_picked":["Protect","FlurryOfBlows","Omniscience"],"picked":"SKIP","floor":29.0},{"not_picked":["FollowUp+1","CarveReality+1","Prostrate"],"picked":"Singing Bowl","floor":30.0},{"not_picked":["Wireheading","JustLucky","CutThroughFate"],"picked":"Singing Bowl","floor":30.0},{"not_picked":["FlyingSleeves","JustLucky+1","InnerPeace"],"picked":"Singing Bowl","floor":31.0},{"not_picked":["EmptyBody","Vault"],"picked":"DeceiveReality+1","floor":31.0},{"not_picked":["ConjureBlade","Scrawl"],"picked":"Establishment","floor":33.0},{"not_picked":["Consecrate","Halt+1","EmptyMind+1"],"picked":"Singing Bowl","floor":35.0},{"not_picked":["SandsOfTime+1","TalkToTheHand+1","Collect"],"picked":"Singing Bowl","floor":35.0},{"not_picked":["Weave","Swivel","FlyingSleeves"],"picked":"Singing Bowl","floor":38.0},{"not_picked":["FollowUp","Protect","Fasting2+1"],"picked":"SKIP","floor":38.0},{"not_picked":["Evaluate+1","WheelKick+1"],"picked":"Perseverance+1","floor":40.0},{"not_picked":["SandsOfTime","SashWhip+1","WindmillStrike"],"picked":"Singing Bowl","floor":42.0},{"not_picked":["PathToVictory+1","Collect+1","WheelKick+1"],"picked":"Singing Bowl","floor":44.0},{"not_picked":["EmptyBody+1","Worship+1","JustLucky+1"],"picked":"Singing Bowl","floor":46.0},{"not_picked":["WaveOfTheHand+1","Evaluate+1","FlyingSleeves+1"],"picked":"Singing Bowl","floor":46.0},{"not_picked":["JustLucky+1","FlurryOfBlows+1","Scrawl+1"],"picked":"Singing Bowl","floor":48.0},{"not_picked":["CrushJoints+1","EmptyFist+1","ThirdEye+1"],"picked":"Singing Bowl","floor":48.0},{"not_picked":["TalkToTheHand+1","ThirdEye+1","CrushJoints+1"],"picked":"Singing Bowl","floor":54.0}],"player_experience":723227,"relics_obtained":[{"floor":12.0,"key":"Prayer Wheel"},{"floor":20.0,"key":"Bottled Lightning"},{"floor":23.0,"key":"Singing Bowl"},{"floor":23.0,"key":"Whetstone"},{"floor":26.0,"key":"Bird Faced Urn"},{"floor":28.0,"key":"The Courier"},{"floor":28.0,"key":"StrikeDummy"},{"floor":40.0,"key":"Unceasing Top"},{"floor":40.0,"key":"Turnip"},{"floor":42.0,"key":"GoldenEye"},{"floor":42.0,"key":"Mercury Hourglass"},{"floor":43.0,"key":"Toxic Egg 2"},{"floor":44.0,"key":"Molten Egg 2"},{"floor":44.0,"key":"Omamori"},{"floor":54.0,"key":"Oddly Smooth Stone"},{"floor":54.0,"key":"War Paint"}],"event_choices":[{"cards_removed":["Strike_P"],"damage_healed":0.0,"max_hp_gain":0.0,"max_hp_loss":0.0,"gold_gain":0.0,"event_name":"The Cleric","player_choice":"Card Removal","floor":2.0,"gold_loss":50.0,"damage_taken":0.0},{"damage_healed":0.0,"max_hp_gain":0.0,"max_hp_loss":0.0,"gold_gain":0.0,"event_name":"Golden Idol","player_choice":"Take Damage","floor":4.0,"gold_loss":0.0,"damage_taken":19.0,"relics_obtained":["Golden Idol"]},{"damage_healed":0.0,"max_hp_gain":0.0,"max_hp_loss":0.0,"gold_gain":0.0,"event_name":"Shining Light","player_choice":"Entered Light","floor":7.0,"gold_loss":0.0,"damage_taken":16.0,"cards_upgraded":["Strike_P","Defend_P"]},{"cards_removed":["Defend_P"],"damage_healed":0.0,"max_hp_gain":0.0,"max_hp_loss":0.0,"gold_gain":0.0,"event_name":"Bonfire Elementals","player_choice":"Offered Basic","floor":8.0,"gold_loss":0.0,"damage_taken":0.0},{"damage_healed":0.0,"max_hp_gain":0.0,"max_hp_loss":0.0,"gold_gain":0.0,"event_name":"The Mausoleum","player_choice":"Opened","floor":22.0,"gold_loss":0.0,"damage_taken":0.0,"relics_obtained":["InkBottle"]},{"damage_healed":0.0,"max_hp_gain":0.0,"max_hp_loss":0.0,"gold_gain":333.0,"event_name":"The Moai Head","player_choice":"Gave Idol","floor":36.0,"relics_lost":["Golden Idol"],"gold_loss":0.0,"damage_taken":0.0},{"damage_healed":0.0,"max_hp_gain":0.0,"max_hp_loss":0.0,"gold_gain":0.0,"event_name":"WeMeetAgain","player_choice":"Paid Gold","floor":37.0,"gold_loss":72.0,"damage_taken":0.0,"relics_obtained":["Bag of Marbles"]},{"cards_removed":["Defend_P"],"damage_healed":0.0,"max_hp_gain":0.0,"max_hp_loss":0.0,"gold_gain":0.0,"event_name":"Falling","player_choice":"Removed Skill","floor":39.0,"gold_loss":0.0,"damage_taken":0.0},{"damage_healed":0.0,"max_hp_gain":0.0,"max_hp_loss":0.0,"gold_gain":0.0,"event_name":"Winding Halls","player_choice":"Embrace Madness","floor":41.0,"gold_loss":0.0,"damage_taken":13.0,"cards_obtained":["Madness","Madness"]}],"is_beta":false,"boss_relics":[{"not_picked":["Cursed Key","Calling Bell","Runic Dome"]},{"not_picked":["Busted Crown","Pandora\u0027s Box"],"picked":"Empty Cage"}],"items_purged_floors":[19,47,53],"is_endless":false,"potions_floor_spawned":[16,21,23,29,31,33,38,42,46,48],"ascension_level":0}}