{"host":"guzbs4v8630hpsy6","time":1612013859,"event":{"mods":["2.2 Compatiblity","AchievementEnabler","BaseMod","Block Reminder","DeckTracker","Highlight Path","Minty Spire (QoL Compilation)","Relic Stats","SuperFastMode"],"gold_per_floor":[118,137,137,102,115,142,142,176,176,176,176,196,227,252,264,376,388,417,429,150,165,165,196,214,214,214,233,266,181,181,199,199,301,301,318,336,336,355,207,237,237,271,271,295,312,12,24,38,38,38,38,38,38,73,73],"floor_reached":56,"language":"ENG","playtime":2645,"items_purged":["Strike_B"],"score":1807,"play_id":"46c9a61b-8143-446e-9ec9-7e9ea0dcb0da","local_time":"20210130213739","is_ascension_mode":true,"campfire_choices":[{"data":"Genetic Algorithm","floor":7.0,"key":"SMITH"},{"data":"Go for the Eyes","floor":11.0,"key":"SMITH"},{"data":"Self Repair","floor":15.0,"key":"SMITH"},{"data":"Zap","floor":25.0,"key":"SMITH"},{"data":"Amplify","floor":32.0,"key":"SMITH"},{"floor":49,"key":"RECALL"},{"data":"Hologram","floor":52,"key":"SMITH"}],"circlet_count":0,"master_deck":["AscendersBane","Defend_B+1","Defend_B","Defend_B","Defend_B+1","Dualcast+1","Compile Driver+1","Genetic Algorithm+1","Ball Lightning","Ball Lightning","Go for the Eyes+1","Leap","Cold Snap","Self Repair+1","All For One","Go for the Eyes","Necronomicurse","Sunder","Hologram+1","Core Surge","Turbo","Capacitor+1","Heatsinks+1","Chill","Amplify+1","Electrodynamics+1","Echo Form+1","Coolheaded+1","Loop+1","Double Energy+1","Recycle+1","Reinforced Body","Defragment+1"],"relics":["Cracked Core","War Paint","Torii","Darkstone Periapt","MawBank","Black Star","Necronomicon","DataDisk","Mummified Hand","Frozen Egg 2","Lizard Tail","Juzu Bracelet","Happy Flower","Tiny Chest","Snecko Eye","ClockworkSouvenir","Art of War","Letter Opener","Calipers","Ice Cream","HornCleat","CaptainsWheel","Pen Nib","Sundial"],"acts_visited":["Exordium","TheCity","TheBeyond","TheEnding"],"potions_floor_usage":[50,50,50,55],"damage_taken":[{"damage":2.0,"enemies":"Jaw Worm","floor":1.0,"turns":5.0},{"damage":2.0,"enemies":"2 Louse","floor":2.0,"turns":3.0},{"damage":0.0,"enemies":"Small Slimes","floor":5.0,"turns":3.0},{"damage":32.0,"enemies":"Gremlin Nob","floor":6.0,"turns":4.0},{"damage":22.0,"enemies":"3 Sentries","floor":8.0,"turns":5.0},{"damage":1.0,"enemies":"Exordium Thugs","floor":12.0,"turns":4.0},{"damage":14.0,"enemies":"Gremlin Nob","floor":13.0,"turns":4.0},{"damage":0.0,"enemies":"Looter","floor":14.0,"turns":3.0},{"damage":37.0,"enemies":"Slime Boss","floor":16.0,"turns":10.0},{"damage":8.0,"enemies":"Shell Parasite","floor":18.0,"turns":8.0},{"damage":8.0,"enemies":"2 Thieves","floor":21.0,"turns":3.0},{"damage":21.0,"enemies":"Gremlin Leader","floor":23.0,"turns":10.0},{"damage":0.0,"enemies":"Snecko","floor":24.0,"turns":3.0},{"damage":1.0,"enemies":"3 Cultists","floor":27.0,"turns":4.0},{"damage":21.0,"enemies":"Slavers","floor":28.0,"turns":6.0},{"damage":17.0,"enemies":"Snake Plant","floor":31.0,"turns":4.0},{"damage":57,"enemies":"Collector","floor":33,"turns":12},{"damage":10,"enemies":"3 Darklings","floor":35,"turns":4},{"damage":18,"enemies":"3 Shapes","floor":36,"turns":3},{"damage":6,"enemies":"3 Darklings","floor":38,"turns":3},{"damage":32,"enemies":"Giant Head","floor":40,"turns":8},{"damage":28,"enemies":"Nemesis","floor":42,"turns":5},{"damage":12,"enemies":"Maw","floor":45,"turns":7},{"damage":0,"enemies":"Spire Growth","floor":47,"turns":4},{"damage":0,"enemies":"Sphere and 2 Shapes","floor":48,"turns":4},{"damage":28,"enemies":"Awakened One","floor":50,"turns":12},{"damage":60,"enemies":"Shield and Spear","floor":54,"turns":11},{"damage":20,"enemies":"The Heart","floor":55,"turns":9}],"seed_played":"-8150594514953659642","potions_obtained":[{"floor":1.0,"key":"PowerPotion"},{"floor":5.0,"key":"AttackPotion"},{"floor":6.0,"key":"DistilledChaos"},{"floor":10.0,"key":"Fruit Juice"},{"floor":10.0,"key":"FairyPotion"},{"floor":16.0,"key":"Ancient Potion"},{"floor":21.0,"key":"LiquidBronze"},{"floor":27.0,"key":"Swift Potion"},{"floor":36,"key":"PotionOfCapacity"},{"floor":40,"key":"EntropicBrew"}],"is_trial":false,"path_per_floor":["M","M","?","?","M","E","R","E","T","?","R","M","E","M","R","B",null,"M","?","$","M","?","E","M","R","T","M","E","?","?","M","R","B",null,"M","M","?","M","$","E","?","E","T","T","M","$","M","M","R","B",null,"R","$","E","B",null],"character_chosen":"DEFECT","items_purchased":["Sunder","DataDisk","ClockworkSouvenir","CaptainsWheel"],"campfire_rested":0,"item_purchase_floors":[20,20,39,46],"current_hp_per_floor":[66,64,49,67,67,35,35,13,13,18,18,17,3,3,3,25,66,68,58,58,50,44,43,53,53,53,62,51,51,51,44,44,53,78,78,70,70,64,64,52,52,34,34,34,42,42,42,62,62,44,73,73,73,33,23],"gold":73,"neow_bonus":"TRANSFORM_CARD","is_daily":false,"chose_seed":false,"campfire_upgraded":6,"win_rate":0.0,"timestamp":1612013859,"path_taken":["M","M","?","?","M","E","R","E","T","?","R","?","E","M","R","BOSS","M","?","$","M","?","E","M","R","T","M","E","?","?","M","R","BOSS","M","M","?","M","$","E","?","E","T","?","M","$","M","M","R","BOSS","R","$","E","BOSS"],"items_purchased_type":["Card","Relic","Relic","Relic"],"build_version":"2020-12-22","purchased_purges":1,"victory":true,"max_hp_per_floor":[75,75,75,75,75,75,75,75,75,80,80,80,80,80,80,80,80,80,86,86,86,86,86,86,86,86,86,86,86,86,86,86,86,86,86,86,86,86,86,86,82,82,82,82,82,82,82,82,82,82,82,82,82,82,82],"relic_stats":{"Darkstone Periapt":6,"Torii":35,"Happy Flower":[28],"counters":[28,160],"Pen Nib":[3],"Juzu Bracelet":1,"Letter Opener":[141],"War Paint":["Defend_B","Dualcast"],"MawBank":84,"Lizard Tail":43,"Mummified Hand":[156],"Sundial":[0],"Snecko Eye":[145,148,141,136],"Tiny Chest":1,"Black Star":5,"Necronomicon":[43],"Art of War":[5],"obtain_stats":[{"Darkstone Periapt":9,"Ice Cream":42,"Calipers":42,"Torii":8,"Happy Flower":28,"Pen Nib":54,"Juzu Bracelet":28,"Letter Opener":40,"War Paint":6,"Frozen Egg 2":23,"MawBank":13,"ClockworkSouvenir":39,"DataDisk":20,"Lizard Tail":26,"CaptainsWheel":46,"HornCleat":43,"Mummified Hand":23,"Sundial":54,"Snecko Eye":34,"Tiny Chest":29,"Black Star":17,"Necronomicon":19,"Art of War":40,"Cracked Core":0},{"Darkstone Periapt":5,"Ice Cream":22,"Calipers":22,"Torii":5,"Happy Flower":15,"Pen Nib":27,"Juzu Bracelet":15,"Letter Opener":21,"War Paint":4,"Frozen Egg 2":12,"MawBank":7,"ClockworkSouvenir":20,"DataDisk":10,"Lizard Tail":13,"CaptainsWheel":23,"HornCleat":22,"Mummified Hand":12,"Sundial":27,"Snecko Eye":17,"Tiny Chest":15,"Black Star":9,"Necronomicon":10,"Art of War":21,"Cracked Core":0},{"Darkstone Periapt":20,"Ice Cream":114,"Calipers":114,"Torii":20,"Happy Flower":75,"Pen Nib":151,"Juzu Bracelet":75,"Letter Opener":109,"War Paint":15,"Frozen Egg 2":62,"MawBank":28,"ClockworkSouvenir":101,"DataDisk":49,"Lizard Tail":65,"CaptainsWheel":121,"HornCleat":114,"Mummified Hand":62,"Sundial":151,"Snecko Eye":91,"Tiny Chest":75,"Black Star":41,"Necronomicon":49,"Art of War":109,"Cracked Core":0}]},"card_choices":[{"not_picked":["Skim","Barrage","Double Energy"],"picked":"SKIP","floor":1.0},{"not_picked":["Go for the Eyes","Reprogram"],"picked":"Genetic Algorithm","floor":2.0},{"not_picked":["Go for the Eyes","Force Field"],"picked":"Ball Lightning","floor":5.0},{"not_picked":["Chill","Go for the Eyes"],"picked":"Ball Lightning","floor":6.0},{"not_picked":["Leap","Loop"],"picked":"Go for the Eyes","floor":8.0},{"not_picked":["Sweeping Beam","Creative AI"],"picked":"Leap","floor":12.0},{"not_picked":["Tempest","Rebound"],"picked":"Cold Snap","floor":13.0},{"not_picked":["Steam","Coolheaded"],"picked":"Self Repair","floor":14.0},{"not_picked":["Amplify","Multi-Cast"],"picked":"All For One","floor":16.0},{"not_picked":["Leap","Stack"],"picked":"Go for the Eyes","floor":18.0},{"not_picked":["Barrage","Meteor Strike"],"picked":"Hologram","floor":21.0},{"not_picked":["Rebound+1","Go for the Eyes"],"picked":"Core Surge","floor":23.0},{"not_picked":["Leap","Compile Driver"],"picked":"Turbo","floor":24.0},{"not_picked":["Redo","Conserve Battery"],"picked":"Capacitor+1","floor":27.0},{"not_picked":["Barrage+1","Leap"],"picked":"Heatsinks+1","floor":28.0},{"not_picked":["Gash","Steam+1"],"picked":"Electrodynamics+1","floor":31.0},{"not_picked":["Amplify","Thunder Strike"],"picked":"Echo Form+1","floor":33},{"not_picked":["Leap","Redo+1","Steam"],"picked":"SKIP","floor":35},{"not_picked":["Redo","Leap"],"picked":"Coolheaded+1","floor":36},{"not_picked":["Amplify","Coolheaded"],"picked":"Loop+1","floor":38},{"not_picked":["Compile Driver","Chaos","Hello World+1"],"picked":"SKIP","floor":40},{"not_picked":["Redo+1","Thunder Strike","Doom and Gloom"],"picked":"SKIP","floor":42},{"not_picked":["Darkness","Sweeping Beam"],"picked":"Double Energy+1","floor":45},{"not_picked":["Barrage","Coolheaded+1"],"picked":"Recycle+1","floor":47},{"not_picked":["Skim+1","Barrage"],"picked":"Reinforced Body","floor":48},{"not_picked":["Gash","Tempest"],"picked":"Defragment+1","floor":54}],"player_experience":552228,"relics_obtained":[{"floor":6.0,"key":"War Paint"},{"floor":8.0,"key":"Torii"},{"floor":9.0,"key":"Darkstone Periapt"},{"floor":13.0,"key":"MawBank"},{"floor":19.0,"key":"Necronomicon"},{"floor":23.0,"key":"Mummified Hand"},{"floor":23.0,"key":"Frozen Egg 2"},{"floor":26.0,"key":"Lizard Tail"},{"floor":28.0,"key":"Juzu Bracelet"},{"floor":28.0,"key":"Happy Flower"},{"floor":40,"key":"Art of War"},{"floor":40,"key":"Letter Opener"},{"floor":42,"key":"Calipers"},{"floor":42,"key":"Ice Cream"},{"floor":43,"key":"HornCleat"},{"floor":54,"key":"Pen Nib"},{"floor":54,"key":"Sundial"}],"event_choices":[{"damage_healed":0.0,"max_hp_gain":0.0,"max_hp_loss":0.0,"gold_gain":0.0,"event_name":"Shining Light","player_choice":"Entered Light","floor":3.0,"gold_loss":0.0,"damage_taken":15.0,"cards_upgraded":["Defend_B","Compile Driver"]},{"damage_healed":18.0,"max_hp_gain":0.0,"max_hp_loss":0.0,"gold_gain":0.0,"event_name":"The Cleric","player_choice":"Healed","floor":4.0,"gold_loss":35.0,"damage_taken":0.0},{"damage_healed":0.0,"max_hp_gain":0.0,"max_hp_loss":0.0,"gold_gain":0.0,"event_name":"Lab","player_choice":"Got Potions","floor":10.0,"gold_loss":0.0,"damage_taken":0.0},{"damage_healed":0.0,"max_hp_gain":0.0,"max_hp_loss":0.0,"gold_gain":0.0,"event_name":"Cursed Tome","player_choice":"Obtained Book","floor":19.0,"gold_loss":0.0,"damage_taken":16.0},{"damage_healed":0.0,"max_hp_gain":0.0,"max_hp_loss":0.0,"gold_gain":0.0,"event_name":"Knowing Skull","player_choice":"","floor":22.0,"potions_obtained":[],"gold_loss":0.0,"damage_taken":6.0,"cards_obtained":[]},{"damage_healed":0.0,"max_hp_gain":0.0,"max_hp_loss":0.0,"gold_gain":0.0,"event_name":"Addict","player_choice":"Obtained Relic","floor":29.0,"gold_loss":85.0,"damage_taken":0.0,"relics_obtained":["Tiny Chest"]},{"damage_healed":0.0,"max_hp_gain":0.0,"max_hp_loss":0.0,"gold_gain":0.0,"cards_transformed":["Strike_B","Strike_B"],"event_name":"Drug Dealer","player_choice":"Became Test Subject","floor":30.0,"gold_loss":0.0,"damage_taken":0.0,"cards_obtained":["Chill","Amplify"]},{"cards_removed":["Zap"],"damage_healed":0,"gold_gain":0,"player_choice":"Removed Skill","damage_taken":0,"max_hp_gain":0,"max_hp_loss":0,"event_name":"Falling","floor":37,"gold_loss":0},{"damage_healed":0,"gold_gain":0,"player_choice":"Max HP","damage_taken":0,"max_hp_gain":0,"max_hp_loss":4,"event_name":"Winding Halls","floor":41,"gold_loss":0}],"is_beta":false,"boss_relics":[{"not_picked":["Busted Crown","FrozenCore"],"picked":"Black Star"},{"not_picked":["SlaversCollar","Runic Pyramid"],"picked":"Snecko Eye"}],"items_purged_floors":[20],"is_endless":false,"potions_floor_spawned":[1,5,6,16,21,27,36,38,40,48],"ascension_level":12}}