{"host":"zkayvxppza5j985o","time":1612005154,"event":{"mods":["AchievementEnabler","BaseMod","Better Vampires","Colored Map","Colored Powertips","Minty Spire (QoL Compilation)","StSLib"],"gold_per_floor":[110,124,7,24,40,40,215,215,215,140,140,240,256,267,267,370,370,388,487,245,245,245],"floor_reached":21,"language":"ZHS","playtime":701,"items_purged":["Doubt","Strike_R"],"score":169,"play_id":"f28948f2-d20b-400d-9712-561713c32e2b","local_time":"20210130191234","is_ascension_mode":false,"campfire_choices":[{"data":"Rampage","floor":6,"key":"SMITH"},{"data":"True Grit","floor":8,"key":"SMITH"},{"data":"Trip","floor":15,"key":"SMITH"}],"circlet_count":0,"master_deck":["Strike_R","Strike_R","Strike_R","Strike_R","Defend_R","Defend_R","Defend_R","Defend_R","Bash","Ghostly Armor","Rampage+1","Headbutt","Trip+1","Battle Trance","True Grit+1","Shockwave","Feed","Metallicize"],"relics":["Cursed Key","Membership Card"],"acts_visited":["TheCity"],"potions_floor_usage":[13],"damage_taken":[{"damage":1,"enemies":"Cultist","floor":1,"turns":3},{"damage":5,"enemies":"Small Slimes","floor":2,"turns":3},{"damage":6,"enemies":"Jaw Worm","floor":4,"turns":2},{"damage":0,"enemies":"Looter","floor":5,"turns":2},{"damage":2,"enemies":"Lots of Slimes","floor":13,"turns":4},{"damage":6,"enemies":"Large Slime","floor":14,"turns":5},{"damage":37,"enemies":"Hexaghost","floor":16,"turns":10},{"damage":13,"enemies":"Chosen","floor":18,"turns":7},{"damage":19,"enemies":"3 Byrds","floor":21,"turns":5}],"seed_played":"-1594619839672391964","potions_obtained":[{"floor":1,"key":"AttackPotion"},{"floor":5,"key":"BlessingOfTheForge"},{"floor":14,"key":"BlessingOfTheForge"}],"is_trial":false,"path_per_floor":["M","M","$","M","M","R","?","R","T","$","?","?","M","M","R","B",null,"M","?","$","M"],"character_chosen":"IRONCLAD","items_purchased":["Headbutt","Trip","Membership Card","Metallicize"],"campfire_rested":0,"item_purchase_floors":[3,3,20,20],"current_hp_per_floor":[79,74,74,68,68,68,68,68,68,68,61,61,59,53,53,16,80,70,70,70,54,54],"gold":245,"neow_bonus":"BOSS_RELIC","is_daily":false,"chose_seed":false,"campfire_upgraded":3,"win_rate":0.0,"timestamp":1612005154,"path_taken":["M","M","$","?","M","R","?","R","T","$","?","?","?","M","R","BOSS","M","?","$","M"],"items_purchased_type":["Card","Card","Relic","Card"],"build_version":"2020-12-22","purchased_purges":2,"victory":false,"max_hp_per_floor":[80,80,80,80,80,80,80,80,80,80,80,80,80,80,80,80,80,83,83,83,86,86],"card_choices":[{"not_picked":["Uppercut","Clothesline"],"picked":"Ghostly Armor","floor":1},{"not_picked":["Intimidate","Battle Trance"],"picked":"Rampage","floor":2},{"not_picked":["Rampage","Burning Pact"],"picked":"Battle Trance","floor":4},{"not_picked":["Sword Boomerang","Clash"],"picked":"True Grit","floor":5},{"not_picked":["Havoc","Flex","Body Slam"],"picked":"SKIP","floor":13},{"not_picked":["Iron Wave","Metallicize"],"picked":"Shockwave","floor":14},{"not_picked":["Bludgeon","Juggernaut"],"picked":"Feed","floor":16},{"not_picked":["Cleave","Twin Strike","Combust+1"],"picked":"SKIP","floor":18}],"player_experience":93951,"relics_obtained":[],"event_choices":[{"damage_healed":0,"gold_gain":175,"player_choice":"AGREE","damage_taken":0,"max_hp_gain":0,"max_hp_loss":0,"event_name":"Liars Game","floor":7,"gold_loss":0,"cards_obtained":["Doubt"]},{"cards_removed":["Decay"],"damage_healed":0,"gold_gain":0,"player_choice":"Card Removal","damage_taken":7,"max_hp_gain":0,"max_hp_loss":0,"event_name":"Golden Wing","floor":11,"gold_loss":0},{"damage_healed":0,"gold_gain":100,"player_choice":"Pray","damage_taken":0,"max_hp_gain":0,"max_hp_loss":0,"event_name":"Golden Shrine","floor":12,"gold_loss":0},{"damage_healed":0,"gold_gain":99,"player_choice":"Stole From Cult","damage_taken":0,"max_hp_gain":0,"max_hp_loss":0,"event_name":"Nest","floor":19,"gold_loss":0}],"is_beta":false,"boss_relics":[{"not_picked":["Black Star","Calling Bell","Coffee Dripper"]}],"items_purged_floors":[10,20],"is_endless":false,"potions_floor_spawned":[1,5,14],"killed_by":"3 Byrds","ascension_level":0}}