{"host":"zfh44j5h77tkupss","time":1612033113,"event":{"mods":["AchievementEnabler","BaseMod","Bestiary","Better Skull","Better Third Choice","Better Vampires","Colored Map","Colored Powertips","Highlight Path","Minty Spire (QoL Compilation)","Permanent Neow","Quick Restart","Rare Cards Sparkle","Relic Stats","StSLib"],"gold_per_floor":[119,129,204,216,141,141,141,171,171,190,205,205,218,233,233,329,329,339,356,356,256,272,147,147,161,161,161,11,30,48,65,65,165,165,181,6,17,17,17,17,34,34,34,45,64,114,134,145,145,145],"floor_reached":51,"language":"ENG","playtime":1762,"items_purged":["Strike_R","Defend_R","Strike_R","Defend_R","Strike_R"],"score":757,"play_id":"93d9db0b-6235-460c-bd73-feeb63128b4a","local_time":"20210130195833","is_ascension_mode":false,"campfire_choices":[{"floor":6.0,"key":"REST"},{"floor":12.0,"key":"REST"},{"floor":15.0,"key":"REST"},{"floor":24.0,"key":"REST"},{"floor":27.0,"key":"REST"},{"floor":32.0,"key":"REST"},{"floor":40.0,"key":"REST"},{"floor":49.0,"key":"REST"}],"circlet_count":0,"master_deck":["Defend_R","Defend_R","Bash","Rampage","Apotheosis"],"relics":["Fusion Hammer","Lizard Tail","HornCleat","Charon\u0027s Ashes","Runic Pyramid","InkBottle","Philosopher\u0027s Stone","Smiling Mask","Orichalcum","Torii"],"acts_visited":["Exordium","TheCity","TheBeyond"],"potions_floor_usage":[50],"damage_taken":[{"damage":6.0,"enemies":"Cultist","floor":1.0,"turns":3.0},{"damage":5.0,"enemies":"Small Slimes","floor":2.0,"turns":3.0},{"damage":2.0,"enemies":"2 Louse","floor":4.0,"turns":3.0},{"damage":27.0,"enemies":"Gremlin Nob","floor":8.0,"turns":4.0},{"damage":26.0,"enemies":"Gremlin Gang","floor":10.0,"turns":4.0},{"damage":0.0,"enemies":"Blue Slaver","floor":11.0,"turns":3.0},{"damage":7.0,"enemies":"Large Slime","floor":13.0,"turns":5.0},{"damage":1.0,"enemies":"Exordium Wildlife","floor":14.0,"turns":5.0},{"damage":37.0,"enemies":"Hexaghost","floor":16.0,"turns":11.0},{"damage":10.0,"enemies":"2 Thieves","floor":18.0,"turns":4.0},{"damage":12.0,"enemies":"3 Byrds","floor":19.0,"turns":5.0},{"damage":16.0,"enemies":"Cultist and Chosen","floor":22.0,"turns":6.0},{"damage":26.0,"enemies":"Sentry and Sphere","floor":25.0,"turns":6.0},{"damage":16.0,"enemies":"Snake Plant","floor":29.0,"turns":3.0},{"damage":25.0,"enemies":"Centurion and Healer","floor":30.0,"turns":5.0},{"damage":16.0,"enemies":"Cultist and Chosen","floor":31.0,"turns":5.0},{"damage":19.0,"enemies":"Champ","floor":33.0,"turns":9.0},{"damage":6.0,"enemies":"Orb Walker","floor":35.0,"turns":3.0},{"damage":23.0,"enemies":"3 Shapes","floor":37.0,"turns":4.0},{"damage":11.0,"enemies":"Writhing Mass","floor":41.0,"turns":5.0},{"damage":6.0,"enemies":"Maw","floor":44.0,"turns":6.0},{"damage":16.0,"enemies":"Jaw Worm Horde","floor":45.0,"turns":4.0},{"damage":5.0,"enemies":"Mind Bloom Boss Battle","floor":46.0,"turns":5.0},{"damage":29.0,"enemies":"Sphere and 2 Shapes","floor":47.0,"turns":7.0},{"damage":22.0,"enemies":"Writhing Mass","floor":48.0,"turns":5.0},{"damage":45,"enemies":"Time Eater","floor":50,"turns":7}],"seed_played":"1555157817203964407","potions_obtained":[{"floor":1.0,"key":"DistilledChaos"},{"floor":8.0,"key":"EssenceOfSteel"},{"floor":13.0,"key":"Fruit Juice"},{"floor":16.0,"key":"GamblersBrew"},{"floor":19.0,"key":"CultistPotion"},{"floor":25.0,"key":"DistilledChaos"},{"floor":29.0,"key":"BloodPotion"},{"floor":31.0,"key":"Energy Potion"},{"floor":33.0,"key":"SmokeBomb"},{"floor":35.0,"key":"FearPotion"},{"floor":37.0,"key":"Fire Potion"},{"floor":47.0,"key":"EssenceOfSteel"},{"floor":48.0,"key":"Ancient Potion"}],"is_trial":false,"path_per_floor":["M","M","?","M","$","R","?","E","T","M","M","R","M","M","R","B",null,"M","M","?","$","M","$","R","M","T","R","$","M","M","M","R","B",null,"M","$","M","?","?","R","M","T","T","M","M","?","M","M","R","B",null],"character_chosen":"IRONCLAD","items_purchased":[],"campfire_rested":8,"item_purchase_floors":[],"current_hp_per_floor":[74,69,58,56,56,80,62,35,35,9,9,33,26,30,55,18,85,75,63,63,63,47,47,72,46,46,71,71,55,30,31,56,37,85,79,79,56,56,56,80,69,69,69,63,47,42,13,32,56,11],"gold":145,"neow_bonus":"BOSS_RELIC","is_daily":false,"chose_seed":false,"campfire_upgraded":0,"win_rate":0.0,"timestamp":1612033113,"path_taken":["M","?","?","M","$","R","?","E","T","M","M","R","M","M","R","BOSS","M","M","?","$","M","$","R","M","T","R","$","?","M","M","R","BOSS","M","$","M","?","?","R","M","?","T","M","M","?","M","?","R","BOSS"],"items_purchased_type":[],"build_version":"2020-12-22","purchased_purges":5,"victory":true,"max_hp_per_floor":[80,80,80,80,80,80,80,80,80,80,80,80,80,85,85,85,85,85,85,85,85,85,85,85,85,85,85,85,85,85,85,85,85,85,85,85,85,81,81,81,81,81,81,81,81,81,81,81,81,81],"relic_stats":{"Lizard Tail":40,"Torii":4,"counters":[26,130],"Charon\u0027s Ashes":[30],"Orichalcum":[30],"Smiling Mask":0,"obtain_stats":[{"Lizard Tail":7,"HornCleat":8,"Torii":46,"Philosopher\u0027s Stone":34,"Fusion Hammer":0,"Charon\u0027s Ashes":9,"Orichalcum":43,"Smiling Mask":42,"Burning Blood":0,"InkBottle":26,"Runic Pyramid":17},{"Lizard Tail":3,"HornCleat":4,"Torii":23,"Philosopher\u0027s Stone":17,"Fusion Hammer":0,"Charon\u0027s Ashes":4,"Orichalcum":20,"Smiling Mask":20,"Burning Blood":0,"InkBottle":13,"Runic Pyramid":9},{"Lizard Tail":9,"HornCleat":13,"Torii":111,"Philosopher\u0027s Stone":84,"Fusion Hammer":0,"Charon\u0027s Ashes":13,"Orichalcum":96,"Smiling Mask":96,"Burning Blood":0,"InkBottle":62,"Runic Pyramid":41}],"InkBottle":[14]},"card_choices":[{"not_picked":["Reckless Charge","Infernal Blade","Pommel Strike"],"picked":"SKIP","floor":1.0},{"not_picked":["Cleave","Pummel","Armaments"],"picked":"SKIP","floor":2.0},{"not_picked":["Sword Boomerang","Perfected Strike","Armaments"],"picked":"SKIP","floor":4.0},{"not_picked":["Reckless Charge","Second Wind","Battle Trance"],"picked":"SKIP","floor":8.0},{"not_picked":["True Grit","Evolve"],"picked":"Rampage","floor":10.0},{"not_picked":["Twin Strike","Carnage","Cleave"],"picked":"SKIP","floor":11.0},{"not_picked":["Infernal Blade","Searing Blow","Warcry"],"picked":"SKIP","floor":13.0},{"not_picked":["Uppercut","Twin Strike","Seeing Red"],"picked":"SKIP","floor":14.0},{"not_picked":["Seeing Red","Perfected Strike","Clothesline"],"picked":"SKIP","floor":18.0},{"not_picked":["Dual Wield","Heavy Blade","Dropkick"],"picked":"SKIP","floor":19.0},{"not_picked":["Anger","Cleave","Pommel Strike"],"picked":"SKIP","floor":22.0},{"not_picked":["Entrench","Warcry","Clothesline"],"picked":"SKIP","floor":25.0},{"not_picked":["Whirlwind","Havoc","Intimidate"],"picked":"SKIP","floor":29.0},{"not_picked":["Fiend Fire","Metallicize","Thunderclap"],"picked":"SKIP","floor":30.0},{"not_picked":["Shockwave","Thunderclap","Headbutt+1"],"picked":"SKIP","floor":31.0},{"not_picked":["Entrench+1","Havoc+1","Shockwave+1"],"picked":"SKIP","floor":35.0},{"not_picked":["Flame Barrier","Headbutt+1","Wild Strike"],"picked":"SKIP","floor":37.0},{"not_picked":["Metamorphosis","Panache"],"picked":"Apotheosis","floor":39.0},{"not_picked":["Cleave","Havoc+1","Battle Trance+1"],"picked":"SKIP","floor":41.0},{"not_picked":["Whirlwind+1","Body Slam","Sword Boomerang"],"picked":"SKIP","floor":44.0},{"not_picked":["Perfected Strike+1","Second Wind","Shrug It Off+1"],"picked":"SKIP","floor":45.0},{"not_picked":["Hemokinesis+1","True Grit","Armaments+1"],"picked":"SKIP","floor":47.0},{"not_picked":["Entrench+1","Metallicize+1","Barricade"],"picked":"SKIP","floor":48.0},{"not_picked":["Entrench+1","Metallicize+1","Barricade"],"picked":"SKIP","floor":48.0}],"player_experience":319683,"relics_obtained":[{"floor":8.0,"key":"HornCleat"},{"floor":9.0,"key":"Charon\u0027s Ashes"},{"floor":26.0,"key":"InkBottle"},{"floor":42.0,"key":"Smiling Mask"},{"floor":43.0,"key":"Orichalcum"},{"floor":46.0,"key":"Torii"}],"event_choices":[{"damage_healed":0.0,"max_hp_gain":0.0,"max_hp_loss":0.0,"gold_gain":75.0,"event_name":"betterThird:BetterGoop","player_choice":"Gold","floor":3.0,"gold_loss":0.0,"damage_taken":11.0},{"damage_healed":0.0,"max_hp_gain":0.0,"max_hp_loss":0.0,"gold_gain":0.0,"event_name":"betterThird:BetterScrap","player_choice":"Relic ","floor":7.0,"gold_loss":0.0,"damage_taken":18.0,"cards_obtained":["Chaos"]},{"cards_removed":["Strike_R"],"damage_healed":0.0,"max_hp_gain":0.0,"max_hp_loss":0.0,"gold_gain":0.0,"event_name":"Bonfire Elementals","player_choice":"Offered Basic","floor":20.0,"gold_loss":0.0,"damage_taken":0.0},{"damage_healed":0.0,"max_hp_gain":0.0,"max_hp_loss":4.0,"gold_gain":0.0,"event_name":"Winding Halls","player_choice":"Max HP","floor":38.0,"gold_loss":0.0,"damage_taken":0.0},{"damage_healed":0.0,"max_hp_gain":0.0,"max_hp_loss":0.0,"gold_gain":0.0,"event_name":"SensoryStone","player_choice":"Memory 1","floor":39.0,"gold_loss":0.0,"damage_taken":0.0},{"damage_healed":0.0,"max_hp_gain":0.0,"max_hp_loss":0.0,"gold_gain":0.0,"event_name":"MindBloom","player_choice":"Fight","floor":46.0,"gold_loss":0.0,"damage_taken":0.0}],"is_beta":false,"boss_relics":[{"not_picked":["Mark of Pain","Pandora\u0027s Box"],"picked":"Runic Pyramid"},{"not_picked":["Runic Dome","SacredBark"],"picked":"Philosopher\u0027s Stone"}],"items_purged_floors":[5,21,23,28,36],"is_endless":false,"potions_floor_spawned":[1,8,13,16,19,25,29,31,33,35,37,47,48],"ascension_level":0}}