{"host":"4cz9gr89nglr7k8k","time":1612042351,"event":{"mods":["BaseMod","Minty Spire (QoL Compilation)","Relic Stats","Slay-I"],"gold_per_floor":[119,138,138,138,161,161,174,174,199,222,255,267,279,306,318,330,330],"floor_reached":16,"language":"DEU","playtime":389,"items_purged":[],"score":184,"play_id":"10d9c77f-387e-4983-b6c9-fe9d94547cd8","local_time":"20210130223231","is_ascension_mode":true,"campfire_choices":[{"data":"Metallicize","floor":6,"key":"SMITH"},{"data":"Bash","floor":8,"key":"SMITH"},{"floor":15,"key":"REST"}],"circlet_count":0,"master_deck":["AscendersBane","Strike_R","Strike_R","Strike_R","Strike_R","Strike_R","Defend_R","Defend_R","Defend_R","Defend_R","Bash+1","Shockwave","Cleave","Metallicize+1","Heavy Blade","Flex","Pommel Strike"],"relics":["Burning Blood","Tiny Chest","Golden Idol","Bag of Marbles","MawBank","Bag of Preparation"],"acts_visited":["Exordium"],"potions_floor_usage":[16],"damage_taken":[{"damage":10,"enemies":"2 Louse","floor":1,"turns":3},{"damage":12,"enemies":"Jaw Worm","floor":2,"turns":2},{"damage":6,"enemies":"Small Slimes","floor":5,"turns":3},{"damage":12,"enemies":"Looter","floor":7,"turns":4},{"damage":1,"enemies":"2 Fungi Beasts","floor":11,"turns":4},{"damage":18,"enemies":"Red Slaver","floor":14,"turns":3},{"damage":50,"enemies":"The Guardian","floor":16,"turns":13}],"seed_played":"4045566537814204396","potions_obtained":[{"floor":1,"key":"GamblersBrew"},{"floor":2,"key":"ColorlessPotion"},{"floor":7,"key":"Fire Potion"},{"floor":14,"key":"DuplicationPotion"}],"is_trial":false,"path_per_floor":["M","M","?","?","M","R","M","R","T","T","M","?","?","M","R","B"],"character_chosen":"IRONCLAD","items_purchased":[],"campfire_rested":1,"item_purchase_floors":[],"current_hp_per_floor":[64,58,58,58,58,58,52,52,52,52,57,62,36,24,48,0,0],"gold":330,"neow_bonus":"RANDOM_COMMON_RELIC","is_daily":false,"chose_seed":false,"campfire_upgraded":2,"win_rate":0.0,"timestamp":1612042351,"path_taken":["M","M","?","?","?","R","M","R","T","?","M","?","?","M","R","BOSS"],"items_purchased_type":[],"build_version":"2020-12-22","purchased_purges":0,"victory":false,"max_hp_per_floor":[75,75,75,75,75,75,75,75,75,75,75,80,80,80,80,80,80],"relic_stats":{"counters":[7,32],"Golden Idol":15,"Tiny Chest":1,"Bag of Preparation":[4],"MawBank":72,"obtain_stats":[{"Golden Idol":3,"Tiny Chest":0,"Bag of Marbles":9,"Bag of Preparation":13,"MawBank":10,"Burning Blood":0},{"Golden Idol":2,"Tiny Chest":0,"Bag of Marbles":4,"Bag of Preparation":5,"MawBank":4,"Burning Blood":0},{"Golden Idol":5,"Tiny Chest":0,"Bag of Marbles":12,"Bag of Preparation":16,"MawBank":12,"Burning Blood":0}],"Burning Blood":36},"card_choices":[{"not_picked":["Pummel","Sentinel"],"picked":"Shockwave","floor":1},{"not_picked":["Rage","Twin Strike"],"picked":"Cleave","floor":2},{"not_picked":["Anger","Iron Wave"],"picked":"Metallicize","floor":5},{"not_picked":["Headbutt","Searing Blow"],"picked":"Heavy Blade","floor":7},{"not_picked":["Heavy Blade","Body Slam"],"picked":"Flex","floor":11},{"not_picked":["Barricade","True Grit"],"picked":"Pommel Strike","floor":14}],"player_experience":1531254,"relics_obtained":[{"floor":9,"key":"Bag of Marbles"},{"floor":10,"key":"MawBank"}],"event_choices":[{"damage_healed":0,"gold_gain":0,"player_choice":"Take Wound","damage_taken":0,"relics_obtained":["Golden Idol"],"max_hp_gain":0,"max_hp_loss":0,"event_name":"Golden Idol","floor":3,"gold_loss":0,"cards_obtained":["Injury"]},{"cards_removed":["Injury"],"damage_healed":0,"gold_gain":0,"player_choice":"Forget","damage_taken":0,"max_hp_gain":0,"max_hp_loss":0,"event_name":"Living Wall","floor":4,"gold_loss":0},{"damage_healed":0,"gold_gain":0,"player_choice":"Donut","damage_taken":0,"max_hp_gain":5,"max_hp_loss":0,"event_name":"Big Fish","floor":12,"gold_loss":0},{"damage_healed":0,"gold_gain":0,"player_choice":"Success","damage_taken":26,"relics_obtained":["Bag of Preparation"],"max_hp_gain":0,"max_hp_loss":0,"event_name":"Scrap Ooze","floor":13,"gold_loss":0}],"is_beta":false,"boss_relics":[],"items_purged_floors":[],"is_endless":false,"potions_floor_spawned":[1,2,7,14],"killed_by":"The Guardian","ascension_level":20}}