{"host":"w3q5ijqu8eoknil3","time":1612026323,"event":{"mods":["AchievementEnabler","BaseMod","Block Reminder","Colored Map","Colored Powertips","Curses Come First","Dark Map","Minty Spire (QoL Compilation)","Quick Restart","Relic Stats","StSLib","ojb\u0027s Better Paths Mod","ojb\u0027s Info Mod","slay the spire mod where everything is the same but ironclad has a cowboy hat"],"gold_per_floor":[213,223,235,41,56,72,130,149,196,208,208],"floor_reached":10,"language":"ENG","playtime":343,"items_purged":[],"score":121,"play_id":"2e44d269-c9f1-47fd-8c6e-97389d3fe50c","local_time":"20210130170523","is_ascension_mode":true,"campfire_choices":[],"circlet_count":0,"master_deck":["AscendersBane","Strike_G","Strike_G","Strike_G","Strike_G","Strike_G","Defend_G","Defend_G","Defend_G","Defend_G","Defend_G","Survivor","Neutralize","Skewer","Poisoned Stab","Catalyst","Outmaneuver","PiercingWail","Bane","Dagger Spray","Poisoned Stab"],"relics":["Ring of the Snake","TwistedFunnel","Gambling Chip","MawBank"],"acts_visited":["Exordium"],"potions_floor_usage":[5,6,8],"damage_taken":[{"damage":0,"enemies":"Jaw Worm","floor":1,"turns":4},{"damage":6,"enemies":"2 Louse","floor":2,"turns":3},{"damage":0,"enemies":"Cultist","floor":3,"turns":4},{"damage":1,"enemies":"Exordium Wildlife","floor":5,"turns":3},{"damage":14,"enemies":"3 Louse","floor":6,"turns":3},{"damage":34,"enemies":"3 Sentries","floor":7,"turns":10},{"damage":1,"enemies":"Red Slaver","floor":8,"turns":2},{"damage":3,"enemies":"Gremlin Nob","floor":10,"turns":2}],"seed_played":"4425124262721328502","potions_obtained":[{"floor":1,"key":"DuplicationPotion"},{"floor":5,"key":"Weak Potion"},{"floor":7,"key":"Fire Potion"}],"is_trial":false,"path_per_floor":["M","M","M","$","M","M","?","M","T","E"],"character_chosen":"THE_SILENT","items_purchased":["TwistedFunnel","Outmaneuver"],"campfire_rested":0,"item_purchase_floors":[4,4],"current_hp_per_floor":[59,53,53,53,52,38,4,3,3,0,0],"gold":208,"neow_bonus":"HUNDRED_GOLD","is_daily":false,"chose_seed":false,"campfire_upgraded":0,"win_rate":0.0,"timestamp":1612026323,"path_taken":["M","M","M","$","M","M","?","M","T","E"],"items_purchased_type":["Relic","Card"],"build_version":"2020-12-22","purchased_purges":0,"victory":false,"max_hp_per_floor":[66,66,66,66,66,66,66,66,66,66,66],"relic_stats":{"counters":[8,31],"Gambling Chip":[4],"MawBank":12,"obtain_stats":[{"TwistedFunnel":4,"Gambling Chip":7,"MawBank":9,"Ring of the Snake":0},{"TwistedFunnel":3,"Gambling Chip":6,"MawBank":7,"Ring of the Snake":0},{"TwistedFunnel":11,"Gambling Chip":27,"MawBank":29,"Ring of the Snake":0}],"Ring of the Snake":[16]},"card_choices":[{"not_picked":["Terror","Deflect"],"picked":"Skewer","floor":1},{"not_picked":["Dagger Throw","Prepared"],"picked":"Poisoned Stab","floor":2},{"not_picked":["Poisoned Stab","Well Laid Plans"],"picked":"Catalyst","floor":3},{"not_picked":["Sucker Punch","Dodge and Roll"],"picked":"PiercingWail","floor":5},{"not_picked":["Underhanded Strike","Blade Dance"],"picked":"Bane","floor":6},{"not_picked":["Footwork","Endless Agony"],"picked":"Dagger Spray","floor":7},{"not_picked":["Dodge and Roll","Prepared"],"picked":"Poisoned Stab","floor":8}],"player_experience":1024118,"relics_obtained":[{"floor":7,"key":"Gambling Chip"},{"floor":9,"key":"MawBank"}],"event_choices":[{"damage_healed":0,"gold_gain":0,"player_choice":"Searched \u00272\u0027 times","damage_taken":0,"max_hp_gain":0,"max_hp_loss":0,"event_name":"Dead Adventurer","floor":7,"gold_loss":0}],"is_beta":false,"boss_relics":[],"items_purged_floors":[],"is_endless":false,"potions_floor_spawned":[1,5,7],"killed_by":"Gremlin Nob","ascension_level":19}}