{"host":"6xsbn6ynqlzwllfm","time":1612033374,"event":{"mods":["2.2 Compatiblity","BaseMod","Bestiary","Colored Map","Colored Powertips","Curses Come First","Highlight Path","Keyboard Shortcuts","Minty Spire (QoL Compilation)","Relic Stats","Slay the Relics Exporter","StSLib","SuperFastMode"],"gold_per_floor":[118,118,129,143,143,143,143],"floor_reached":6,"language":"ENG","playtime":157,"items_purged":[],"score":72,"play_id":"160ceb5c-2ae2-4796-b165-b88d985ed3e7","local_time":"20210130140254","is_ascension_mode":true,"campfire_choices":[],"circlet_count":0,"master_deck":["AscendersBane","Strike_P","Strike_P","Strike_P","Defend_P","Defend_P","Defend_P","Defend_P","Eruption","Vigilance","EmptyFist","EmptyBody","MentalFortress","EmptyBody"],"relics":["Velvet Choker","Bronze Scales"],"acts_visited":["Exordium"],"potions_floor_usage":[],"damage_taken":[{"damage":5,"enemies":"Small Slimes","floor":1,"turns":3},{"damage":3,"enemies":"2 Louse","floor":3,"turns":2},{"damage":2,"enemies":"Jaw Worm","floor":4,"turns":2},{"damage":27,"enemies":"3 Sentries","floor":6,"turns":6}],"seed_played":"-5385787628182994403","potions_obtained":[{"floor":1,"key":"Dexterity Potion"}],"is_trial":false,"path_per_floor":["M","?","M","M","?","E"],"character_chosen":"WATCHER","items_purchased":[],"campfire_rested":0,"item_purchase_floors":[],"current_hp_per_floor":[56,30,27,25,25,0,0],"gold":143,"neow_bonus":"BOSS_RELIC","is_daily":false,"chose_seed":false,"campfire_upgraded":0,"win_rate":0.0,"timestamp":1612033374,"path_taken":["M","?","M","M","?","E"],"items_purchased_type":[],"build_version":"2020-12-22","purchased_purges":0,"victory":false,"max_hp_per_floor":[68,68,68,68,68,68,68],"relic_stats":{"counters":[4,13],"Bronze Scales":[27],"obtain_stats":[{"Bronze Scales":2,"Velvet Choker":0,"PureWater":0},{"Bronze Scales":1,"Velvet Choker":0,"PureWater":0},{"Bronze Scales":3,"Velvet Choker":0,"PureWater":0}]},"card_choices":[{"not_picked":["BattleHymn","ForeignInfluence"],"picked":"EmptyFist","floor":1},{"not_picked":["WreathOfFlame","WaveOfTheHand"],"picked":"EmptyBody","floor":3},{"not_picked":["Study","Consecrate"],"picked":"MentalFortress","floor":4}],"player_experience":1296218,"relics_obtained":[],"event_choices":[{"damage_healed":0,"gold_gain":0,"player_choice":"Success","damage_taken":26,"relics_obtained":["Bronze Scales"],"max_hp_gain":0,"max_hp_loss":0,"event_name":"Scrap Ooze","floor":2,"gold_loss":0},{"damage_healed":0,"gold_gain":0,"cards_transformed":["Strike_P"],"player_choice":"Change","damage_taken":0,"max_hp_gain":0,"max_hp_loss":0,"event_name":"Living Wall","floor":5,"gold_loss":0,"cards_obtained":["EmptyBody"]}],"is_beta":false,"boss_relics":[],"items_purged_floors":[],"is_endless":false,"potions_floor_spawned":[1],"killed_by":"3 Sentries","ascension_level":20}}