{"host":"6g3xdvewo8r2cc5h","time":1612032350,"event":{"mods":["AchievementEnabler","BaseMod","Minty Spire (QoL Compilation)","SuperFastMode"],"gold_per_floor":[113,113,129,49,65,65,94,94,175,175,175,202,217,217,217,314,314,326,326,326,336,352,381,381,381],"floor_reached":24,"language":"ENG","playtime":535,"items_purged":[],"score":382,"play_id":"29706eaa-0cb4-45a5-bb24-151710e12e57","local_time":"20210130194550","is_ascension_mode":true,"campfire_choices":[{"data":"Accuracy","floor":6,"key":"SMITH"},{"data":"Cloak And Dagger","floor":8,"key":"SMITH"},{"data":"Accuracy","floor":10,"key":"SMITH"},{"floor":15,"key":"REST"}],"circlet_count":0,"master_deck":["AscendersBane","Strike_G+1","Strike_G+1","Strike_G+1","Strike_G+1","Defend_G+1","Defend_G+1","Defend_G+1","Defend_G+1","Defend_G+1","Survivor","Neutralize","Cloak And Dagger+1","Accuracy+1","Accuracy+1","Backflip","Acrobatics","Infinite Blades","A Thousand Cuts","Cloak And Dagger"],"relics":["WristBlade","Akabeko","Anchor","Shuriken","Dream Catcher","Philosopher\u0027s Stone","Tiny Chest"],"acts_visited":["Exordium","TheCity"],"potions_floor_usage":[22,24],"damage_taken":[{"damage":5,"enemies":"Jaw Worm","floor":1,"turns":5},{"damage":4,"enemies":"Small Slimes","floor":3,"turns":4},{"damage":0,"enemies":"Cultist","floor":5,"turns":3},{"damage":14,"enemies":"Lagavulin","floor":7,"turns":8},{"damage":0,"enemies":"Red Slaver","floor":13,"turns":2},{"damage":10,"enemies":"Hexaghost","floor":16,"turns":6},{"damage":48,"enemies":"3 Byrds","floor":18,"turns":4},{"damage":0,"enemies":"Chosen","floor":21,"turns":3},{"damage":5,"enemies":"3 Cultists","floor":22,"turns":4},{"damage":0,"enemies":"Gremlin Leader","floor":23,"turns":5},{"damage":14,"enemies":"Masked Bandits","floor":24,"turns":2}],"seed_played":"-4461405738175405016","potions_obtained":[{"floor":1,"key":"EssenceOfSteel"},{"floor":3,"key":"Block Potion"}],"is_trial":false,"path_per_floor":["M","?","M","$","M","R","E","R","T","R","?","T","M","$","R","B",null,"M","?","?","M","M","E","?"],"character_chosen":"THE_SILENT","items_purchased":["Accuracy"],"campfire_rested":1,"item_purchase_floors":[4],"current_hp_per_floor":[58,51,47,47,47,47,33,33,33,33,33,33,33,33,54,44,64,16,16,16,16,11,11,0,0],"gold":381,"neow_bonus":"BOSS_RELIC","is_daily":false,"chose_seed":false,"campfire_upgraded":3,"win_rate":0.0,"timestamp":1612032350,"path_taken":["M","?","M","$","M","R","E","R","T","R","?","?","?","$","R","BOSS","M","?","?","M","M","E","?"],"items_purchased_type":["Card"],"build_version":"2020-12-22","purchased_purges":0,"victory":false,"max_hp_per_floor":[70,70,70,70,70,70,70,70,70,70,70,70,70,70,70,70,70,70,70,70,70,70,70,70,70],"card_choices":[{"not_picked":["Caltrops","Well Laid Plans","Poisoned Stab"],"picked":"SKIP","floor":1},{"not_picked":["Flying Knee","Flechettes"],"picked":"Cloak And Dagger","floor":3},{"not_picked":["Reflex","Backflip"],"picked":"Accuracy","floor":5},{"not_picked":["Dagger Throw","Dodge and Roll"],"picked":"Backflip","floor":7},{"not_picked":["Venomology","Sucker Punch"],"picked":"Infinite Blades","floor":13},{"not_picked":["Glass Knife","Storm of Steel"],"picked":"A Thousand Cuts","floor":16},{"not_picked":["Reflex+1","Backstab"],"picked":"Cloak And Dagger","floor":18},{"not_picked":["Dagger Spray+1","Flying Knee","Dodge and Roll"],"picked":"SKIP","floor":21},{"not_picked":["Poisoned Stab","Leg Sweep","Bane"],"picked":"SKIP","floor":22},{"not_picked":["Underhanded Strike","All Out Attack","Deadly Poison"],"picked":"SKIP","floor":23}],"player_experience":221738,"relics_obtained":[{"floor":7,"key":"Anchor"},{"floor":9,"key":"Shuriken"},{"floor":12,"key":"Dream Catcher"},{"floor":23,"key":"Tiny Chest"}],"event_choices":[{"damage_healed":0,"gold_gain":0,"player_choice":"Success","damage_taken":7,"relics_obtained":["Akabeko"],"max_hp_gain":0,"max_hp_loss":0,"event_name":"Scrap Ooze","floor":2,"gold_loss":0},{"damage_healed":0,"gold_gain":0,"cards_transformed":["Strike_G"],"player_choice":"Change","damage_taken":0,"max_hp_gain":0,"max_hp_loss":0,"event_name":"Living Wall","floor":11,"gold_loss":0,"cards_obtained":["Acrobatics"]},{"damage_healed":0,"gold_gain":0,"player_choice":"Ignored","damage_taken":0,"max_hp_gain":0,"max_hp_loss":0,"event_name":"Ghosts","floor":19,"gold_loss":0},{"damage_healed":0,"gold_gain":0,"player_choice":"Simplicity","damage_taken":0,"max_hp_gain":0,"max_hp_loss":0,"event_name":"Back to Basics","floor":20,"gold_loss":0,"cards_upgraded":["Strike_G","Strike_G","Strike_G","Strike_G","Defend_G","Defend_G","Defend_G","Defend_G","Defend_G"]},{"damage_healed":0,"gold_gain":0,"player_choice":"Fought Bandits","damage_taken":0,"max_hp_gain":0,"max_hp_loss":0,"event_name":"Masked Bandits","floor":24,"gold_loss":0}],"is_beta":false,"boss_relics":[{"not_picked":["Pandora\u0027s Box","SacredBark"],"picked":"Philosopher\u0027s Stone"}],"items_purged_floors":[],"is_endless":false,"potions_floor_spawned":[1,3,18,21],"killed_by":"Masked Bandits","ascension_level":12}}