{"host":"guzbs4v8630hpsy6","time":1612035140,"event":{"mods":["2.2 Compatiblity","AchievementEnabler","BaseMod","Block Reminder","DeckTracker","Highlight Path","Minty Spire (QoL Compilation)","Relic Stats","SuperFastMode"],"gold_per_floor":[109,122,134,134,149,176,176,186,186,219,219,237,237,270,270,344,344,364,364,364,279,279,305,305,338,338,350,385,325,425,451,451,523,523,534,454,468,192,202,227,227,262,288,298,329,329,347,376,376,376,376,376,8,43,43,43],"floor_reached":55,"language":"ENG","playtime":4667,"items_purged":["Rebound","Dualcast","Zap"],"score":1641,"play_id":"6c9cc3b4-a27f-4b63-9c87-a109316b3e65","local_time":"20210131033220","is_ascension_mode":true,"campfire_choices":[{"data":"Hyperbeam","floor":7.0,"key":"SMITH"},{"floor":13.0,"key":"REST"},{"data":"Consume","floor":15.0,"key":"SMITH"},{"floor":24.0,"key":"REST"},{"data":"Go for the Eyes","floor":32.0,"key":"SMITH"},{"data":"FTL","floor":41.0,"key":"SMITH"},{"floor":49.0,"key":"RECALL"},{"data":"Beam Cell","floor":52.0,"key":"SMITH"}],"circlet_count":0,"master_deck":["AscendersBane","Hyperbeam+1","Streamline+1","Compile Driver","Consume+1","Glacier","Leap","BootSequence","Ball Lightning","Echo Form","Rebound","Amplify","Streamline","All For One","Beam Cell+1","Cold Snap","Necronomicurse","Ghostly","Ghostly","Ghostly","Ghostly","Ghostly","Loop","Turbo+1","Go for the Eyes+1","All For One","Hologram+1","FTL+1","Undo+1","Recycle+1","Master of Strategy+1","Reprogram+1","Reinforced Body+1","Conserve Battery+1","Reprogram+1","Leap+1","Flash of Steel","Go for the Eyes","Metamorphosis+1","Recycle+1","Aggregate+1","Hologram+1","Coolheaded+1","Leap+1","Coolheaded+1"],"relics":["Cracked Core","MealTicket","The Courier","White Beast Statue","Pantograph","Pandora\u0027s Box","Necronomicon","Blood Vial","Gremlin Horn","PreservedInsect","Toxic Egg 2","Gambling Chip","Lizard Tail","Kunai","DataDisk","Philosopher\u0027s Stone","Membership Card","Torii","Ice Cream","Letter Opener","Mummified Hand","Frozen Eye","Bag of Preparation"],"acts_visited":["Exordium","TheCity","TheBeyond","TheEnding"],"potions_floor_usage":[55,55],"damage_taken":[{"damage":0.0,"enemies":"2 Louse","floor":1.0,"turns":2.0},{"damage":0.0,"enemies":"Cultist","floor":2.0,"turns":2.0},{"damage":0.0,"enemies":"Small Slimes","floor":3.0,"turns":1.0},{"damage":2.0,"enemies":"Looter","floor":5.0,"turns":3.0},{"damage":21.0,"enemies":"Gremlin Nob","floor":6.0,"turns":4.0},{"damage":0.0,"enemies":"3 Louse","floor":8.0,"turns":1.0},{"damage":0.0,"enemies":"3 Sentries","floor":10.0,"turns":3.0},{"damage":6.0,"enemies":"Large Slime","floor":12.0,"turns":5.0},{"damage":0.0,"enemies":"Gremlin Nob","floor":14.0,"turns":2.0},{"damage":3.0,"enemies":"Slime Boss","floor":16.0,"turns":8.0},{"damage":2.0,"enemies":"Shell Parasite","floor":18.0,"turns":3.0},{"damage":26.0,"enemies":"Book of Stabbing","floor":23.0,"turns":8.0},{"damage":10.0,"enemies":"Slavers","floor":25.0,"turns":2.0},{"damage":0.0,"enemies":"2 Thieves","floor":27.0,"turns":1.0},{"damage":0.0,"enemies":"Gremlin Leader","floor":28.0,"turns":2.0},{"damage":4.0,"enemies":"Colosseum Slavers","floor":30.0,"turns":3.0},{"damage":0.0,"enemies":"Colosseum Nobs","floor":30.0,"turns":6.0},{"damage":29.0,"enemies":"Automaton","floor":33.0,"turns":9.0},{"damage":0.0,"enemies":"3 Shapes","floor":35.0,"turns":1.0},{"damage":3.0,"enemies":"Orb Walker","floor":37.0,"turns":3.0},{"damage":1.0,"enemies":"Maw","floor":39.0,"turns":7.0},{"damage":0.0,"enemies":"Reptomancer","floor":40.0,"turns":4.0},{"damage":0.0,"enemies":"Giant Head","floor":42.0,"turns":5.0},{"damage":12.0,"enemies":"Sphere and 2 Shapes","floor":44.0,"turns":2.0},{"damage":4.0,"enemies":"Reptomancer","floor":45.0,"turns":3.0},{"damage":2.0,"enemies":"Spire Growth","floor":47.0,"turns":3.0},{"damage":2.0,"enemies":"Giant Head","floor":48.0,"turns":7.0},{"damage":6.0,"enemies":"Awakened One","floor":50.0,"turns":7.0},{"damage":3.0,"enemies":"Shield and Spear","floor":54.0,"turns":5.0},{"damage":92,"enemies":"The Heart","floor":55,"turns":5}],"seed_played":"-5217526067876924508","potions_obtained":[{"floor":1.0,"key":"SkillPotion"},{"floor":5.0,"key":"Strength Potion"},{"floor":8.0,"key":"EssenceOfSteel"},{"floor":12.0,"key":"DuplicationPotion"},{"floor":14.0,"key":"Dexterity Potion"},{"floor":16.0,"key":"Block Potion"},{"floor":18.0,"key":"FearPotion"},{"floor":25.0,"key":"Regen Potion"},{"floor":28.0,"key":"Regen Potion"},{"floor":30.0,"key":"FearPotion"},{"floor":33.0,"key":"Strength Potion"},{"floor":37.0,"key":"PowerPotion"},{"floor":54.0,"key":"SneckoOil"}],"is_trial":false,"path_per_floor":["M","M","M","?","M","E","R","M","T","E","?","M","R","E","R","B",null,"M","?","?","?","?","E","R","E","T","M","E","$","?","T","R","B",null,"M","$","M","$","M","E","R","E","T","M","E","?","M","E","R","B",null,"R","$","E","B"],"character_chosen":"DEFECT","items_purchased":["Membership Card","FTL","Undo+1","Recycle+1","Master of Strategy+1","Flash of Steel","Go for the Eyes","Metamorphosis+1","Recycle+1","Aggregate+1","Hologram+1","Coolheaded+1","Leap+1","Frozen Eye"],"campfire_rested":2,"item_purchase_floors":[38,38,38,38,38,53,53,53,53,53,53,53,53,53],"current_hp_per_floor":[64,64,64,64,62,41,41,41,41,41,41,35,54,54,54,61,63,61,45,45,45,32,6,15,7,7,9,16,31,30,30,30,3,25,27,32,29,32,31,32,32,32,32,20,18,18,18,18,18,24,29,29,30,27,0,0],"gold":43,"neow_bonus":"THREE_RARE_CARDS","is_daily":false,"chose_seed":false,"campfire_upgraded":5,"win_rate":0.0,"timestamp":1612035140,"path_taken":["M","M","M","?","?","E","R","M","T","E","?","?","R","E","R","BOSS","M","?","?","?","?","E","R","E","T","M","E","$","?","?","R","BOSS","M","$","M","$","M","E","R","E","T","M","E","?","M","E","R","BOSS","R","$","E","BOSS"],"items_purchased_type":["Relic","Card","Card","Card","Card","Card","Card","Card","Card","Card","Card","Card","Card","Relic"],"build_version":"2020-12-22","purchased_purges":3,"victory":false,"max_hp_per_floor":[64,64,64,64,64,64,64,64,64,64,64,64,64,64,64,64,64,64,64,64,64,32,32,32,32,32,32,32,32,32,32,32,32,32,32,32,32,32,32,32,32,32,32,32,32,30,30,30,30,30,30,30,30,30,30,30],"relic_stats":{"Gremlin Horn":[21,21],"Torii":0,"counters":[30,117],"PreservedInsect":544,"Bag of Preparation":[2],"Letter Opener":[75],"Blood Vial":24,"Lizard Tail":15,"Mummified Hand":[5],"Pantograph":21,"Gambling Chip":[41],"MealTicket":24,"Pandora\u0027s Box":["Rebound","Amplify","Streamline","All For One","Beam Cell","Rebound","Cold Snap"],"Necronomicon":[51],"Kunai":[50],"obtain_stats":[{"Ice Cream":42,"Gremlin Horn":23,"Torii":40,"The Courier":9,"PreservedInsect":25,"Bag of Preparation":54,"Letter Opener":45,"White Beast Statue":10,"Blood Vial":21,"Frozen Eye":53,"Lizard Tail":30,"DataDisk":31,"Mummified Hand":48,"Pantograph":14,"Gambling Chip":28,"MealTicket":6,"Pandora\u0027s Box":17,"Philosopher\u0027s Stone":34,"Necronomicon":19,"Kunai":30,"Membership Card":38,"Toxic Egg 2":26,"Cracked Core":0},{"Ice Cream":23,"Gremlin Horn":12,"Torii":22,"The Courier":6,"PreservedInsect":13,"Bag of Preparation":29,"Letter Opener":25,"White Beast Statue":7,"Blood Vial":11,"Frozen Eye":28,"Lizard Tail":17,"DataDisk":17,"Mummified Hand":27,"Pantograph":9,"Gambling Chip":15,"MealTicket":5,"Pandora\u0027s Box":10,"Philosopher\u0027s Stone":18,"Necronomicon":11,"Kunai":17,"Membership Card":20,"Toxic Egg 2":13,"Cracked Core":0},{"Ice Cream":85,"Gremlin Horn":42,"Torii":80,"The Courier":13,"PreservedInsect":44,"Bag of Preparation":112,"Letter Opener":90,"White Beast Statue":16,"Blood Vial":34,"Frozen Eye":107,"Lizard Tail":56,"DataDisk":56,"Mummified Hand":100,"Pantograph":23,"Gambling Chip":47,"MealTicket":12,"Pandora\u0027s Box":31,"Philosopher\u0027s Stone":65,"Necronomicon":34,"Kunai":56,"Membership Card":69,"Toxic Egg 2":44,"Cracked Core":0}]},"card_choices":[{"not_picked":["Thunder Strike","Meteor Strike"],"picked":"Hyperbeam","floor":0.0},{"not_picked":["Tempest","Leap","Coolheaded"],"picked":"SKIP","floor":1.0},{"not_picked":["Barrage","Stack"],"picked":"Streamline","floor":2.0},{"not_picked":["Self Repair","Hologram"],"picked":"Compile Driver","floor":3.0},{"not_picked":["Aggregate","Turbo","Hologram"],"picked":"SKIP","floor":5.0},{"not_picked":["Hologram","Force Field"],"picked":"Consume","floor":6.0},{"not_picked":["Static Discharge","Redo"],"picked":"Glacier","floor":8.0},{"not_picked":["Aggregate","Hello World","Sweeping Beam"],"picked":"SKIP","floor":10.0},{"not_picked":["Conserve Battery","BootSequence","Streamline"],"picked":"SKIP","floor":12.0},{"not_picked":["Conserve Battery","Streamline"],"picked":"BootSequence","floor":12.0},{"not_picked":["FTL","Redo"],"picked":"Ball Lightning","floor":14.0},{"not_picked":["Amplify","Core Surge"],"picked":"Echo Form","floor":16.0},{"not_picked":["Compile Driver","Static Discharge","Ball Lightning"],"picked":"SKIP","floor":18.0},{"not_picked":["Sweeping Beam","Hello World","Fusion"],"picked":"SKIP","floor":23.0},{"not_picked":["Fission","Leap"],"picked":"Loop","floor":25.0},{"not_picked":["Sweeping Beam","Blizzard"],"picked":"Turbo+1","floor":27.0},{"not_picked":["Beam Cell","Cold Snap","Stack+1"],"picked":"SKIP","floor":28.0},{"not_picked":["Streamline","Conserve Battery+1"],"picked":"Go for the Eyes","floor":30.0},{"not_picked":["Machine Learning","Hyperbeam"],"picked":"All For One","floor":33.0},{"not_picked":["Barrage","Redo+1","Chaos+1"],"picked":"SKIP","floor":35.0},{"not_picked":["Leap+1","Scrape"],"picked":"Hologram+1","floor":37.0},{"not_picked":["Beam Cell","Redo+1","Barrage"],"picked":"SKIP","floor":39.0},{"not_picked":["Chill+1","Go for the Eyes+1"],"picked":"Reprogram+1","floor":40.0},{"not_picked":["BootSequence+1","Stack+1"],"picked":"Reinforced Body+1","floor":42.0},{"not_picked":["Doom and Gloom","Rebound","Conserve Battery+1"],"picked":"SKIP","floor":44.0},{"not_picked":["Hologram+1","Aggregate+1"],"picked":"Conserve Battery+1","floor":45.0},{"not_picked":["Redo+1","Recycle+1"],"picked":"Reprogram+1","floor":47.0},{"not_picked":["Double Energy+1","Capacitor"],"picked":"Leap+1","floor":48.0},{"not_picked":["Fusion+1","Chaos+1"],"picked":"Coolheaded+1","floor":54.0}],"player_experience":559920,"relics_obtained":[{"floor":6.0,"key":"MealTicket"},{"floor":9.0,"key":"The Courier"},{"floor":10.0,"key":"White Beast Statue"},{"floor":14.0,"key":"Pantograph"},{"floor":19.0,"key":"Necronomicon"},{"floor":23.0,"key":"Gremlin Horn"},{"floor":25.0,"key":"PreservedInsect"},{"floor":26.0,"key":"Toxic Egg 2"},{"floor":28.0,"key":"Gambling Chip"},{"floor":30.0,"key":"Lizard Tail"},{"floor":30.0,"key":"Kunai"},{"floor":31.0,"key":"DataDisk"},{"floor":40.0,"key":"Torii"},{"floor":42.0,"key":"Ice Cream"},{"floor":45.0,"key":"Letter Opener"},{"floor":48.0,"key":"Mummified Hand"},{"floor":54.0,"key":"Bag of Preparation"}],"event_choices":[{"damage_healed":0.0,"max_hp_gain":0.0,"max_hp_loss":0.0,"gold_gain":0.0,"event_name":"Upgrade Shrine","player_choice":"Upgraded","floor":4.0,"gold_loss":0.0,"damage_taken":0.0,"cards_upgraded":["Streamline"]},{"damage_healed":0.0,"max_hp_gain":0.0,"max_hp_loss":0.0,"gold_gain":0.0,"cards_transformed":["Strike_B"],"event_name":"Transmorgrifier","player_choice":"Transformed","floor":11.0,"gold_loss":0.0,"damage_taken":0.0,"cards_obtained":["Leap"]},{"damage_healed":0.0,"max_hp_gain":0.0,"max_hp_loss":0.0,"gold_gain":0.0,"event_name":"Cursed Tome","player_choice":"Obtained Book","floor":19.0,"gold_loss":0.0,"damage_taken":16.0},{"damage_healed":0.0,"max_hp_gain":0.0,"max_hp_loss":0.0,"gold_gain":0.0,"event_name":"The Mausoleum","player_choice":"Ignored","floor":20.0,"gold_loss":0.0,"damage_taken":0.0},{"damage_healed":0.0,"max_hp_gain":0.0,"max_hp_loss":0.0,"gold_gain":0.0,"event_name":"Addict","player_choice":"Obtained Relic","floor":21.0,"gold_loss":85.0,"damage_taken":0.0,"relics_obtained":["Blood Vial"]},{"damage_healed":0.0,"max_hp_gain":0.0,"max_hp_loss":32.0,"gold_gain":0.0,"event_name":"Ghosts","player_choice":"Became a Ghost","floor":22.0,"gold_loss":0.0,"damage_taken":0.0,"cards_obtained":["Ghostly","Ghostly","Ghostly","Ghostly","Ghostly"]},{"damage_healed":0.0,"max_hp_gain":0.0,"max_hp_loss":0.0,"gold_gain":0.0,"event_name":"Colosseum","player_choice":"Fight","floor":30.0,"gold_loss":0.0,"damage_taken":0.0},{"damage_healed":0.0,"max_hp_gain":0.0,"max_hp_loss":0.0,"gold_gain":0.0,"event_name":"Colosseum","player_choice":"Fought Nobs","floor":30.0,"gold_loss":0.0,"damage_taken":0.0},{"damage_healed":0.0,"max_hp_gain":0.0,"max_hp_loss":2.0,"gold_gain":0.0,"event_name":"Winding Halls","player_choice":"Max HP","floor":46.0,"gold_loss":0.0,"damage_taken":0.0}],"is_beta":false,"boss_relics":[{"not_picked":["Sozu","Busted Crown"],"picked":"Pandora\u0027s Box"},{"not_picked":["Cursed Key","Calling Bell"],"picked":"Philosopher\u0027s Stone"}],"items_purged_floors":[29,36,53],"is_endless":false,"potions_floor_spawned":[1,5,8,12,14,16,18,23,25,27,28,30,30,33,35,37,39,40,42,44,45,47,48,54],"killed_by":"The Heart","ascension_level":14}}