{"host":"jfbo3eu2ui08ej1u","time":1612014021,"event":{"mods":["2.2 Compatiblity","AchievementEnabler","Act Like it!","Aspiration","BaseMod","Better Altar","Better Match","Better Note","Better Sensory Stone","Better Skull","Better Third Choice","Block Reminder","Colored Map","Colored Powertips","Conspire","DeckTracker","Displayed Cursed Tome","Energized Spire","Fox Events","GifTheSpireLib","Hubris","Infinite Spire","Marked Mod","Minty Spire (QoL Compilation)","Pale of the Ancients","Poor People Problems","Quick Restart","Relic Filter","Reliquary","Reorder Act Four","Replay The Spire","Shop Mod","Spicy Shops","Spire Arcade","StSLib","Stuff the Spire","The Blue Laboratory","The Disciple","The Forsaken","The Hierophant","The Marked","Uncapped","Unceasing Turn Reminder","Wandering Minibosses"],"gold_per_floor":[216,44,44,44,54,87,87,162,162,187,42,42,47,70,70,84,84],"floor_reached":16,"language":"ENG","playtime":577,"items_purged":["Decay","hierophant:ThreeLashes"],"score":113,"play_id":"b5c0ce9a-04b6-4bb9-86e2-6b1e5072d7cd","local_time":"20210130084021","is_ascension_mode":true,"campfire_choices":[{"data":"hierophant:Punish","floor":7,"key":"SMITH"},{"floor":12,"key":"REST"},{"data":"hierophant:HolyVerse","floor":15,"key":"SMITH"}],"circlet_count":0,"master_deck":["hierophant:Strike_Hierophant","hierophant:Strike_Hierophant","hierophant:Strike_Hierophant","hierophant:Punish+1","hierophant:Defend_Hierophant","hierophant:Defend_Hierophant","hierophant:Defend_Hierophant","hierophant:Defend_Hierophant","hierophant:ChurchCoffers","hierophant:Flagellation","hierophant:Racketeering+1","hierophant:LocustPlague","hierophant:MorningPrayer","hierophant:HolyVerse+1","hierophant:Flagellation"],"relics":["hierophant:PropheticMaskRelic","hubris:PeanutButter","reliquary:SilkGlove","infinitespire:Lucky Rock","Kunai","Replay:Bandana"],"acts_visited":["Exordium"],"potions_floor_usage":[10,16],"damage_taken":[{"damage":0,"enemies":"Jaw Worm","floor":1,"turns":5},{"damage":0,"enemies":"Small Slimes","floor":5,"turns":2},{"damage":33,"enemies":"Gremlin Nob","floor":6,"turns":5},{"damage":9,"enemies":"3 Sentries","floor":10,"turns":8},{"damage":0,"enemies":"Cultist","floor":13,"turns":3},{"damage":5,"enemies":"Large Slime","floor":14,"turns":6},{"damage":42,"enemies":"Hexaghost","floor":16,"turns":12}],"seed_played":"-2043854704712297488","potions_obtained":[{"floor":5,"key":"blueLaboratory:CorrosionFlask"},{"floor":13,"key":"Flashbang"}],"is_trial":false,"path_per_floor":["M","$","?","T","M","E","R","?","T","E","$","R","M","M","R","B"],"character_chosen":"HIEROPHANT","items_purchased":["hubris:PeanutButter","hierophant:HolyVerse"],"campfire_rested":1,"item_purchase_floors":[2,11],"current_hp_per_floor":[75,75,75,75,75,42,42,31,31,22,22,44,44,39,39,0,0],"gold":84,"neow_bonus":"HUNDRED_GOLD","is_daily":false,"chose_seed":false,"campfire_upgraded":2,"win_rate":0.0,"timestamp":1612014021,"path_taken":["M","$","?","?","M","E","R","?","T","E","$","R","M","M","R","BOSS"],"items_purchased_type":["Relic","Card"],"build_version":"2020-12-22","purchased_purges":2,"victory":false,"max_hp_per_floor":[75,75,75,75,75,75,75,75,75,75,75,75,75,75,75,75,75],"card_choices":[{"not_picked":["hierophant:RustyCrate","hierophant:SecretStash"],"picked":"hierophant:Flagellation","floor":1},{"not_picked":["hierophant:HammerAndAnvil","hierophant:Upheaval"],"picked":"hierophant:ThreeLashes","floor":5},{"not_picked":["hierophant:Empathy","hierophant:Remorse"],"picked":"hierophant:LocustPlague","floor":6},{"not_picked":["hierophant:Zeal","hierophant:Refuge"],"picked":"hierophant:MorningPrayer","floor":10},{"not_picked":["hierophant:FieryStrike","hierophant:OrnateBuckler"],"picked":"hierophant:Flagellation","floor":13},{"not_picked":["hierophant:AuricBeam","hierophant:MirrorShield","hierophant:ConvertCurrency"],"picked":"SKIP","floor":14}],"player_experience":1259174,"relics_obtained":[{"floor":4,"key":"reliquary:SilkGlove"},{"floor":6,"key":"infinitespire:Lucky Rock"},{"floor":9,"key":"Kunai"},{"floor":10,"key":"Replay:Bandana"}],"event_choices":[{"damage_healed":0,"gold_gain":75,"player_choice":"Gold","damage_taken":11,"max_hp_gain":0,"max_hp_loss":0,"event_name":"betterThird:BetterGoop","floor":8,"gold_loss":0}],"is_beta":false,"boss_relics":[],"items_purged_floors":[2,11],"is_endless":false,"potions_floor_spawned":[5,13],"killed_by":"Hexaghost","ascension_level":1}}