{"host":"ocll6kdfqxraqtza","time":1612029320,"event":{"mods":["2.2 Compatiblity","Act Like it!","Aspiration","BaseMod","Better Third Choice","Gensokyo","Hallownest","Hermit","Hubris","Jorbs\u0027s Wanderer Trilogy","Luminous","Marisa（霧雨　魔理沙）","Minty Spire (QoL Compilation)","Reimu（博??梦）","Replay The Spire","Shade Mod","StSLib","The Alterego","The Bug Knight","The Cursed","The Hierophant","The Marked","The Runesmith","TheBandit","Wandering Minibosses"],"gold_per_floor":[109,109,109,109,109,109,120,120,120,120,45,62,62,94,94,94,94],"floor_reached":16,"language":"ENG","playtime":291,"items_purged":[],"score":127,"play_id":"6da57dd7-fb5e-44c8-b3d7-0bbb1772f490","local_time":"20210131015520","is_ascension_mode":true,"campfire_choices":[{"data":"TheCursedMod:CursedWand","floor":6,"key":"SMITH"},{"data":"TheCursedMod:SurpriseAttack","floor":8,"key":"SMITH"},{"data":"TheCursedMod:ReleasedStrength","floor":10,"key":"SMITH"},{"data":"Apotheosis","floor":15,"key":"SMITH"}],"circlet_count":0,"master_deck":["TheCursedMod:Strike_TheCursed","TheCursedMod:Strike_TheCursed","TheCursedMod:Strike_TheCursed","TheCursedMod:Defend_TheCursed","TheCursedMod:Defend_TheCursed+1","TheCursedMod:Defend_TheCursed","TheCursedMod:CursedWand+1","TheCursedMod:CleanUpWorkshop+1","TheCursedMod:Dregs","TheCursedMod:ReleasedStrength+1","Hallownest:curseDreamersLament","TheCursedMod:SurpriseAttack+1","ReplayTheSpireMod:IOU","Poisoned Strike","Apotheosis+1","hubris:EnhanceAbility","TheCursedMod:Hemoplague","TheCursedMod:CursedMace"],"relics":["TheCursedMod:BlackMagic101","NeowsBlessing","hubris:Towel","Hallownest:TeacherSealRelic","aspiration:HatOfInfinitePower","Replay:Wax Seal","ReplayTheSpireMod:ShopPack","Mastiff:ReiMu"],"acts_visited":["Hallownest:Greenpath"],"potions_floor_usage":[14],"damage_taken":[{"damage":0,"enemies":"Hallownest:monsterHuskWarrior","floor":1,"turns":1},{"damage":1,"enemies":"Hallownest:2_MossCreeps","floor":7,"turns":1},{"damage":0,"enemies":"Hallownest:monsterHuskGuard","floor":12,"turns":1},{"damage":1,"enemies":"Hallownest:eliteVengeflyKing","floor":14,"turns":4},{"damage":83,"enemies":"Hallownest:BossHornet","floor":16,"turns":6}],"seed_played":"4222335403738468986","potions_obtained":[{"floor":1,"key":"EntropicBrew"}],"is_trial":false,"path_per_floor":["M","?","?","?","?","R","M","R","T","R","$","M","?","E","R","B"],"character_chosen":"THE_CURSED","items_purchased":["Replay:Wax Seal","ReplayTheSpireMod:ShopPack"],"campfire_rested":0,"item_purchase_floors":[11,11],"current_hp_per_floor":[75,75,68,68,68,68,67,67,67,67,67,67,67,66,66,0,0],"gold":94,"neow_bonus":"THREE_ENEMY_KILL","is_daily":false,"chose_seed":false,"campfire_upgraded":4,"win_rate":0.0,"timestamp":1612029320,"path_taken":["M","?","?","?","?","R","M","R","T","R","?","?","?","E","R","BOSS"],"items_purchased_type":["Relic","Relic"],"build_version":"2020-12-22","purchased_purges":0,"victory":false,"max_hp_per_floor":[75,75,68,68,68,68,68,68,68,68,68,68,68,68,68,68,68],"card_choices":[{"not_picked":["TheCursedMod:Wield","TheCursedMod:Stretching"],"picked":"TheCursedMod:ReleasedStrength","floor":1},{"not_picked":["TheCursedMod:Wield","TheCursedMod:ManaBullet"],"picked":"TheCursedMod:SurpriseAttack","floor":7},{"not_picked":["Secret Technique","ReplayTheSpireMod:Brewmster"],"picked":"Poisoned Strike","floor":11},{"not_picked":["Master of Strategy","Impatience"],"picked":"Apotheosis","floor":11},{"not_picked":["Survey Options","Trip"],"picked":"hubris:EnhanceAbility","floor":11},{"not_picked":["TheCursedMod:CursedShiv","TheCursedMod:SurpriseAttack"],"picked":"TheCursedMod:Hemoplague","floor":12},{"not_picked":["TheCursedMod:ReleasedStrength","TheCursedMod:BlessingInDisguise"],"picked":"TheCursedMod:CursedMace","floor":14}],"player_experience":479710,"relics_obtained":[{"floor":9,"key":"aspiration:HatOfInfinitePower"},{"floor":14,"key":"Mastiff:ReiMu"}],"event_choices":[],"is_beta":false,"boss_relics":[],"items_purged_floors":[],"is_endless":false,"potions_floor_spawned":[1],"killed_by":"Hallownest:BossHornet","ascension_level":1}}