{"host":"5f8yr5jxnqok2jdo","time":1612012128,"event":{"mods":["AchievementEnabler","BaseMod","Bestiary","Better Altar","Better Match","Better Note","Better Skull","Better Third Choice","Block Reminder","Colored Map","Colored Powertips","Custom Start","DeckTracker","Defective Defect","Displayed Cursed Tome","Filter the Spire","Googly Eyes","Highlight Path","Key Reminder","Minty Spire (QoL Compilation)","Permanent Neow","Quick Restart","Random Character Button","Rare Cards Sparkle","Relic Sorter","Relic Stats","ShortenTheSpire","Spire Arcade","Spire Birthday Party","StSLib","Steal the Spire","SuperFastMode","Synergy Search","Uncapped","Unceasing Turn Reminder","Waifu the Spire","everything is the same but u backflip on backflip","slay the spire mod where everything is the same but ironclad has a cowboy hat"],"gold_per_floor":[117,117,130,147,147,147,160,160,184,219,230,240,126,137,137,137,137],"floor_reached":16,"language":"ENG","playtime":675,"items_purged":["Strike_G"],"score":130,"play_id":"de674303-145d-4275-9d7a-424cc3ce5bfa","local_time":"20210130140848","is_ascension_mode":true,"campfire_choices":[{"data":"Adrenaline","floor":6.0,"key":"SMITH"},{"data":"Cloak And Dagger","floor":15,"key":"SMITH"}],"circlet_count":0,"master_deck":["Strike_G","Strike_G","Strike_G","Strike_G","Defend_G","Defend_G","Defend_G","Defend_G","Defend_G","Survivor","Neutralize","Adrenaline+1","Cloak And Dagger+1","Footwork+1","Backflip","All Out Attack","Footwork","PiercingWail"],"relics":["Ring of the Snake","Bottled Lightning","Bronze Scales","Matryoshka"],"acts_visited":["Exordium"],"potions_floor_usage":[],"damage_taken":[{"damage":0.0,"enemies":"Cultist","floor":1.0,"turns":3.0},{"damage":0.0,"enemies":"Jaw Worm","floor":3.0,"turns":4.0},{"damage":1.0,"enemies":"Small Slimes","floor":4.0,"turns":4.0},{"damage":0.0,"enemies":"Blue Slaver","floor":7.0,"turns":6.0},{"damage":15.0,"enemies":"Lagavulin","floor":10.0,"turns":9.0},{"damage":0,"enemies":"3 Louse","floor":11,"turns":3},{"damage":10,"enemies":"Large Slime","floor":12,"turns":5},{"damage":0,"enemies":"Exordium Thugs","floor":14,"turns":3},{"damage":28,"enemies":"Hexaghost","floor":16,"turns":14}],"seed_played":"-3988411753788003244","potions_obtained":[{"floor":7.0,"key":"SpeedPotion"},{"floor":10,"key":"BlessingOfTheForge"},{"floor":11,"key":"Strength Potion"}],"is_trial":false,"path_per_floor":["M","T","M","M","?","R","M","?","T","E","M","M","$","M","R","B"],"character_chosen":"THE_SILENT","items_purchased":["Footwork"],"campfire_rested":0,"item_purchase_floors":[13],"current_hp_per_floor":[49,49,49,48,48,48,48,52,52,37,37,27,27,27,27,0,0],"gold":137,"neow_bonus":"THREE_RARE_CARDS","is_daily":false,"chose_seed":false,"campfire_upgraded":2,"win_rate":0.0,"timestamp":1612012128,"path_taken":["M","?","M","M","?","R","M","?","T","E","M","M","$","M","R","BOSS"],"items_purchased_type":["Card"],"build_version":"2020-12-22","purchased_purges":1,"victory":false,"max_hp_per_floor":[70,70,70,70,70,70,70,70,70,70,70,70,70,70,70,70,70],"relic_stats":{"counters":[9,51],"Bronze Scales":[111],"obtain_stats":[{"Matryoshka":10,"Bronze Scales":9,"Bottled Lightning":2,"Ring of the Snake":0},{"Matryoshka":5,"Bronze Scales":4,"Bottled Lightning":1,"Ring of the Snake":0},{"Matryoshka":26,"Bronze Scales":17,"Bottled Lightning":3,"Ring of the Snake":0}],"Ring of the Snake":[18]},"card_choices":[{"not_picked":["Burst","Bullet Time"],"picked":"Adrenaline","floor":0.0},{"not_picked":["Deadly Poison","Flying Knee","Concentrate"],"picked":"SKIP","floor":1.0},{"not_picked":["Bane","Deflect"],"picked":"Cloak And Dagger","floor":3.0},{"not_picked":["Accuracy","Noxious Fumes"],"picked":"Footwork","floor":4.0},{"not_picked":["Bane","Catalyst"],"picked":"Backflip","floor":7.0},{"not_picked":["Burst","Bane"],"picked":"All Out Attack","floor":10},{"not_picked":["Prepared","Slice","Poisoned Stab"],"picked":"SKIP","floor":11},{"not_picked":["Acrobatics","Dagger Throw","Setup"],"picked":"SKIP","floor":12},{"not_picked":["Underhanded Strike","Envenom"],"picked":"PiercingWail","floor":14}],"player_experience":355397,"relics_obtained":[{"floor":2.0,"key":"Bottled Lightning"},{"floor":9.0,"key":"Bronze Scales"},{"floor":10,"key":"Matryoshka"}],"event_choices":[{"damage_healed":0.0,"max_hp_gain":0.0,"max_hp_loss":0.0,"gold_gain":0.0,"event_name":"Living Wall","player_choice":"Grow","floor":5.0,"gold_loss":0.0,"damage_taken":0.0,"cards_upgraded":["Footwork"]},{"damage_healed":4.0,"max_hp_gain":0.0,"max_hp_loss":0.0,"gold_gain":0.0,"event_name":"betterSkull:BetterSkull","player_choice":"LEAVE ","floor":8.0,"gold_loss":0.0,"damage_taken":0.0,"cards_upgraded":[],"relics_obtained":[]}],"is_beta":false,"boss_relics":[],"items_purged_floors":[13],"is_endless":false,"potions_floor_spawned":[7,10,11],"killed_by":"Hexaghost","ascension_level":5}}