{"host":"0kk91h4bq4kgfj0u","time":1612048775,"event":{"mods":["BaseMod","Minty Spire (QoL Compilation)","StSLib"],"gold_per_floor":[112,128,128,139,139,139,139,168,168,168,119,89,89,101,101,101,101],"floor_reached":16,"language":"ENG","playtime":403,"items_purged":[],"score":123,"play_id":"a28c8b3d-26ff-4d6f-88d3-90e27399ee32","local_time":"20210130181935","is_ascension_mode":true,"campfire_choices":[{"floor":6,"key":"REST"},{"floor":10,"key":"REST"},{"floor":13,"key":"REST"},{"floor":15,"key":"REST"}],"circlet_count":0,"master_deck":["Strike_G","Strike_G","Strike_G","Strike_G","Strike_G","Defend_G","Defend_G","Defend_G","Defend_G","Defend_G","Survivor","Neutralize","Caltrops","Acrobatics","Dodge and Roll","Quick Slash+1","Flying Knee+1","Deadly Poison"],"relics":["Ring of the Snake","Bag of Marbles","Molten Egg 2","Nunchaku","Potion Belt"],"acts_visited":["Exordium"],"potions_floor_usage":[8,16,16],"damage_taken":[{"damage":2,"enemies":"2 Louse","floor":1,"turns":2},{"damage":4,"enemies":"Small Slimes","floor":2,"turns":4},{"damage":1,"enemies":"Cultist","floor":4,"turns":3},{"damage":57,"enemies":"Lagavulin","floor":8,"turns":11},{"damage":0,"enemies":"Looter","floor":12,"turns":4},{"damage":15,"enemies":"Gremlin Gang","floor":14,"turns":5},{"damage":58,"enemies":"Slime Boss","floor":16,"turns":8}],"seed_played":"-2496606208763006442","potions_obtained":[{"floor":1,"key":"ColorlessPotion"},{"floor":4,"key":"SmokeBomb"},{"floor":8,"key":"PowerPotion"},{"floor":14,"key":"Fire Potion"}],"is_trial":false,"path_per_floor":["M","M","?","M","?","R","?","E","T","R","?","M","R","M","R","B"],"character_chosen":"THE_SILENT","items_purchased":[],"campfire_rested":4,"item_purchase_floors":[],"current_hp_per_floor":[68,64,64,63,38,59,64,7,7,29,29,29,51,36,58,0,0],"gold":101,"neow_bonus":"RANDOM_COMMON_RELIC","is_daily":false,"chose_seed":false,"campfire_upgraded":0,"win_rate":0.0,"timestamp":1612048775,"path_taken":["M","M","?","M","?","R","?","E","T","R","?","M","R","M","R","BOSS"],"items_purchased_type":[],"build_version":"2020-12-22","purchased_purges":0,"victory":false,"max_hp_per_floor":[70,70,70,70,70,70,75,75,75,75,75,75,75,75,75,75,75],"card_choices":[{"not_picked":["Deflect","Poisoned Stab"],"picked":"Caltrops","floor":1},{"not_picked":["Concentrate","Well Laid Plans"],"picked":"Acrobatics","floor":2},{"not_picked":["All Out Attack","Acrobatics"],"picked":"Dodge and Roll","floor":4},{"not_picked":["Unload+1","Predator+1"],"picked":"Quick Slash+1","floor":8},{"not_picked":["Masterful Stab+1","Backstab+1"],"picked":"Flying Knee+1","floor":12},{"not_picked":["Choke+1","Dodge and Roll"],"picked":"Deadly Poison","floor":14}],"player_experience":827586,"relics_obtained":[{"floor":8,"key":"Nunchaku"},{"floor":9,"key":"Potion Belt"}],"event_choices":[{"damage_healed":0,"gold_gain":0,"player_choice":"Leave","damage_taken":0,"max_hp_gain":0,"max_hp_loss":0,"event_name":"The Cleric","floor":3,"gold_loss":0},{"damage_healed":0,"gold_gain":0,"player_choice":"Success","damage_taken":25,"relics_obtained":["Molten Egg 2"],"max_hp_gain":0,"max_hp_loss":0,"event_name":"Scrap Ooze","floor":5,"gold_loss":0},{"damage_healed":0,"gold_gain":0,"player_choice":"Donut","damage_taken":0,"max_hp_gain":5,"max_hp_loss":0,"event_name":"Big Fish","floor":7,"gold_loss":0},{"damage_healed":0,"gold_gain":0,"player_choice":"Left Gold","damage_taken":0,"max_hp_gain":0,"max_hp_loss":0,"event_name":"World of Goop","floor":11,"gold_loss":49}],"is_beta":false,"boss_relics":[],"items_purged_floors":[],"is_endless":false,"potions_floor_spawned":[1,4,8,14],"killed_by":"Slime Boss","ascension_level":5}}