{"host":"gbufj6hc0ay5hojx","time":1612047398,"event":{"mods":["AchievementEnabler","BaseMod","Colored Map","Colored Powertips","Hermit","Highlight Path","Minty Spire (QoL Compilation)","StSLib","SuperFastMode","The Cursed","The Servant 0.9.4"],"gold_per_floor":[361,372,441,516,532,532,560,560,584,584,594,614,145,161,161,309,309,350,395,127,127,166,166,166,166],"floor_reached":24,"language":"KOR","playtime":1609,"items_purged":[],"score":248,"play_id":"91208af1-3191-415f-bfb9-85d0df1c2869","local_time":"20210131075638","is_ascension_mode":false,"campfire_choices":[{"data":"hermit:Malice","floor":6.0,"key":"SMITH"},{"floor":10.0,"key":"REST"},{"data":"HandOfGreed","floor":15.0,"key":"SMITH"},{"data":"hermit:Dive","floor":23.0,"key":"SMITH"}],"circlet_count":0,"master_deck":["hermit:Strike_Hermit","hermit:Strike_Hermit","hermit:Strike_Hermit","hermit:Strike_Hermit","hermit:Defend_Hermit","hermit:Defend_Hermit","hermit:Defend_Hermit","hermit:Defend_Hermit","hermit:Snapshot","hermit:Covet","hermit:Roulette","hermit:Misfire","hermit:Malice+1","hermit:WideOpen+1","hermit:Grudge","hermit:Gestalt","HandOfGreed+1","hermit:Dive+1","hermit:Roughhouse","CurseOfTheBell","hermit:CalledShot","hermit:FlashPowder","hermit:TakeAim","hermit:Dive+1"],"relics":["hermit:Momento","Happy Flower","hermit:RyeStalk","FossilizedHelix","Calling Bell","Akabeko","Eternal Feather","Mango","Centennial Puzzle"],"acts_visited":["Exordium","TheCity"],"potions_floor_usage":[],"damage_taken":[{"damage":5.0,"enemies":"Small Slimes","floor":1.0,"turns":4.0},{"damage":0.0,"enemies":"2 Louse","floor":2.0,"turns":2.0},{"damage":6.0,"enemies":"Jaw Worm","floor":5.0,"turns":2.0},{"damage":26.0,"enemies":"Lagavulin","floor":7.0,"turns":4.0},{"damage":0.0,"enemies":"2 Fungi Beasts","floor":11.0,"turns":2.0},{"damage":13.0,"enemies":"Gremlin Gang","floor":12.0,"turns":3.0},{"damage":0.0,"enemies":"Exordium Wildlife","floor":14.0,"turns":2.0},{"damage":0.0,"enemies":"Slime Boss","floor":16.0,"turns":7.0},{"damage":9.0,"enemies":"Shell Parasite","floor":18.0,"turns":4.0},{"damage":25.0,"enemies":"3 Byrds","floor":19.0,"turns":5.0},{"damage":1.0,"enemies":"Centurion and Healer","floor":22.0,"turns":4.0},{"damage":43,"enemies":"Slavers","floor":24,"turns":5}],"seed_played":"7789571321791726738","potions_obtained":[{"floor":2.0,"key":"hermit:Eclipse"},{"floor":7.0,"key":"Ancient Potion"},{"floor":12.0,"key":"hermit:BlackBile"},{"floor":19.0,"key":"SneckoOil"},{"floor":22.0,"key":"GamblersBrew"}],"is_trial":false,"path_per_floor":["M","M","?","?","M","R","E","?","T","R","M","M","$","M","R","B",null,"M","M","$","?","M","R","E"],"character_chosen":"HERMIT","items_purchased":["FossilizedHelix","HandOfGreed","Centennial Puzzle","hermit:FlashPowder","hermit:TakeAim"],"campfire_rested":1,"item_purchase_floors":[13,13,20,20,20],"current_hp_per_floor":[49,49,49,38,32,32,6,6,6,28,28,15,15,15,15,15,89,80,55,55,55,54,66,23,23],"gold":166,"neow_bonus":"TWO_FIFTY_GOLD","is_daily":false,"chose_seed":false,"campfire_upgraded":3,"win_rate":0.0,"timestamp":1612047398,"path_taken":["M","M","?","?","M","R","E","?","T","R","M","M","$","M","R","BOSS","M","M","$","?","?","R","E"],"items_purchased_type":["Relic","Card","Relic","Card","Card"],"build_version":"2020-12-22","purchased_purges":0,"victory":false,"max_hp_per_floor":[75,75,75,75,75,75,75,75,75,75,75,75,75,75,75,75,89,89,89,89,89,89,89,89,89],"card_choices":[{"not_picked":["hermit:LowProfile","hermit:Coalescence"],"picked":"hermit:Roulette","floor":1.0},{"not_picked":["hermit:HoleUp","hermit:Cheat"],"picked":"hermit:Misfire","floor":2.0},{"not_picked":["hermit:PistolWhip","hermit:Roulette"],"picked":"hermit:Malice","floor":5.0},{"not_picked":["hermit:HighCaliber","hermit:Quickdraw"],"picked":"hermit:WideOpen","floor":7.0},{"not_picked":["hermit:CursedWeapon","hermit:Coalescence"],"picked":"hermit:Grudge","floor":11.0},{"not_picked":["hermit:Determination","hermit:Snipe"],"picked":"hermit:Gestalt","floor":12.0},{"not_picked":["hermit:Determination","hermit:Feint"],"picked":"hermit:Dive","floor":14.0},{"not_picked":["hermit:HeroicBravado","hermit:Purgatory"],"picked":"hermit:Roughhouse","floor":16.0},{"not_picked":["hermit:WideOpen","hermit:Horror"],"picked":"hermit:CalledShot","floor":18.0},{"not_picked":["hermit:SprayPray","hermit:CalledShot","hermit:Showdown+1"],"picked":"SKIP","floor":19.0},{"not_picked":["hermit:Glare","hermit:Manifest"],"picked":"hermit:Dive+1","floor":22.0}],"player_experience":515105,"relics_obtained":[{"floor":7.0,"key":"Happy Flower"},{"floor":9.0,"key":"hermit:RyeStalk"},{"floor":17.0,"key":"Akabeko"},{"floor":17.0,"key":"Eternal Feather"},{"floor":17.0,"key":"Mango"}],"event_choices":[{"damage_healed":0.0,"max_hp_gain":0.0,"max_hp_loss":0.0,"gold_gain":69.0,"event_name":"Golden Wing","player_choice":"Gained Gold","floor":3.0,"gold_loss":0.0,"damage_taken":0.0},{"damage_healed":0.0,"max_hp_gain":0.0,"max_hp_loss":0.0,"gold_gain":75.0,"event_name":"World of Goop","player_choice":"Gather Gold","floor":4.0,"gold_loss":0.0,"damage_taken":11.0},{"damage_healed":0.0,"max_hp_gain":0.0,"max_hp_loss":0.0,"gold_gain":0.0,"event_name":"Living Wall","player_choice":"Grow","floor":8.0,"gold_loss":0.0,"damage_taken":0.0,"cards_upgraded":["hermit:WideOpen"]},{"damage_healed":0.0,"max_hp_gain":0.0,"max_hp_loss":0.0,"gold_gain":0.0,"event_name":"Match and Keep!","player_choice":"0 cards matched","floor":21.0,"gold_loss":0.0,"damage_taken":0.0,"cards_obtained":[]}],"is_beta":false,"boss_relics":[{"not_picked":["SlaversCollar","Velvet Choker"],"picked":"Calling Bell"}],"items_purged_floors":[],"is_endless":false,"potions_floor_spawned":[2,7,12,19,22],"killed_by":"Slavers","ascension_level":0}}