{"host":"v54ek091sdz7ha6h","time":1612045842,"event":{"mods":["BaseMod","Better Vampires","Colored Map","Colored Powertips","DeckTracker","Highlight Path","KOR Keyword Fix","Minty Spire (QoL Compilation)","Rare Cards Sparkle","Relic Stats","StSLib","SuperFastMode","everything is the same but u backflip on backflip"],"gold_per_floor":[118,137,157,175,175,175,209,224,224,224,224],"floor_reached":10,"language":"KOR","playtime":280,"items_purged":[],"score":140,"play_id":"f0605d2e-40cb-46b1-ad1d-c2736d419c2a","local_time":"20210131073042","is_ascension_mode":true,"campfire_choices":[{"data":"Dagger Spray","floor":6.0,"key":"SMITH"}],"circlet_count":0,"master_deck":["AscendersBane","Strike_G","Strike_G","Strike_G","Strike_G","Defend_G","Defend_G","Defend_G","Defend_G","Survivor","Neutralize","Malaise","Skewer","Dagger Spray+1","Blade Dance","Crippling Poison","Decay"],"relics":["Ring of the Snake","Dream Catcher","Prayer Wheel"],"acts_visited":["Exordium"],"potions_floor_usage":[10,10],"damage_taken":[{"damage":0.0,"enemies":"Cultist","floor":1.0,"turns":3.0},{"damage":2.0,"enemies":"Small Slimes","floor":2.0,"turns":4.0},{"damage":0.0,"enemies":"2 Louse","floor":3.0,"turns":2.0},{"damage":9.0,"enemies":"Red Slaver","floor":4.0,"turns":5.0},{"damage":31.0,"enemies":"Lagavulin","floor":7.0,"turns":9.0},{"damage":2.0,"enemies":"Blue Slaver","floor":8.0,"turns":5.0},{"damage":24,"enemies":"3 Sentries","floor":10,"turns":6}],"seed_played":"-9001303140434190119","potions_obtained":[{"floor":3.0,"key":"Ancient Potion"},{"floor":4.0,"key":"DistilledChaos"},{"floor":8.0,"key":"PowerPotion"}],"is_trial":false,"path_per_floor":["M","M","M","M","?","R","E","M","T","E"],"character_chosen":"THE_SILENT","items_purchased":[],"campfire_rested":0,"item_purchase_floors":[],"current_hp_per_floor":[59,57,57,48,48,48,17,15,15,0,0],"gold":224,"neow_bonus":"TRANSFORM_TWO_CARDS","is_daily":false,"chose_seed":false,"campfire_upgraded":1,"win_rate":0.0,"timestamp":1612045842,"path_taken":["M","?","M","M","?","R","E","M","T","E"],"items_purchased_type":[],"build_version":"2020-12-22","purchased_purges":0,"victory":false,"max_hp_per_floor":[60,60,60,60,60,60,60,60,60,60,60],"relic_stats":{"Dream Catcher":0,"counters":[7,34],"Prayer Wheel":0,"obtain_stats":[{"Dream Catcher":7,"Prayer Wheel":9,"Ring of the Snake":0},{"Dream Catcher":5,"Prayer Wheel":6,"Ring of the Snake":0},{"Dream Catcher":23,"Prayer Wheel":28,"Ring of the Snake":0}],"Ring of the Snake":[14]},"card_choices":[{"not_picked":["Setup","Terror"],"picked":"Dagger Spray","floor":1.0},{"not_picked":["Leg Sweep","Slice"],"picked":"Blade Dance","floor":2.0},{"not_picked":["Skewer","Cloak And Dagger","PiercingWail"],"picked":"SKIP","floor":3.0},{"not_picked":["Escape Plan","Blur"],"picked":"Crippling Poison","floor":4.0},{"not_picked":["Bane","Flying Knee","Dash"],"picked":"SKIP","floor":7.0},{"not_picked":["Escape Plan","Dagger Throw","Deadly Poison"],"picked":"SKIP","floor":8.0}],"player_experience":1456949,"relics_obtained":[{"floor":7.0,"key":"Dream Catcher"},{"floor":9.0,"key":"Prayer Wheel"}],"event_choices":[{"damage_healed":0.0,"max_hp_gain":0.0,"max_hp_loss":0.0,"gold_gain":0.0,"event_name":"Wheel of Change","player_choice":"Cursed","floor":5.0,"gold_loss":0.0,"damage_taken":0.0,"cards_obtained":["Decay"]}],"is_beta":false,"boss_relics":[],"items_purged_floors":[],"is_endless":false,"potions_floor_spawned":[3,4,8],"killed_by":"3 Sentries","ascension_level":20}}