{"host":"fzjk61lpi4bwj033","time":1612040237,"event":{"mods":["Ascension Unlocker","BaseMod","Conspire","Downfall","Hermit","Hubris","Infinite Spire","Jorbs\u0027s Wanderer Trilogy","Minty Spire (QoL Compilation)","Rare Cards Sparkle","Replay The Spire","StSLib","The Jungle"],"gold_per_floor":[99,110,28,28,39,39,64,79,113,133,151,176,176,250,270,270,270,270],"floor_reached":16,"language":"ENG","playtime":783,"items_purged":[],"score":118,"play_id":"96ac524a-3879-4962-90b4-bb0b55ef0d9e","local_time":"20210130145717","is_ascension_mode":true,"campfire_choices":[{"data":"bronze:Break","floor":1,"key":"SMITH"},{"data":"bronze:Branch","floor":6,"key":"SMITH"},{"data":"bronze:WhirlingStrike","floor":13,"key":"SMITH"}],"circlet_count":0,"master_deck":["bronze:Strike","bronze:Strike","bronze:Strike","bronze:Strike","bronze:Defend","bronze:Defend","bronze:Defend","bronze:Defend","bronze:Replicate","bronze:Goto","bronze:Break+1","bronze:OilSpill","bronze:ItsAFeature+1","bronze:Optimize","bronze:Branch+1","bronze:WhirlingStrike+1","bronze:Repair","bronze:BuggyMess","bronze:BitShift","bronze:Branch"],"relics":["bronze:BronzeCore","Orichalcum","conspire:InfiniteJournal","Bronze Scales","hubris:DeckOfHolding"],"acts_visited":["Exordium"],"potions_floor_usage":[10,16],"damage_taken":[{"damage":6,"enemies":"Jaw Worm","floor":2,"turns":3},{"damage":2,"enemies":"downfall:FleeingMerchant","floor":3,"turns":4},{"damage":0,"enemies":"Cultist","floor":5,"turns":2},{"damage":0,"enemies":"2 Louse","floor":8,"turns":2},{"damage":11,"enemies":"Lagavulin","floor":9,"turns":5},{"damage":8,"enemies":"Red Slaver","floor":10,"turns":3},{"damage":4,"enemies":"3 Louse","floor":11,"turns":4},{"damage":8,"enemies":"3 Sentries","floor":12,"turns":5},{"damage":4,"enemies":"Blue Slaver","floor":15,"turns":3},{"damage":67,"enemies":"WA_ARCHETYPE_RETAIN","floor":16,"turns":7}],"seed_played":"-1531184946344336335","potions_obtained":[{"floor":2,"key":"SkillPotion"},{"floor":8,"key":"Ancient Potion"},{"floor":10,"key":"PowerPotion"},{"floor":11,"key":"Languid Potion"}],"is_trial":false,"path_per_floor":["R","M","$","?","M","R","T","M","E","M","M","E","R","T","M","B"],"character_chosen":"THE_AUTOMATON","items_purchased":["bronze:Optimize"],"campfire_rested":0,"item_purchase_floors":[3],"current_hp_per_floor":[70,64,62,62,62,62,62,62,51,43,49,51,51,51,47,0,0,0],"gold":270,"neow_bonus":"ONE_RANDOM_RARE_CARD","is_daily":false,"chose_seed":false,"campfire_upgraded":3,"win_rate":0.0,"timestamp":1612040237,"path_taken":["R","M","$","?","M","R","T","M","E","M","?","E","R","?","M","BOSS"],"items_purchased_type":["Card"],"build_version":"2020-12-22","purchased_purges":0,"victory":false,"max_hp_per_floor":[70,70,70,70,70,70,70,70,70,70,70,70,70,70,70,70,70,70],"card_choices":[{"not_picked":["bronze:CutThrough","bronze:BronzeArmor"],"picked":"bronze:OilSpill","floor":2},{"not_picked":["bronze:Iterate","bronze:Shell"],"picked":"bronze:ItsAFeature","floor":3},{"not_picked":["bronze:DigitalCarnage","bronze:FineTuning"],"picked":"bronze:Branch","floor":5},{"not_picked":["bronze:DarkDash","bronze:ChildClass"],"picked":"bronze:WhirlingStrike","floor":8},{"not_picked":["bronze:Repulsor","bronze:ChosenStrike"],"picked":"bronze:Repair","floor":9},{"not_picked":["bronze:OilSpill","bronze:NullPointer","bronze:DarkDash"],"picked":"SKIP","floor":10},{"not_picked":["bronze:ChildClass","bronze:OilSpill"],"picked":"bronze:BuggyMess","floor":11},{"not_picked":["bronze:Iterate","bronze:Backtrace"],"picked":"bronze:BitShift","floor":12},{"not_picked":["bronze:ClassDefault","bronze:ForceShield"],"picked":"bronze:Branch","floor":15}],"player_experience":799808,"relics_obtained":[{"floor":7,"key":"Orichalcum"},{"floor":9,"key":"conspire:InfiniteJournal"},{"floor":12,"key":"Bronze Scales"},{"floor":14,"key":"hubris:DeckOfHolding"}],"event_choices":[],"is_beta":false,"boss_relics":[],"items_purged_floors":[],"is_endless":false,"potions_floor_spawned":[2,8,10,11,12],"killed_by":"WA_ARCHETYPE_RETAIN","ascension_level":1}}