{"host":"7tqog9fnhs0gxmti","time":1612004662,"event":{"mods":["AchievementEnabler","Act Like it!","Astrologer","BaseMod","Beaked The Cultist","CapriCore","Colored Map","Colored Powertips","Downfall","Hermit","Highlight Path","Koishi","Marisa????????","Minty Spire (QoL Compilation)","Quick Restart","Random Character Button","Rare Cards Sparkle","Robot Space Explorer","Somnambulant","StSLib","The Bug Knight","The Construct","The Cursed","The Disciple","The Gatherer","The Hayseed","The Marked","Wandering Minibosses","everything is the same but u backflip on backflip"],"gold_per_floor":[119,119,132,148,158,192,192,192,270,286,286,313,341,341,341,443,443,456,483,259,259,184,184,184,218,242,252,252,279,297,317,317,317,317],"floor_reached":33,"language":"ENG","playtime":1007,"items_purged":["construct:Strike_Gold"],"score":308,"play_id":"58a6e51d-57ef-40f4-9dab-d5bcf4ffef4d","local_time":"20210130190422","is_ascension_mode":true,"campfire_choices":[{"floor":8,"key":"REST"},{"data":"construct:Autoturret","floor":15,"key":"SMITH"},{"data":"construct:Autoturret+1","floor":23,"key":"SMITH"},{"floor":28,"key":"REST"},{"data":"construct:FlameCore","floor":32,"key":"SMITH"}],"circlet_count":0,"master_deck":["construct:Strike_Gold","construct:Strike_Gold+1","construct:Strike_Gold","construct:Strike_Gold","construct:Defend_Gold","construct:Defend_Gold","construct:Defend_Gold","construct:Defend_Gold","construct:Defend_Gold","construct:AttackMode","construct:Forcefield+2","construct:PointDefense","construct:Reserves+1","construct:ClusterMines","construct:Autoturret+2","construct:BatteryCore","construct:FlameCore+1","construct:Missile","construct:PointDefense","construct:GuardCore+1","construct:SweepLaser","construct:FlakBarrage+1","construct:LaserCore+1"],"relics":["construct:ClockworkPhoenix","NeowsBlessing","WarpedTongs","Girya","Darkstone Periapt","Toy Ornithopter","Ancient Tea Set","Philosopher\u0027s Stone","Red Mask","Membership Card","MutagenicStrength","The Courier","Regal Pillow","construct:MegaBattery"],"acts_visited":["Exordium","TheCity"],"potions_floor_usage":[13,13,16,19,25,29,29,33],"damage_taken":[{"damage":0,"enemies":"Jaw Worm","floor":1,"turns":1},{"damage":0,"enemies":"Cultist","floor":3,"turns":1},{"damage":2,"enemies":"Small Slimes","floor":4,"turns":2},{"damage":16,"enemies":"2 Fungi Beasts","floor":5,"turns":4},{"damage":45,"enemies":"3 Sentries","floor":6,"turns":10},{"damage":5,"enemies":"Looter","floor":10,"turns":3},{"damage":2,"enemies":"Gremlin Nob","floor":13,"turns":3},{"damage":34,"enemies":"Slime Boss","floor":16,"turns":9},{"damage":23,"enemies":"Shell Parasite","floor":18,"turns":5},{"damage":22,"enemies":"Masked Bandits","floor":19,"turns":4},{"damage":22,"enemies":"Slavers","floor":25,"turns":4},{"damage":16,"enemies":"2 Thieves","floor":27,"turns":3},{"damage":16,"enemies":"Book of Stabbing","floor":29,"turns":4},{"damage":22,"enemies":"Snake Plant","floor":30,"turns":5},{"damage":0,"enemies":"3 Cultists","floor":31,"turns":4},{"damage":36,"enemies":"Collector","floor":33,"turns":6}],"seed_played":"658166799745426064","potions_obtained":[{"floor":3,"key":"SpeedPotion"},{"floor":5,"key":"EssenceOfSteel"},{"floor":6,"key":"Swift Potion"},{"floor":16,"key":"Fire Potion"},{"floor":19,"key":"AttackPotion"},{"floor":25,"key":"champ:CounterPotion"},{"floor":27,"key":"FearPotion"},{"floor":29,"key":"CultistPotion"}],"is_trial":false,"path_per_floor":["M","?","M","M","M","E","?","R","T","M","?","T","E","?","R","B",null,"M","?","$","?","?","R","?","E","T","M","R","E","M","M","R","B"],"character_chosen":"THE_CONSTRUCT_MOD","items_purchased":["Membership Card","construct:PointDefense"],"campfire_rested":2,"item_purchase_floors":[20,20],"current_hp_per_floor":[85,85,85,83,67,22,22,47,47,42,25,25,33,61,61,32,85,62,45,45,45,45,45,45,28,28,12,52,46,24,24,24,0,0],"gold":317,"neow_bonus":"THREE_ENEMY_KILL","is_daily":false,"chose_seed":false,"campfire_upgraded":3,"win_rate":0.0,"timestamp":1612004662,"path_taken":["M","?","?","?","M","E","?","R","T","M","?","?","E","?","R","BOSS","M","?","$","?","?","R","?","E","T","M","R","E","M","M","R","BOSS"],"items_purchased_type":["Relic","Card"],"build_version":"2020-12-22","purchased_purges":1,"victory":false,"max_hp_per_floor":[85,85,85,85,85,85,85,85,85,85,85,85,85,85,85,85,85,85,85,85,85,85,85,85,85,85,85,85,85,85,85,85,85,85],"card_choices":[{"not_picked":["construct:ClusterMines","construct:OmegaCannon"],"picked":"construct:Forcefield","floor":1},{"not_picked":["construct:BatteryAcid","construct:Accumulate","construct:SaveState"],"picked":"SKIP","floor":3},{"not_picked":["construct:SyphonStrike","construct:ModeShift"],"picked":"construct:PointDefense","floor":4},{"not_picked":["construct:Accumulate","construct:Anticipate","construct:Versatility"],"picked":"SKIP","floor":5},{"not_picked":["construct:GatlingGun","construct:ShieldBurst"],"picked":"construct:Reserves","floor":6},{"not_picked":["construct:HeavyBolt","construct:ScrapCannon"],"picked":"construct:ClusterMines","floor":10},{"not_picked":["construct:Forcefield","construct:ScrapCannon"],"picked":"construct:Autoturret","floor":13},{"not_picked":["construct:Bunker","construct:MemoryTap"],"picked":"construct:BatteryCore","floor":16},{"not_picked":["construct:Reinforce+1","construct:Analyze"],"picked":"construct:FlameCore","floor":18},{"not_picked":["construct:FocusedBeam","construct:Impenetrable+1"],"picked":"construct:Missile","floor":19},{"not_picked":["construct:ClockworkEgg","construct:FierceBash"],"picked":"construct:GuardCore+1","floor":25},{"not_picked":["construct:Impenetrable","construct:SyphonStrike"],"picked":"construct:SweepLaser","floor":27},{"not_picked":["construct:CriticalHit+1","construct:FocusedBeam"],"picked":"construct:FlakBarrage+1","floor":29},{"not_picked":["construct:HeavyBolt","construct:OmegaCannon"],"picked":"construct:LaserCore+1","floor":30},{"not_picked":["construct:Forcefield+1","construct:Accumulate","construct:SyphonStrike"],"picked":"SKIP","floor":31}],"player_experience":917396,"relics_obtained":[{"floor":6,"key":"Girya"},{"floor":9,"key":"Darkstone Periapt"},{"floor":12,"key":"Toy Ornithopter"},{"floor":13,"key":"Ancient Tea Set"},{"floor":19,"key":"Red Mask"},{"floor":25,"key":"The Courier"},{"floor":26,"key":"Regal Pillow"},{"floor":29,"key":"construct:MegaBattery"}],"event_choices":[{"damage_healed":0,"gold_gain":0,"player_choice":"Rummage","damage_taken":0,"relics_obtained":["WarpedTongs"],"max_hp_gain":0,"max_hp_loss":0,"event_name":"Accursed Blacksmith","floor":2,"gold_loss":0,"cards_obtained":["Pain"]},{"cards_removed":["Pain"],"damage_healed":0,"gold_gain":0,"player_choice":"Forget","damage_taken":0,"max_hp_gain":0,"max_hp_loss":0,"event_name":"Living Wall","floor":7,"gold_loss":0},{"damage_healed":0,"gold_gain":0,"player_choice":"Entered Light","damage_taken":17,"max_hp_gain":0,"max_hp_loss":0,"event_name":"Shining Light","floor":11,"gold_loss":0,"cards_upgraded":["construct:Reserves","construct:Strike_Gold"]},{"damage_healed":28,"gold_gain":0,"player_choice":"Banana","damage_taken":0,"max_hp_gain":0,"max_hp_loss":0,"event_name":"Big Fish","floor":14,"gold_loss":0},{"damage_healed":0,"gold_gain":0,"player_choice":"Fought Bandits","damage_taken":0,"max_hp_gain":0,"max_hp_loss":0,"event_name":"Masked Bandits","floor":19,"gold_loss":0},{"damage_healed":0,"gold_gain":0,"player_choice":"Ignored","damage_taken":0,"max_hp_gain":0,"max_hp_loss":0,"event_name":"Ghosts","floor":21,"gold_loss":0},{"cards_removed":["construct:DefenseMode"],"damage_healed":0,"gold_gain":0,"player_choice":"Gave Gold","damage_taken":0,"max_hp_gain":0,"max_hp_loss":0,"event_name":"Beggar","floor":22,"gold_loss":75},{"damage_healed":0,"gold_gain":0,"player_choice":"Inject Mutagens","damage_taken":0,"relics_obtained":["MutagenicStrength"],"max_hp_gain":0,"max_hp_loss":0,"event_name":"Drug Dealer","floor":24,"gold_loss":0}],"is_beta":false,"boss_relics":[{"not_picked":["construct:ClawGrip","Pandora\u0027s Box"],"picked":"Philosopher\u0027s Stone"}],"items_purged_floors":[20],"is_endless":false,"potions_floor_spawned":[3,5,6,16,19,25,27,29],"killed_by":"Collector","ascension_level":1}}