{"host":"hy0jryqxzmxotc0g","time":1611087609,"event":{"mods":["BaseMod","BetterRewards","Minty Spire (QoL Compilation)","StSLib","The Alterego","The Bladedancer","The Bug Knight","The Cursed","The Disciple","The Exalted","The Saiyan","The Servant 0.9.4"],"gold_per_floor":[115,126,126,145,145,145,161,173,173,173,173,203,203,215,215,215,215],"floor_reached":16,"language":"FRA","playtime":1510,"items_purged":[],"score":152,"play_id":"ae81178f-e418-4b11-bbda-376356d5d6d1","local_time":"20210119212009","is_ascension_mode":false,"campfire_choices":[{"floor":6.0,"key":"RECALL"},{"data":"alterego_mod:BrynhildrsRune","floor":13.0,"key":"SMITH"},{"floor":15,"key":"REST"}],"circlet_count":0,"master_deck":["alterego_mod:Strike","alterego_mod:Strike","alterego_mod:Strike","alterego_mod:Strike","alterego_mod:Defend","alterego_mod:Defend","alterego_mod:Defend","alterego_mod:Defend","alterego_mod:Impale","alterego_mod:BrynhildrsRune+1","alterego_mod:Rip","alterego_mod:Rip","alterego_mod:TrickOrTreatment"],"relics":["alterego_mod:MasochisticConstitution","Molten Egg 2","InkBottle"],"acts_visited":["Exordium"],"potions_floor_usage":[],"damage_taken":[{"damage":5.0,"enemies":"Jaw Worm","floor":1.0,"turns":4.0},{"damage":15.0,"enemies":"Cultist","floor":2.0,"turns":5.0},{"damage":5.0,"enemies":"2 Louse","floor":4.0,"turns":4.0},{"damage":41.0,"enemies":"Exordium Thugs","floor":7.0,"turns":8.0},{"damage":13.0,"enemies":"2 Fungi Beasts","floor":8.0,"turns":5.0},{"damage":26.0,"enemies":"3 Sentries","floor":12.0,"turns":10.0},{"damage":9.0,"enemies":"Blue Slaver","floor":14.0,"turns":6.0},{"damage":92,"enemies":"Hexaghost","floor":16,"turns":16}],"seed_played":"-1199768555769628077","potions_obtained":[{"floor":7.0,"key":"AttackPotion"}],"is_trial":false,"path_per_floor":["M","M","?","M","T","R","M","M","T","?","?","E","R","M","R","B"],"character_chosen":"The_Alterego","items_purchased":[],"campfire_rested":1,"item_purchase_floors":[],"current_hp_per_floor":[73,66,66,76,76,76,50,52,52,52,57,46,46,55,81,0,0],"gold":215,"neow_bonus":"TEN_PERCENT_HP_BONUS","is_daily":false,"chose_seed":false,"campfire_upgraded":1,"win_rate":0.0,"timestamp":1611087609,"path_taken":["M","M","?","M","?","R","?","M","T","?","?","E","R","M","R","BOSS"],"items_purchased_type":[],"build_version":"2020-12-22","purchased_purges":0,"victory":false,"max_hp_per_floor":[78,79,79,80,80,80,81,82,82,82,87,88,88,89,89,89,89],"card_choices":[{"not_picked":["alterego_mod:Punishment","alterego_mod:Jiggle","alterego_mod:BiFurious"],"picked":"SKIP","floor":1.0},{"not_picked":["alterego_mod:BusterCard","alterego_mod:Pet"],"picked":"alterego_mod:Rip","floor":2.0},{"not_picked":["alterego_mod:Cycle","alterego_mod:Mirror","alterego_mod:1TonWallop"],"picked":"SKIP","floor":4.0},{"not_picked":["alterego_mod:Pet","alterego_mod:DiscoLights"],"picked":"alterego_mod:Rip","floor":7.0},{"not_picked":["alterego_mod:Pet","alterego_mod:Clap","alterego_mod:BiFurious"],"picked":"SKIP","floor":8.0},{"not_picked":["alterego_mod:Punishment","alterego_mod:Clones"],"picked":"alterego_mod:TrickOrTreatment","floor":12.0},{"not_picked":["alterego_mod:Crossover","alterego_mod:PurpleHair","alterego_mod:BustOut"],"picked":"SKIP","floor":14}],"player_experience":273057,"relics_obtained":[{"floor":9.0,"key":"Molten Egg 2"},{"floor":12.0,"key":"InkBottle"}],"event_choices":[{"cards_removed":["alterego_mod:BigMeatyClaws"],"damage_healed":0.0,"max_hp_gain":0.0,"max_hp_loss":0.0,"gold_gain":0.0,"event_name":"Living Wall","player_choice":"Forget","floor":3.0,"gold_loss":0.0,"damage_taken":0.0},{"damage_healed":0.0,"max_hp_gain":0.0,"max_hp_loss":0.0,"gold_gain":0.0,"event_name":"Liars Game","player_choice":"Ignored","floor":10.0,"gold_loss":0.0,"damage_taken":0.0},{"damage_healed":0.0,"max_hp_gain":5.0,"max_hp_loss":0.0,"gold_gain":0.0,"event_name":"Big Fish","player_choice":"Donut","floor":11.0,"gold_loss":0.0,"damage_taken":0.0}],"is_beta":false,"boss_relics":[],"items_purged_floors":[],"is_endless":false,"potions_floor_spawned":[7],"killed_by":"Hexaghost","ascension_level":0}}