{"host":"51fyd6gkml7xavq8","time":1611094229,"event":{"mods":["BaseMod","BetterRewards","Colored Map","Energized Spire","Infinite Spire","Minty Spire (QoL Compilation)","Replay The Spire","Shop Mod","Spicy Shops","StSLib","The Blue Laboratory","[IsaacMod]????"],"gold_per_floor":[111,35,54,54,74,74,25,104,156,156,156,166,176,195,195,195,195],"floor_reached":16,"language":"ENG","playtime":1264,"items_purged":["Strike_B"],"score":213,"play_id":"9fa31b87-9fba-498e-8d30-239805b21753","local_time":"20210119191029","is_ascension_mode":true,"campfire_choices":[{"floor":6,"key":"REST"},{"data":"Zap","floor":6,"key":"SMITH"},{"floor":15,"key":"REST"},{"data":"Defend_B","floor":15,"key":"SMITH"}],"circlet_count":0,"master_deck":["AscendersBane","Strike_B","Strike_B","Strike_B","Defend_B","Defend_B","Defend_B+1","Defend_B+1","Zap+1","Consume+1"],"relics":["Cracked Core","HushsDoor","MaYiHuaBei","MerchantsRug","infinitespire:Magic Flask","Turnip","Bottled Lightning","infinitespire:PuzzleCube","Orichalcum"],"acts_visited":["Exordium"],"potions_floor_usage":[13,16],"damage_taken":[{"damage":13,"enemies":"Jaw Worm","floor":1,"turns":4},{"damage":0,"enemies":"Cultist","floor":3,"turns":4},{"damage":9,"enemies":"2 Louse","floor":5,"turns":3},{"damage":24,"enemies":"Lots of Slimes","floor":12,"turns":5},{"damage":1,"enemies":"3 Louse","floor":13,"turns":3},{"damage":3,"enemies":"Blue Slaver","floor":14,"turns":3},{"damage":27,"enemies":"Hexaghost","floor":16,"turns":9}],"seed_played":"-4401441728298712356","potions_obtained":[{"floor":5,"key":"Venom Potion"},{"floor":12,"key":"DistilledChaos"},{"floor":14,"key":"Energy Potion"}],"is_trial":false,"path_per_floor":["M","$","M","?","M","R","$","T","T","?","?","M","M","M","R","B"],"character_chosen":"DEFECT","items_purchased":["MerchantsRug","infinitespire:Magic Flask","Turnip"],"campfire_rested":2,"item_purchase_floors":[0,0,2],"current_hp_per_floor":[55,55,55,48,39,61,61,61,61,46,31,7,6,3,25,0,0],"gold":195,"neow_bonus":"","is_daily":false,"chose_seed":false,"campfire_upgraded":2,"win_rate":0.0,"timestamp":1611094229,"path_taken":["M","$","M","?","M","R","$","?","T","?","?","M","?","M","R","BOSS"],"items_purchased_type":["Relic","Relic","Relic"],"build_version":"2020-12-22","purchased_purges":1,"victory":false,"max_hp_per_floor":[75,75,75,75,75,75,75,75,75,75,75,75,75,75,75,75,75],"card_choices":[{"not_picked":["Redo","Amplify","Leap"],"picked":"SKIP","floor":1},{"not_picked":["Ball Lightning","Cold Snap","Redo"],"picked":"SKIP","floor":3},{"not_picked":["Cold Snap","Rebound"],"picked":"Consume","floor":5},{"not_picked":["Compile Driver","Ball Lightning","FTL"],"picked":"SKIP","floor":12},{"not_picked":["BootSequence","Heatsinks","Rebound"],"picked":"SKIP","floor":13},{"not_picked":["Compile Driver","Stack","ReplayTheSpireMod:Repulse"],"picked":"SKIP","floor":14}],"player_experience":654128,"relics_obtained":[{"floor":8,"key":"Bottled Lightning"},{"floor":9,"key":"infinitespire:PuzzleCube"}],"event_choices":[{"cards_removed":["Dualcast"],"damage_healed":0,"gold_gain":0,"player_choice":"Card Removal","damage_taken":7,"max_hp_gain":0,"max_hp_loss":0,"event_name":"Golden Wing","floor":4,"gold_loss":0},{"damage_healed":0,"gold_gain":0,"player_choice":"Entered Light","damage_taken":15,"max_hp_gain":0,"max_hp_loss":0,"event_name":"Shining Light","floor":11,"gold_loss":0,"cards_upgraded":["Defend_B","Consume"]}],"is_beta":false,"boss_relics":[],"items_purged_floors":[7],"is_endless":false,"potions_floor_spawned":[5,12,14],"killed_by":"Hexaghost","ascension_level":10}}