{"host":"0awa854l6bexpjrv","time":1611100029,"event":{"mods":["BaseMod","Block Reminder","Colored Map","Colored Powertips","Downfall","Highlight Path","Minty Spire (QoL Compilation)","Quick Restart","Rare Cards Sparkle","StSLib","SuperFastMode"],"gold_per_floor":[116,129,146,146,71,71,85,85,85,85,119,19,19,19,19,116,116,96,106,106,106,119,119,144,144,144,144,162,179,179,196,196,297,297,309,309,328,168,0,31,31,31,31],"floor_reached":42,"language":"ENG","playtime":5915,"items_purged":["Strike_R","Strike_R"],"score":563,"play_id":"472458ea-e82c-4034-8546-fba8e7d84539","local_time":"20210119154709","is_ascension_mode":true,"campfire_choices":[{"data":"Armaments","floor":6.0,"key":"SMITH"},{"data":"Flame Barrier","floor":8.0,"key":"SMITH"},{"data":"Clothesline","floor":15.0,"key":"SMITH"},{"data":"Rampage","floor":23.0,"key":"SMITH"},{"data":"True Grit","floor":25.0,"key":"SMITH"},{"data":"Power Through","floor":27.0,"key":"SMITH"},{"data":"True Grit","floor":32.0,"key":"SMITH"},{"data":"Bludgeon","floor":41.0,"key":"SMITH"}],"circlet_count":0,"master_deck":["Defend_R","Defend_R","Defend_R","Bash+1","Armaments+1","Flame Barrier+1","Headbutt","Power Through+1","Clothesline+1","Reaper","Rampage+1","Cleave","True Grit+1","True Grit+1","Bloodletting","Berserk+1","Heavy Blade","Anger+1","Fiend Fire","Spot Weakness","Bludgeon+1"],"relics":["Black Blood","Torii","HornCleat","Anchor","Self Forming Clay","Runic Pyramid","Thread and Needle","Turnip","Red Mask","Ornamental Fan"],"acts_visited":["Exordium","TheCity","TheBeyond"],"potions_floor_usage":[],"damage_taken":[{"damage":3.0,"enemies":"Jaw Worm","floor":1.0,"turns":4.0},{"damage":0.0,"enemies":"Small Slimes","floor":2.0,"turns":3.0},{"damage":5.0,"enemies":"Cultist","floor":3.0,"turns":4.0},{"damage":0.0,"enemies":"Large Slime","floor":7.0,"turns":8.0},{"damage":0.0,"enemies":"Gremlin Nob","floor":11.0,"turns":4.0},{"damage":15.0,"enemies":"The Guardian","floor":16.0,"turns":16.0},{"damage":2.0,"enemies":"2 Thieves","floor":18.0,"turns":4.0},{"damage":1.0,"enemies":"Chosen","floor":19.0,"turns":6.0},{"damage":13.0,"enemies":"Centurion and Healer","floor":22.0,"turns":11.0},{"damage":11.0,"enemies":"Book of Stabbing","floor":24.0,"turns":7.0},{"damage":0.0,"enemies":"Snecko","floor":28.0,"turns":6.0},{"damage":1.0,"enemies":"Snake Plant","floor":29.0,"turns":5.0},{"damage":3.0,"enemies":"3 Cultists","floor":31.0,"turns":7.0},{"damage":28.0,"enemies":"Collector","floor":33.0,"turns":14.0},{"damage":0.0,"enemies":"Orb Walker","floor":35.0,"turns":4.0},{"damage":4.0,"enemies":"3 Shapes","floor":37.0,"turns":6.0},{"damage":13.0,"enemies":"Nemesis","floor":40.0,"turns":7.0},{"damage":83,"enemies":"Reptomancer","floor":42,"turns":6}],"seed_played":"-2648180266454205933","potions_obtained":[{"floor":1.0,"key":"EntropicBrew"},{"floor":3.0,"key":"Explosive Potion"},{"floor":7.0,"key":"Swift Potion"},{"floor":16.0,"key":"bronze:BurnAndBuffPotion"},{"floor":19.0,"key":"Explosive Potion"},{"floor":31.0,"key":"ColorlessPotion"},{"floor":37.0,"key":"BlessingOfTheForge"}],"is_trial":false,"path_per_floor":["M","M","M","?","$","R","M","R","T","?","E","$","T","$","R","B",null,"M","M","?","$","M","R","E","R","T","R","M","M","?","M","R","B",null,"M","?","M","$","?","E","R","E"],"character_chosen":"IRONCLAD","items_purchased":["Bludgeon"],"campfire_rested":0,"item_purchase_floors":[38],"current_hp_per_floor":[80,80,80,77,77,77,80,80,80,73,79,79,79,79,79,70,80,80,80,80,80,78,78,73,73,73,73,80,80,80,80,80,72,80,80,80,80,80,80,79,79,0,0],"gold":31,"neow_bonus":"UPGRADE_CARD","is_daily":false,"chose_seed":false,"campfire_upgraded":8,"win_rate":0.0,"timestamp":1611100029,"path_taken":["M","M","M","?","$","R","M","R","T","?","E","?","?","$","R","BOSS","M","M","?","$","?","R","E","R","T","R","M","M","?","M","R","BOSS","M","?","?","$","?","E","R","E"],"items_purchased_type":["Card"],"build_version":"2020-12-22","purchased_purges":2,"victory":false,"max_hp_per_floor":[80,80,80,80,80,80,80,80,80,80,80,80,80,80,80,80,80,80,80,80,80,80,80,80,80,80,80,80,80,80,80,80,80,80,80,80,80,80,80,80,80,80,80],"card_choices":[{"not_picked":["Pummel","Cleave"],"picked":"Armaments","floor":1.0},{"not_picked":["Disarm","Perfected Strike"],"picked":"Flame Barrier","floor":2.0},{"not_picked":["Wild Strike","Clash"],"picked":"Headbutt","floor":3.0},{"not_picked":["Double Tap","Thunderclap"],"picked":"Power Through","floor":7.0},{"not_picked":["Iron Wave","Shrug It Off"],"picked":"Clothesline","floor":11.0},{"not_picked":["Fiend Fire","Offering"],"picked":"Reaper","floor":16.0},{"not_picked":["Flex","Body Slam"],"picked":"Rampage","floor":18.0},{"not_picked":["Pommel Strike","Flex","Headbutt"],"picked":"SKIP","floor":19.0},{"not_picked":["Twin Strike","Seeing Red"],"picked":"Cleave","floor":22.0},{"not_picked":["Evolve","Thunderclap"],"picked":"True Grit","floor":24.0},{"not_picked":["Dual Wield+1","Burning Pact"],"picked":"True Grit","floor":28.0},{"not_picked":["Ghostly Armor+1","Clash"],"picked":"Bloodletting","floor":29.0},{"not_picked":["Flex","Perfected Strike"],"picked":"Anger+1","floor":31.0},{"not_picked":["Juggernaut","Double Tap"],"picked":"Fiend Fire","floor":33.0},{"not_picked":["Cleave+1","Shrug It Off"],"picked":"Spot Weakness","floor":35.0},{"not_picked":["True Grit","Cleave","Iron Wave+1"],"picked":"SKIP","floor":37.0},{"not_picked":["Perfected Strike","Berserk","Heavy Blade"],"picked":"SKIP","floor":40.0}],"player_experience":576861,"relics_obtained":[{"floor":9.0,"key":"HornCleat"},{"floor":11.0,"key":"Anchor"},{"floor":13.0,"key":"Self Forming Clay"},{"floor":24.0,"key":"Thread and Needle"},{"floor":26.0,"key":"Turnip"},{"floor":40.0,"key":"Ornamental Fan"}],"event_choices":[{"damage_healed":0.0,"max_hp_gain":0.0,"max_hp_loss":0.0,"gold_gain":0.0,"event_name":"Scrap Ooze","player_choice":"Success","floor":4.0,"gold_loss":0.0,"damage_taken":3.0,"relics_obtained":["Torii"]},{"cards_removed":["Strike_R"],"damage_healed":0.0,"max_hp_gain":0.0,"max_hp_loss":0.0,"gold_gain":0.0,"event_name":"Golden Wing","player_choice":"Card Removal","floor":10.0,"gold_loss":0.0,"damage_taken":7.0},{"cards_removed":["Defend_R"],"damage_healed":0.0,"max_hp_gain":0.0,"max_hp_loss":0.0,"gold_gain":0.0,"event_name":"Wheel of Change","player_choice":"Card Removal","floor":20.0,"gold_loss":0.0,"damage_taken":0.0},{"damage_healed":0.0,"max_hp_gain":0.0,"max_hp_loss":0.0,"gold_gain":0.0,"cards_transformed":["Strike_R","Strike_R"],"event_name":"Drug Dealer","player_choice":"Became Test Subject","floor":30.0,"gold_loss":0.0,"damage_taken":0.0,"cards_obtained":["Berserk","Heavy Blade"]},{"damage_healed":0.0,"max_hp_gain":0.0,"max_hp_loss":0.0,"gold_gain":0.0,"event_name":"Upgrade Shrine","player_choice":"Upgraded","floor":36.0,"gold_loss":0.0,"damage_taken":0.0,"cards_upgraded":["Berserk"]},{"damage_healed":0.0,"max_hp_gain":0.0,"max_hp_loss":0.0,"gold_gain":0.0,"event_name":"Tomb of Lord Red Mask","player_choice":"Paid","floor":39.0,"gold_loss":168.0,"damage_taken":0.0,"relics_obtained":["Red Mask"]}],"is_beta":false,"boss_relics":[{"not_picked":["SacredBark","Calling Bell"],"picked":"Runic Pyramid"},{"not_picked":["Coffee Dripper","Tiny House"],"picked":"Black Blood"}],"items_purged_floors":[5,12],"is_endless":false,"potions_floor_spawned":[1,3,7,16,19,22,31,37],"killed_by":"Reptomancer","ascension_level":4}}