{"host":"4lxzgdqpvzyot39g","time":1611091496,"event":{"mods":["100% Spire Juice","Abigail Mod","Act Like it!","Aspiration","BaseMod","Beaked The Cultist","Better Altar","Better Match","Better Note","Better Sensory Stone","Better Skull","Better Third Choice","CCEM","Colored Map","Colored Powertips","Conspire","Dark Map","Displayed Cursed Tome","Dota2Spire","Energized Spire","Fox Events","Friendly Minions","Gensokyo","GifTheSpireLib","Halation","Hallownest","Hermit","Highlight Path","HololiveMod","Hubris","Infinite Spire","Jedi Mod","JesterMod","Mari Mod (Legacy)","Mari\u0027s V1 Patch","MarisaÅiñ∂âJÅ@ñÇóùçπÅj","Minty Spire (QoL Compilation)","Prisma Mod","Quarter Circle Forward PUNCH!","Relic Filter","Replay The Spire","Robot Space Explorer","SCP261 Mod","Small Relic Pack","Spicy Shops","Spikes Relics","Spire Arcade","StS++","StSLib","Stuff the Spire","The Alterego","The Blue Laboratory","The Bug Knight","The Cursed","The Fake Hero","The Marked","The Servant 0.9.4","The Wild Card","Trackpad","Waifu the Spire","WarShipGirlsR/??è≠èóR mod","vexMod","Åy?ï®?îvÅzREMEMod"],"gold_per_floor":[517,33,51,51,51,51,76,96,96,5,5,35,52,266,266,637,637,654,664,664,22,42,70,170,170,170,198,211,211,245,264,264,341,341,353,131,145,158,158,191,204,232,232,265,281,297,323,337,337,337,337,337,23,51,51],"floor_reached":56,"language":"ENG","playtime":4408,"items_purged":["luka_mod:Surrender","StSpp:CorrosivePoison","Sucker Punch"],"score":2419,"play_id":"b1493383-a82b-49ae-80b5-b20329c866a1","local_time":"20210119162456","is_ascension_mode":true,"campfire_choices":[{"data":"luka_mod:StrikeLukaThree","floor":6,"key":"SMITH"},{"data":"luka_mod:Erubetie","floor":11,"key":"SMITH"},{"data":"luka_mod:StrikeLukaThree","floor":15,"key":"SMITH"},{"data":"Apotheosis","floor":25,"key":"SMITH"},{"floor":32,"key":"RECALL"},{"data":"luka_mod:Meditation","floor":39,"key":"PURGE"},{"data":"luka_mod:Guard","floor":49,"key":"PURGE"},{"data":"luka_mod:Calm","floor":52,"key":"SMITH"}],"circlet_count":0,"master_deck":["AscendersBane","luka_mod:StrikeLukaOne","luka_mod:StrikeLukaTwo","luka_mod:StrikeLukaThree+1","luka_mod:StrikeLukaFour","luka_mod:StrikeLukaFive","luka_mod:StrikeLukaSix","luka_mod:Salt","PrismaMod:IllyaInstallSaber","luka_mod:StrikeLukaThree+1","StSpp:Lure","luka_mod:Erubetie+1","luka_mod:SmallBody","luka_mod:Ilias+1","luka_mod:Erubetie+1","Apotheosis+1","luka_mod:Request+1","luka_mod:Undine","luka_mod:AlmaElma","luka_mod:Calm+1","luka_mod:Feel","luka_mod:StrikeLuka","luka_mod:Intense+1","luka_mod:Sylph","luka_mod:Determination","luka_mod:Struggle","luka_mod:NinefoldRakshasa","luka_mod:AngryLuka","Enlightenment","luka_mod:SmallBody","luka_mod:Feel"],"relics":["luka_mod:KeepsakeRing","REME_ComplimentaryCards","DollysMirror","Letter Opener","hubris:SlimyHat","halation:PinkSoulGem","Replay:Bottled Flurry","jedi:arcanewood","vexMod:RetaliationKit","jedi:battlestandard","Dota2Spire:PowerTreads","Guide Book","REME_HourglassOfDeath","jedi:kaleidoscope","halation:QuantumPhysicsTextbook","Peace Pipe","qcfpunch:Handcuffs","conspire:RoyalGoblet","HollowMod:LifeEnderRelic","qcfpunch:Red_Beret","Dota2Spire:ArmletOfMordiggian","hubris:DeckOfHolding","halation:WeightlessCrab","Replay:WaspNest","halation:Thesaurus","Honey Jar","MiniBlackHole"],"acts_visited":["Gensokyo:Gensokyo","Gensokyo:Gensokyoer","Hallownest:KingdomsEdge","TheEnding"],"potions_floor_usage":[12,13,30,40,55,55,55],"damage_taken":[{"damage":24,"enemies":"Gensokyo:Gryphon","floor":1,"turns":4},{"damage":19,"enemies":"Gensokyo:2_Kodama","floor":3,"turns":3},{"damage":27,"enemies":"Gensokyo:Cirno","floor":7,"turns":7},{"damage":0,"enemies":"Gensokyo:Python","floor":8,"turns":3},{"damage":21,"enemies":"Gensokyo:Mamizou","floor":12,"turns":7},{"damage":29,"enemies":"Gensokyo:3_Kodama","floor":13,"turns":6},{"damage":2,"enemies":"Gensokyo:2_Rabbits","floor":14,"turns":3},{"damage":0,"enemies":"Gensokyo:Yukari","floor":16,"turns":7},{"damage":24,"enemies":"Gensokyo:3_Dogs","floor":18,"turns":5},{"damage":27,"enemies":"Gensokyo:AngelMirror","floor":19,"turns":4},{"damage":8,"enemies":"Gensokyo:Chomper_and_Gloop","floor":22,"turns":4},{"damage":0,"enemies":"Gensokyo:Koishi","floor":23,"turns":4},{"damage":0,"enemies":"Gensokyo:Koishi","floor":24,"turns":5},{"damage":8,"enemies":"Gensokyo:Tenshi","floor":27,"turns":3},{"damage":23,"enemies":"Gensokyo:Mirror_and_Dog","floor":28,"turns":3},{"damage":0,"enemies":"Gensokyo:Reisen","floor":30,"turns":5},{"damage":0,"enemies":"Gensokyo:3_Gloops","floor":31,"turns":4},{"damage":0,"enemies":"Gensokyo:Kaguya","floor":33,"turns":5},{"damage":0,"enemies":"Hallownest:3_Siblings","floor":35,"turns":5},{"damage":24,"enemies":"Hallownest:2_Littles","floor":37,"turns":4},{"damage":0,"enemies":"Hallownest:monsterPrimalAspid","floor":38,"turns":3},{"damage":2,"enemies":"Hallownest:StalkingDevout","floor":40,"turns":5},{"damage":9,"enemies":"Hallownest:Shield_Sturdy","floor":41,"turns":4},{"damage":6,"enemies":"Hallownest:eliteHiveKnight","floor":42,"turns":4},{"damage":0,"enemies":"Hallownest:eliteCollector","floor":44,"turns":4},{"damage":0,"enemies":"Hallownest:Xero_Hu_Marmu","floor":45,"turns":4},{"damage":4,"enemies":"Hallownest:Slobbering_and_Violent","floor":46,"turns":5},{"damage":3,"enemies":"Hallownest:StalkingDevout","floor":47,"turns":4},{"damage":0,"enemies":"Hallownest:Shield_Sturdy","floor":48,"turns":3},{"damage":0,"enemies":"Hallownest:Radiance","floor":50,"turns":4},{"damage":12,"enemies":"Shield and Spear","floor":54,"turns":2},{"damage":18,"enemies":"The Heart","floor":55,"turns":5}],"seed_played":"3815999073830719285","potions_obtained":[{"floor":7,"key":"DistilledChaos"},{"floor":8,"key":"blueLaboratory:PyrophylliteBrew"},{"floor":12,"key":"Languid Potion"},{"floor":14,"key":"Weak Potion"},{"floor":24,"key":"Swift Potion"},{"floor":27,"key":"blueLaboratory:StoneskinPotion"},{"floor":38,"key":"Fire Potion"},{"floor":40,"key":"SpeedPotion"},{"floor":41,"key":"Block Potion"},{"floor":54,"key":"blueLaboratory:LouseDecoction"}],"is_trial":false,"path_per_floor":["M","$","M","?","?","R","E","M","T","COS","R","E","M","M","R","B",null,"M","M","?","$","M","E","?","R","T","E","M","?","E","M","R","B",null,"M","$","M","M","R","E","M","E","T","E","M","M","E","M","R","B",null,"R","$","E","B",null],"character_chosen":"LUKA_CLASS","items_purchased":["DollysMirror","Letter Opener","hubris:SlimyHat","Apotheosis","Guide Book","HollowMod:LifeEnderRelic","luka_mod:Calm","luka_mod:Feel","halation:Thesaurus","Enlightenment","luka_mod:SmallBody"],"campfire_rested":0,"item_purchase_floors":[2,2,2,21,21,36,36,36,53,53,53],"current_hp_per_floor":[22,22,22,22,22,22,30,30,30,30,30,31,24,22,22,25,35,33,38,35,35,35,35,35,35,35,27,20,24,35,35,35,35,35,35,35,28,35,35,35,26,35,35,35,35,35,35,35,35,35,35,35,35,23,32],"gold":51,"neow_bonus":"TRANSFORM_CARD","is_daily":false,"chose_seed":false,"campfire_upgraded":5,"win_rate":0.0,"timestamp":1611091496,"path_taken":["M","?","M","?","?","R","E","M","T","COS","R","E","?","M","R","BOSS","M","M","?","$","M","E","?","R","T","E","M","?","E","M","R","BOSS","M","$","M","M","?","E","M","E","T","E","M","M","E","M","R","BOSS","R","$","E","BOSS"],"items_purchased_type":["Relic","Relic","Relic","Card","Relic","Relic","Card","Card","Relic","Card","Card"],"build_version":"2020-12-22","purchased_purges":3,"victory":true,"max_hp_per_floor":[38,38,38,38,38,38,38,38,38,38,38,38,38,38,38,38,38,38,38,35,35,35,35,35,35,35,35,35,35,35,35,35,35,35,35,35,35,35,35,35,35,35,35,35,35,35,35,35,35,35,35,35,35,35,35],"card_choices":[{"not_picked":["luka_mod:EarthRumblingDecapitation","luka_mod:AlicesGuard","luka_mod:FireSlash"],"picked":"SKIP","floor":1},{"not_picked":["luka_mod:FireSlash","luka_mod:Sara","luka_mod:EarthSlash"],"picked":"SKIP","floor":3},{"not_picked":["luka_mod:Overexert","luka_mod:StrikeLuka"],"picked":"luka_mod:Erubetie","floor":7},{"not_picked":["luka_mod:EarthSlash","luka_mod:WaterSlash","luka_mod:GuardedStrike"],"picked":"SKIP","floor":8},{"not_picked":["luka_mod:DemonDecapitation","luka_mod:LightningSwordFlash","luka_mod:HeavenlyDemonRevival"],"picked":"SKIP","floor":12},{"not_picked":["luka_mod:RestrictedStrike","luka_mod:NotVerySharp"],"picked":"luka_mod:SmallBody","floor":13},{"not_picked":["luka_mod:Daystar","luka_mod:SpoilerDance"],"picked":"luka_mod:Ilias","floor":13},{"not_picked":["luka_mod:LightningSwordFlash","luka_mod:Request","luka_mod:Feel"],"picked":"SKIP","floor":14},{"not_picked":["luka_mod:Ora","luka_mod:Tamamo"],"picked":"luka_mod:Erubetie","floor":16},{"not_picked":["luka_mod:Intense","luka_mod:Calm","luka_mod:FireSlash"],"picked":"SKIP","floor":18},{"not_picked":["luka_mod:FlashKill","luka_mod:FireSlash","luka_mod:RestrictedStrike"],"picked":"SKIP","floor":19},{"not_picked":["luka_mod:GuardedStrike","luka_mod:FlashKill","luka_mod:OiAlice"],"picked":"SKIP","floor":22},{"not_picked":["luka_mod:IliasesJudgement","luka_mod:RestrictedStrike"],"picked":"luka_mod:Request+1","floor":23},{"not_picked":["luka_mod:Overexert","luka_mod:ThunderThrust"],"picked":"luka_mod:Undine","floor":24},{"not_picked":["luka_mod:Alice","luka_mod:OiAlice","luka_mod:PrayToIlias"],"picked":"SKIP","floor":27},{"not_picked":["luka_mod:Feel","luka_mod:DemonSkullBeheading","luka_mod:DeathSwordChaosStar"],"picked":"SKIP","floor":28},{"not_picked":["luka_mod:Feel","luka_mod:DemonSkullBeheading","luka_mod:DeathSwordChaosStar"],"picked":"SKIP","floor":28},{"not_picked":["luka_mod:GuardedStrike","luka_mod:WindSlash","luka_mod:BladeOfSolidEarth"],"picked":"SKIP","floor":30},{"not_picked":["luka_mod:Overexert","luka_mod:NotVerySharp","luka_mod:StressRelief"],"picked":"SKIP","floor":31},{"not_picked":["luka_mod:Ilias","luka_mod:NoDebuffs"],"picked":"luka_mod:AlmaElma","floor":33},{"not_picked":["luka_mod:EarthSlash","luka_mod:FireSlash","luka_mod:GuardTraining"],"picked":"SKIP","floor":35},{"not_picked":["luka_mod:DemonSkullBeheading","luka_mod:RestrictedStrike"],"picked":"luka_mod:StrikeLuka","floor":37},{"not_picked":["luka_mod:FlashKill","luka_mod:BegIlias"],"picked":"luka_mod:Intense+1","floor":38},{"not_picked":["luka_mod:WindSlash","luka_mod:BladeOfRagingFire","luka_mod:SmallBody"],"picked":"SKIP","floor":40},{"not_picked":["luka_mod:BladeOfSolidEarth+1","luka_mod:WaterSlash+1"],"picked":"luka_mod:Sylph","floor":41},{"not_picked":["luka_mod:OiAlice","luka_mod:Overexert+1","luka_mod:Determination"],"picked":"SKIP","floor":42},{"not_picked":["luka_mod:OiAlice","luka_mod:Overexert+1"],"picked":"luka_mod:Determination","floor":42},{"not_picked":["luka_mod:HeavenlyDemonRevival","luka_mod:FireSlash","luka_mod:OiAlice"],"picked":"SKIP","floor":44},{"not_picked":["luka_mod:EarthSlash","luka_mod:GuardedStrike","luka_mod:NeverSurrender+1"],"picked":"SKIP","floor":45},{"not_picked":["luka_mod:StrikeLuka","luka_mod:Optimistic+1"],"picked":"luka_mod:Struggle","floor":46},{"not_picked":["luka_mod:EarthSlash","luka_mod:HeavenlyDemonRevival+1"],"picked":"luka_mod:NinefoldRakshasa","floor":47},{"not_picked":["luka_mod:ThunderThrust","luka_mod:EndlessGuard+1"],"picked":"luka_mod:AngryLuka","floor":48},{"not_picked":["luka_mod:StrikeLuka","luka_mod:DeathSwordChaosStar","luka_mod:BladeOfStillWater"],"picked":"luka_mod:Feel","floor":54}],"player_experience":1094216,"relics_obtained":[{"floor":7,"key":"Replay:Bottled Flurry"},{"floor":9,"key":"jedi:arcanewood"},{"floor":12,"key":"vexMod:RetaliationKit"},{"floor":23,"key":"REME_HourglassOfDeath"},{"floor":24,"key":"jedi:kaleidoscope"},{"floor":24,"key":"halation:QuantumPhysicsTextbook"},{"floor":27,"key":"Peace Pipe"},{"floor":30,"key":"qcfpunch:Handcuffs"},{"floor":40,"key":"qcfpunch:Red_Beret"},{"floor":42,"key":"Dota2Spire:ArmletOfMordiggian"},{"floor":43,"key":"hubris:DeckOfHolding"},{"floor":44,"key":"halation:WeightlessCrab"},{"floor":47,"key":"Replay:WaspNest"},{"floor":54,"key":"MiniBlackHole"}],"event_choices":[],"is_beta":false,"boss_relics":[{"not_picked":["Runic Pyramid","ReplayTheSpireMod:SealedPack"],"picked":"vexMod:MysteryBossChallenge"},{"not_picked":["jesterMod:MachoBrace","aspiration:MarisaSkillbook"],"picked":"conspire:RoyalGoblet"}],"items_purged_floors":[2,21,21],"is_endless":false,"potions_floor_spawned":[7,8,12,14,16,22,23,24,27,28,38,40,41,44,47,54],"ascension_level":14}}