{"host":"idjwbq71yrpkph1r","time":1611095223,"event":{"mods":["Alarm Clock","BaseMod","Better Third Choice","Block Reminder","Colored Map","Colored Powertips","Conspire","Hubris","Mimic Mod","Minty Spire (QoL Compilation)","Rare Cards Sparkle","StSLib","The Blue Laboratory","Waifu the Spire","everything is the same but u backflip on backflip"],"gold_per_floor":[115,40,215,231,243,276,276,276,276,227,239,255,255,265,265,361,361,371,371,371,388,437,466,466,479,479,510,510,510,536,549,549,646,646,659,437,456,469,469,469,479,59,96,20,70,70,90,445,445,445,445,445,18,44,44,44],"floor_reached":55,"language":"ENG","playtime":4759,"items_purged":["Strike_R","Strike_R","Strike_R"],"score":725,"play_id":"54b2f70f-132a-4f37-97fd-c890e9290bd8","local_time":"20210119232703","is_ascension_mode":false,"campfire_choices":[{"data":"Fire Breathing","floor":7.0,"key":"SMITH"},{"data":"Defend_R","floor":13.0,"key":"SMITH"},{"floor":15.0,"key":"RECALL"},{"data":"Clothesline","floor":24.0,"key":"SMITH"},{"floor":32.0,"key":"REST"},{"data":"Evolve","floor":40.0,"key":"SMITH"},{"data":"Entrench","floor":46.0,"key":"SMITH"},{"data":"Apotheosis","floor":49.0,"key":"SMITH"},{"data":"Double Tap","floor":52.0,"key":"SMITH"}],"circlet_count":0,"master_deck":["Strike_R","Strike_R","Defend_R+1","Defend_R","Defend_R","Fire Breathing+1","Doubt","Cleave","Metallicize","Clothesline+1","Headbutt","Immolate","Shrug It Off","Wild Strike","Evolve+1","Power Through","Dual Wield+1","Armaments","Double Tap+1","Metallicize+1","Shrug It Off","Evolve+1","Apotheosis+1","Iron Wave","Iron Wave","Metallicize+1","Entrench+1","Sever Soul+1","Fire Breathing+1","Warcry+1"],"relics":["Burning Blood","Torii","Mercury Hourglass","betterThird:SlimedRelic","hubris:HollowSoul","Anchor","Vajra","Frozen Egg 2","PreservedInsect","conspire:SpecialSausage","hubris:SlimyHat","Bird Faced Urn","conspire:GlowingRock","Old Coin","DollysMirror","conspire:TopHat","Sundial"],"acts_visited":["Exordium","TheCity","TheBeyond","TheEnding"],"potions_floor_usage":[55],"damage_taken":[{"damage":5.0,"enemies":"Small Slimes","floor":1.0,"turns":3.0},{"damage":2.0,"enemies":"2 Louse","floor":4.0,"turns":3.0},{"damage":4.0,"enemies":"Jaw Worm","floor":5.0,"turns":5.0},{"damage":17.0,"enemies":"3 Sentries","floor":6.0,"turns":5.0},{"damage":2.0,"enemies":"Blue Slaver","floor":11.0,"turns":3.0},{"damage":2.0,"enemies":"Gremlin Gang","floor":12.0,"turns":2.0},{"damage":0.0,"enemies":"2 Fungi Beasts","floor":14.0,"turns":2.0},{"damage":1.0,"enemies":"Slime Boss","floor":16.0,"turns":6.0},{"damage":30.0,"enemies":"2 Thieves","floor":18.0,"turns":4.0},{"damage":7.0,"enemies":"3 Byrds","floor":21.0,"turns":4.0},{"damage":10.0,"enemies":"Gremlin Leader","floor":23.0,"turns":6.0},{"damage":8.0,"enemies":"Centurion and Healer","floor":25.0,"turns":6.0},{"damage":30.0,"enemies":"Slavers","floor":27.0,"turns":5.0},{"damage":3.0,"enemies":"Book of Stabbing","floor":30.0,"turns":7.0},{"damage":3.0,"enemies":"Snake Plant","floor":31.0,"turns":5.0},{"damage":54.0,"enemies":"hubris:MusketHawk","floor":33.0,"turns":11.0},{"damage":0.0,"enemies":"3 Shapes","floor":35.0,"turns":2.0},{"damage":9.0,"enemies":"Orb Walker","floor":37.0,"turns":5.0},{"damage":57.0,"enemies":"Spire Growth","floor":38.0,"turns":9.0},{"damage":3.0,"enemies":"Transient","floor":41.0,"turns":5.0},{"damage":3.0,"enemies":"Maw","floor":43.0,"turns":10.0},{"damage":0.0,"enemies":"Mind Bloom Boss Battle","floor":45.0,"turns":9.0},{"damage":1.0,"enemies":"Maw","floor":47.0,"turns":10.0},{"damage":32.0,"enemies":"2 Orb Walkers","floor":48.0,"turns":6.0},{"damage":66.0,"enemies":"hubris:GrandSnecko","floor":50.0,"turns":15.0},{"damage":43.0,"enemies":"Shield and Spear","floor":54.0,"turns":7.0},{"damage":52,"enemies":"The Heart","floor":55,"turns":2}],"seed_played":"4921667861547624187","potions_obtained":[{"floor":1.0,"key":"Fruit Juice"},{"floor":6.0,"key":"blueLaboratory:HorrorPotion"},{"floor":12.0,"key":"blueLaboratory:FruitPunch"},{"floor":14.0,"key":"blueLaboratory:LouseDecoction"},{"floor":16.0,"key":"blueLaboratory:NullPotion"},{"floor":27.0,"key":"blueLaboratory:StoneskinPotion"},{"floor":31.0,"key":"blueLaboratory:ConflagurationPotion"},{"floor":33.0,"key":"blueLaboratory:TrueEctoplasm"}],"is_trial":false,"path_per_floor":["M","$","?","M","M","E","R","?","T","?","M","M","R","M","R","B",null,"M","?","?","M","T","E","R","M","T","E","$","?","E","M","R","B",null,"M","$","M","M","?","R","M","$","MIM","$","?","R","M","?","R","B",null,"R","$","E","B"],"character_chosen":"IRONCLAD","items_purchased":["Metallicize+1","Shrug It Off","hubris:SlimyHat","Evolve+1","Apotheosis","Iron Wave","Metallicize+1","DollysMirror","conspire:TopHat"],"campfire_rested":1,"item_purchase_floors":[36,36,42,42,42,42,44,53,53],"current_hp_per_floor":[88,88,88,88,88,77,77,77,77,66,70,74,74,85,85,92,95,71,71,71,70,70,66,66,64,64,40,40,40,43,46,74,26,95,95,95,92,41,41,41,44,44,47,47,65,65,82,66,66,26,95,95,95,66,0,0],"gold":44,"neow_bonus":"TEN_PERCENT_HP_BONUS","is_daily":false,"chose_seed":false,"campfire_upgraded":7,"win_rate":0.0,"timestamp":1611095223,"path_taken":["M","$","?","M","M","E","R","?","T","?","M","M","R","M","R","BOSS","M","?","?","M","?","E","R","M","T","E","?","?","E","M","R","BOSS","M","$","M","M","?","R","M","$","MIM","?","?","R","M","?","R","BOSS","R","$","E","BOSS"],"items_purchased_type":["Card","Card","Relic","Card","Card","Card","Card","Relic","Relic"],"build_version":"2020-12-22","purchased_purges":3,"victory":false,"max_hp_per_floor":[88,88,88,88,88,88,88,88,88,88,88,88,88,93,93,95,95,95,95,95,95,95,95,95,95,95,95,95,95,95,95,95,95,95,95,95,95,95,95,95,95,95,95,95,95,95,95,95,95,95,95,95,95,95,95,95],"card_choices":[{"not_picked":["Twin Strike","True Grit"],"picked":"Fire Breathing","floor":1.0},{"not_picked":["hubris:SharpeningStone","Thunderclap"],"picked":"Cleave","floor":4.0},{"not_picked":["hubris:SharpeningStone","Combust"],"picked":"Metallicize","floor":5.0},{"not_picked":["Searing Blow","Clash","Perfected Strike"],"picked":"SKIP","floor":6.0},{"not_picked":["True Grit","Anger","Rupture"],"picked":"SKIP","floor":11.0},{"not_picked":["Perfected Strike","Anger"],"picked":"Clothesline","floor":12.0},{"not_picked":["Flex","Impervious"],"picked":"Headbutt","floor":14.0},{"not_picked":["conspire:Purge","Reaper"],"picked":"Immolate","floor":16.0},{"not_picked":["Combust","Second Wind","Flex"],"picked":"SKIP","floor":18.0},{"not_picked":["Anger","Rampage"],"picked":"Wild Strike","floor":21.0},{"not_picked":["Second Wind","hubris:SharpeningStone","Anger+1"],"picked":"SKIP","floor":23.0},{"not_picked":["Second Wind","Juggernaut"],"picked":"Evolve","floor":25.0},{"not_picked":["Sentinel","Twin Strike+1"],"picked":"Power Through","floor":27.0},{"not_picked":["conspire:ExplosiveBarrier","Heavy Blade"],"picked":"Dual Wield+1","floor":30.0},{"not_picked":["Sword Boomerang","Heavy Blade"],"picked":"Armaments","floor":31.0},{"not_picked":["Limit Break","Offering"],"picked":"Double Tap","floor":33.0},{"not_picked":["Sword Boomerang+1","Pummel","Rupture+1"],"picked":"SKIP","floor":35.0},{"not_picked":["Sever Soul","Perfected Strike","Whirlwind"],"picked":"SKIP","floor":37.0},{"not_picked":["Anger+1","Sword Boomerang+1","hubris:SharpeningStone"],"picked":"SKIP","floor":38.0},{"not_picked":["Seeing Red+1","hubris:SharpeningStone","Inflame+1"],"picked":"SKIP","floor":41.0},{"not_picked":["Havoc","Thunderclap+1"],"picked":"Iron Wave","floor":43.0},{"not_picked":["Rupture+1","Spot Weakness+1"],"picked":"Entrench","floor":45.0},{"not_picked":["Warcry+1","Seeing Red+1"],"picked":"Sever Soul+1","floor":47.0},{"not_picked":["Twin Strike","Demon Form+1"],"picked":"Warcry+1","floor":54.0}],"player_experience":226088,"relics_obtained":[{"floor":6.0,"key":"Torii"},{"floor":9.0,"key":"Mercury Hourglass"},{"floor":22.0,"key":"Anchor"},{"floor":23.0,"key":"Vajra"},{"floor":27.0,"key":"Frozen Egg 2"},{"floor":30.0,"key":"PreservedInsect"},{"floor":43.0,"key":"Bird Faced Urn"},{"floor":45.0,"key":"conspire:GlowingRock"},{"floor":48.0,"key":"Old Coin"},{"floor":54.0,"key":"Sundial"}],"event_choices":[{"damage_healed":0.0,"max_hp_gain":0.0,"max_hp_loss":0.0,"gold_gain":175.0,"event_name":"betterThird:BetterSerpent","player_choice":"AGREE","floor":3.0,"gold_loss":0.0,"damage_taken":40.0},{"cards_removed":["Bash"],"damage_healed":0.0,"max_hp_gain":0.0,"max_hp_loss":0.0,"gold_gain":0.0,"event_name":"Living Wall","player_choice":"Forget","floor":8.0,"gold_loss":0.0,"damage_taken":0.0},{"damage_healed":0.0,"max_hp_gain":0.0,"max_hp_loss":0.0,"gold_gain":0.0,"event_name":"betterThird:BetterGoop","player_choice":"Slimed","floor":10.0,"gold_loss":49.0,"damage_taken":11.0},{"damage_healed":0.0,"max_hp_gain":0.0,"max_hp_loss":0.0,"gold_gain":0.0,"event_name":"Vampires","player_choice":"Ignored","floor":19.0,"gold_loss":0.0,"damage_taken":0.0},{"damage_healed":0.0,"max_hp_gain":0.0,"max_hp_loss":0.0,"gold_gain":0.0,"event_name":"conspire:Investor","player_choice":"Leave","floor":29.0,"gold_loss":0.0,"damage_taken":0.0},{"cards_removed":["Defend_R"],"damage_healed":0.0,"max_hp_gain":0.0,"max_hp_loss":0.0,"gold_gain":0.0,"event_name":"Falling","player_choice":"Removed Skill","floor":39.0,"gold_loss":0.0,"damage_taken":0.0},{"damage_healed":0.0,"max_hp_gain":0.0,"max_hp_loss":0.0,"gold_gain":0.0,"event_name":"MindBloom","player_choice":"Fight","floor":45.0,"gold_loss":0.0,"damage_taken":0.0},{"damage_healed":0.0,"max_hp_gain":0.0,"max_hp_loss":0.0,"gold_gain":0.0,"event_name":"Mysterious Sphere","player_choice":"Fight","floor":48.0,"gold_loss":0.0,"damage_taken":0.0}],"is_beta":false,"boss_relics":[{"not_picked":["hubris:VirtuousBlindfold","conspire:RoyalGoblet"],"picked":"hubris:HollowSoul"},{"not_picked":["SacredBark","hubris:RunicObelisk"],"picked":"conspire:SpecialSausage"}],"items_purged_floors":[2,36,53],"is_endless":false,"potions_floor_spawned":[1,6,12,14,16,23,27,31,33,35,38,41,45,47,54],"killed_by":"The Heart","ascension_level":0}}