{"host":"640uue19m79c7wbt","time":1611016824,"event":{"mods":["BaseMod","Colored Map","Googly Eyes","Highlight Path","Minty Spire (QoL Compilation)","Quick Restart","StSLib"],"gold_per_floor":[13,13,33,33,52,77,77,77,100,113,113,178,196,231,231,310,310,321,371,499,617,667,699,709,709,733,783,793,20,40,75,75,75,75],"floor_reached":33,"language":"ENG","playtime":1593,"items_purged":[],"score":502,"play_id":"b9b902ea-792a-47d8-be85-8a99d2a067e8","local_time":"20210118194024","is_ascension_mode":true,"campfire_choices":[{"floor":8.0,"key":"REST"},{"floor":11.0,"key":"REST"},{"floor":15.0,"key":"REST"},{"floor":25,"key":"REST"},{"floor":32,"key":"REST"}],"circlet_count":0,"master_deck":["AscendersBane","Strike_G+1","Strike_G+1","Strike_G+1","Defend_G","Defend_G","Defend_G","Defend_G","Survivor","Neutralize","Sadistic Nature","Terror+1","Prepared","Underhanded Strike","After Image","Noxious Fumes","Eviscerate","Distraction","Well Laid Plans","Envenom","Corpse Explosion+1","Leg Sweep+1","Glass Knife+1","Masterful Stab","RitualDagger","Underhanded Strike+1","Dagger Throw","Panache+1","Cloak And Dagger","Terror","Blur"],"relics":["Ring of the Snake","Whetstone","SsserpentHead","Tiny Chest","FossilizedHelix","Astrolabe","Blue Candle","Frozen Egg 2","Pen Nib","Regal Pillow","Peace Pipe","Torii","Pear","Art of War"],"acts_visited":["Exordium","TheCity"],"potions_floor_usage":[31,33],"damage_taken":[{"damage":9.0,"enemies":"Jaw Worm","floor":1.0,"turns":4.0},{"damage":2.0,"enemies":"Small Slimes","floor":3.0,"turns":4.0},{"damage":0.0,"enemies":"2 Louse","floor":5.0,"turns":2.0},{"damage":23.0,"enemies":"Gremlin Nob","floor":6.0,"turns":4.0},{"damage":11.0,"enemies":"Lots of Slimes","floor":10.0,"turns":5.0},{"damage":0.0,"enemies":"Blue Slaver","floor":12.0,"turns":3.0},{"damage":1.0,"enemies":"Exordium Wildlife","floor":13.0,"turns":4.0},{"damage":16.0,"enemies":"3 Sentries","floor":14.0,"turns":6.0},{"damage":1.0,"enemies":"Hexaghost","floor":16.0,"turns":9.0},{"damage":0.0,"enemies":"Chosen","floor":18.0,"turns":4.0},{"damage":48.0,"enemies":"Slavers","floor":23.0,"turns":6.0},{"damage":5,"enemies":"3 Byrds","floor":24,"turns":3},{"damage":4,"enemies":"Centurion and Healer","floor":28,"turns":3},{"damage":0,"enemies":"Cultist and Chosen","floor":30,"turns":4},{"damage":10,"enemies":"Gremlin Leader","floor":31,"turns":4},{"damage":93,"enemies":"Automaton","floor":33,"turns":6}],"seed_played":"5485248008555354516","potions_obtained":[{"floor":3.0,"key":"Ancient Potion"},{"floor":10.0,"key":"CunningPotion"},{"floor":13.0,"key":"Explosive Potion"},{"floor":14.0,"key":"GamblersBrew"},{"floor":30,"key":"AttackPotion"},{"floor":31,"key":"Energy Potion"}],"is_trial":false,"path_per_floor":["M","?","M","?","M","E","?","R","T","M","R","M","M","E","R","B",null,"M","?","T","T","?","E","M","R","T","?","M","$","M","E","R","B"],"character_chosen":"THE_SILENT","items_purchased":["Torii","Panache+1","Pear","Cloak And Dagger"],"campfire_rested":5,"item_purchase_floors":[29,29,29,29],"current_hp_per_floor":[50,50,48,35,35,12,12,31,31,20,39,39,38,22,41,40,60,60,60,60,60,54,6,1,20,20,20,16,26,26,16,53,0,0],"gold":75,"neow_bonus":"RANDOM_COLORLESS_2","is_daily":false,"chose_seed":false,"campfire_upgraded":0,"win_rate":0.0,"timestamp":1611016824,"path_taken":["M","?","M","?","M","E","?","R","T","M","R","?","M","E","R","BOSS","M","?","?","?","?","E","M","R","T","?","M","$","M","E","R","BOSS"],"items_purchased_type":["Relic","Card","Relic","Card"],"build_version":"2020-12-22","purchased_purges":0,"victory":false,"max_hp_per_floor":[66,66,66,66,66,66,66,66,66,66,66,66,66,66,66,66,66,66,66,66,66,66,66,66,66,66,66,66,76,76,76,76,76,76],"card_choices":[{"not_picked":["Master of Strategy","Apotheosis"],"picked":"Sadistic Nature","floor":0.0},{"not_picked":["Flying Knee","Riddle With Holes"],"picked":"Terror","floor":1.0},{"not_picked":["Flying Knee","Bane"],"picked":"Prepared","floor":3.0},{"not_picked":["Deflect","Outmaneuver"],"picked":"Underhanded Strike","floor":5.0},{"not_picked":["Acrobatics","All Out Attack"],"picked":"After Image","floor":6.0},{"not_picked":["Deadly Poison","Catalyst"],"picked":"Noxious Fumes","floor":10.0},{"not_picked":["Acrobatics","Slice"],"picked":"Eviscerate","floor":12.0},{"not_picked":["Backflip","Quick Slash"],"picked":"Distraction","floor":13.0},{"not_picked":["Deadly Poison","Dodge and Roll"],"picked":"Well Laid Plans","floor":14.0},{"not_picked":["Venomology","Unload"],"picked":"Envenom","floor":16.0},{"not_picked":["Sucker Punch","Prepared"],"picked":"Masterful Stab","floor":18.0},{"not_picked":["Backflip","Bane"],"picked":"Underhanded Strike+1","floor":23.0},{"not_picked":["All Out Attack","Dodge and Roll","Calculated Gamble"],"picked":"SKIP","floor":24},{"not_picked":["Setup","Cloak And Dagger"],"picked":"Dagger Throw","floor":28},{"not_picked":["Deadly Poison","Flechettes"],"picked":"Terror","floor":30},{"not_picked":["Cloak And Dagger","Deflect"],"picked":"Blur","floor":31}],"player_experience":611786,"relics_obtained":[{"floor":6.0,"key":"Whetstone"},{"floor":9.0,"key":"Tiny Chest"},{"floor":14.0,"key":"FossilizedHelix"},{"floor":20.0,"key":"Blue Candle"},{"floor":21.0,"key":"Frozen Egg 2"},{"floor":23.0,"key":"Pen Nib"},{"floor":26,"key":"Regal Pillow"},{"floor":31,"key":"Art of War"}],"event_choices":[{"damage_healed":0.0,"max_hp_gain":0.0,"max_hp_loss":0.0,"gold_gain":0.0,"event_name":"Living Wall","player_choice":"Grow","floor":2.0,"gold_loss":0.0,"damage_taken":0.0,"cards_upgraded":["Terror"]},{"damage_healed":0.0,"max_hp_gain":0.0,"max_hp_loss":0.0,"gold_gain":0.0,"event_name":"Shining Light","player_choice":"Entered Light","floor":4.0,"gold_loss":0.0,"damage_taken":13.0,"cards_upgraded":["Strike_G","Strike_G"]},{"damage_healed":0.0,"max_hp_gain":0.0,"max_hp_loss":0.0,"gold_gain":0.0,"event_name":"FaceTrader","player_choice":"Trade","floor":7.0,"gold_loss":0.0,"damage_taken":0.0,"relics_obtained":["SsserpentHead"]},{"damage_healed":0.0,"max_hp_gain":0.0,"max_hp_loss":0.0,"gold_gain":0.0,"event_name":"Vampires","player_choice":"Ignored","floor":19.0,"gold_loss":0.0,"damage_taken":0.0},{"damage_healed":0.0,"max_hp_gain":0.0,"max_hp_loss":0.0,"gold_gain":0.0,"event_name":"Nest","player_choice":"Joined the Cult","floor":22.0,"gold_loss":0.0,"damage_taken":6.0,"cards_obtained":["RitualDagger"]},{"damage_healed":0,"gold_gain":0,"player_choice":"Opened","damage_taken":0,"relics_obtained":["Peace Pipe"],"max_hp_gain":0,"max_hp_loss":0,"event_name":"The Mausoleum","floor":27,"gold_loss":0}],"is_beta":false,"boss_relics":[{"not_picked":["WristBlade","Cursed Key"],"picked":"Astrolabe"}],"items_purged_floors":[],"is_endless":false,"potions_floor_spawned":[3,10,13,14,30,31],"killed_by":"Automaton","ascension_level":14}}