{"host":"51fyd6gkml7xavq8","time":1611091219,"event":{"mods":["BaseMod","BetterRewards","Colored Map","Energized Spire","Infinite Spire","Minty Spire (QoL Compilation)","Replay The Spire","Shop Mod","Spicy Shops","StSLib","The Blue Laboratory","[IsaacMod]????"],"gold_per_floor":[111,225,123,123,84,84,109,109,132,157,195,195,195,211,211,308,308,322,322,72,115,127,152,152,182,228,245,36,135,135,154,154,254,254,269,304,324,324,0,34,49,474,497,515,547,547,580,597,597,697,697,700,700,650,650,650,650,467,467,521,61,70,82,87,87,87,54,54],"floor_reached":67,"language":"ENG","playtime":6090,"items_purged":["Defend_G","Strike_G","Injury","Defend_G","Strike_G","Strike_G","Strike_G"],"score":1616,"play_id":"89b1146b-5865-493e-93cf-f6da488d4e5c","local_time":"20210119182019","is_ascension_mode":true,"campfire_choices":[{"data":"A Thousand Cuts","floor":6.0,"key":"SMITH"},{"data":"Neutralize","floor":8.0,"key":"SMITH"},{"data":"Survivor","floor":15.0,"key":"SMITH"},{"data":"Caltrops","floor":24.0,"key":"SMITH"},{"data":"Defend_G","floor":30.0,"key":"SMITH"},{"data":"Noxious Fumes","floor":32.0,"key":"SMITH"},{"data":"infinitespire:UltimateForm","floor":46.0,"key":"SMITH"},{"data":"Noxious Fumes","floor":49.0,"key":"SMITH"},{"data":"Neutralize","floor":57.0,"key":"SMITH"},{"data":"Sadistic Nature","floor":59.0,"key":"SMITH"},{"data":"Noxious Fumes","floor":66.0,"key":"SMITH"}],"circlet_count":0,"master_deck":["AscendersBane","Defend_G+1","Defend_G","Survivor+1","Neutralize+1","A Thousand Cuts+1","Bullet Time+1","Caltrops+1","Venomology+1","Noxious Fumes+1","After Image","CurseOfTheBell","Noxious Fumes+1","Neutralize+1","BettingIsNotGood+1","infinitespire:UltimateForm+1","Neutralize","Crippling Poison+1","Sadistic Nature+1","After Image","Noxious Fumes+1","Crippling Poison+1"],"relics":["Burning Blood","HushsDoor","D6","Ice Cream","MerchantsRug","Oddly Smooth Stone","Letter Opener","Boot","Singing Bowl","Replay:Rubber Ducky","Bronze Scales","Replay:Wax Seal","Replay:Mystery Machine","Juzu Bracelet","infinitespire:Cubic Diamond","MagicMushroom","Membership Card","infinitespire:CursedDice","Replay:Ringing Soul","ReplayFunnel","Snake Skull","Prayer Wheel","infinitespire:Satchel","BookofShadows","Thread and Needle","ReplayTheSpireMod:CursedCoin","Toxic Egg 2","Regal Pillow","PreservedInsect","Kunai","Shuriken","energizedSpire:MagnifyingGlass","Dream Catcher","PokeGo","Nunchaku","TwistedFunnel","Bag of Marbles","Sling","Turnip"],"acts_visited":["Exordium","TheCity","TheBeyond","Exordium"],"potions_floor_usage":[67,67,67,67,67,67],"damage_taken":[{"damage":0.0,"enemies":"2 Louse","floor":1.0,"turns":2.0},{"damage":0.0,"enemies":"Lagavulin","floor":7.0,"turns":5.0},{"damage":0.0,"enemies":"Gremlin Nob","floor":10.0,"turns":3.0},{"damage":0.0,"enemies":"Small Slimes","floor":14.0,"turns":2.0},{"damage":9.0,"enemies":"The Guardian","floor":16.0,"turns":8.0},{"damage":0.0,"enemies":"Shell Parasite","floor":18.0,"turns":4.0},{"damage":0.0,"enemies":"3 Byrds","floor":22.0,"turns":2.0},{"damage":1.0,"enemies":"Book of Stabbing","floor":23.0,"turns":4.0},{"damage":0.0,"enemies":"Gremlin Leader","floor":25.0,"turns":4.0},{"damage":0.0,"enemies":"3 Cultists","floor":27.0,"turns":3.0},{"damage":3.0,"enemies":"Shelled Parasite and Fungi","floor":31.0,"turns":3.0},{"damage":8.0,"enemies":"Automaton","floor":33.0,"turns":8.0},{"damage":0.0,"enemies":"Orb Walker","floor":35.0,"turns":3.0},{"damage":3.0,"enemies":"3 Shapes","floor":37.0,"turns":4.0},{"damage":8.0,"enemies":"Reptomancer","floor":40.0,"turns":6.0},{"damage":6.0,"enemies":"Writhing Mass","floor":41.0,"turns":4.0},{"damage":5.0,"enemies":"infinitespire:Three Voidlings","floor":42.0,"turns":3.0},{"damage":6.0,"enemies":"Nightmare_Alpha","floor":42.0,"turns":7.0},{"damage":0.0,"enemies":"Spire Growth","floor":44.0,"turns":5.0},{"damage":0.0,"enemies":"R_Hoarder","floor":45.0,"turns":6.0},{"damage":24.0,"enemies":"Reptomancer","floor":47.0,"turns":4.0},{"damage":11.0,"enemies":"Jaw Worm Horde","floor":48.0,"turns":3.0},{"damage":21.0,"enemies":"Replay:Hell Engine","floor":50.0,"turns":11.0},{"damage":0.0,"enemies":"Jaw Worm","floor":52.0,"turns":4.0},{"damage":0.0,"enemies":"Small Slimes","floor":56.0,"turns":3.0},{"damage":6.0,"enemies":"Cultist","floor":62.0,"turns":3.0},{"damage":6.0,"enemies":"Lagavulin","floor":63.0,"turns":3.0},{"damage":0.0,"enemies":"2 Fungi Beasts","floor":64.0,"turns":2.0},{"damage":0.0,"enemies":"Looter","floor":65.0,"turns":3.0},{"damage":202,"enemies":"Delirium","floor":67,"turns":19}],"seed_played":"8649803677895113289","potions_obtained":[{"floor":10.0,"key":"blueLaboratory:BubblePotion"},{"floor":14.0,"key":"blueLaboratory:EnvenomedCoating"},{"floor":16.0,"key":"CunningPotion"},{"floor":18.0,"key":"blueLaboratory:TrueEctoplasm"},{"floor":22.0,"key":"blueLaboratory:EnvenomedCoating"},{"floor":33.0,"key":"FearPotion"},{"floor":40.0,"key":"DuplicationPotion"},{"floor":42.0,"key":"Strength Potion"},{"floor":44.0,"key":"ColorlessPotion"},{"floor":53.0,"key":"Fire Potion"},{"floor":53.0,"key":"CunningPotion"},{"floor":53.0,"key":"CultistPotion"},{"floor":56.0,"key":"blueLaboratory:EmptyBottle"},{"floor":64.0,"key":"blueLaboratory:EnragingPotion"}],"is_trial":false,"path_per_floor":["M","?","$","?","$","R","E","R","T","E","$","?","?","M","R","B",null,"M","?","$","?","M","E","R","E","T","M","$","?","R","M","R","B",null,"M","$","M","?","$","E","M","?","T","M","E","R","E","M","R","B",null,"M","?","?","?","M","R","$","R","T","$","M","E","M","M","R","B"],"character_chosen":"THE_SILENT","items_purchased":["Ice Cream","A Thousand Cuts","MerchantsRug","Oddly Smooth Stone","Letter Opener","Boot","Singing Bowl","Replay:Rubber Ducky","Bronze Scales","Bullet Time+1","Replay:Wax Seal","Membership Card","Caltrops","Venomology+1","Snake Skull","Prayer Wheel","ReplayTheSpireMod:CursedCoin","Noxious Fumes","Toxic Egg 2","Potion Belt","BettingIsNotGood+1","Sadistic Nature","Dream Catcher","PokeGo","TwistedFunnel","After Image","Bag of Marbles","Sling","Noxious Fumes"],"campfire_rested":0,"item_purchase_floors":[0,0,0,0,0,0,0,0,0,3,5,20,20,20,28,28,36,36,39,39,39,58,58,58,61,61,61,61,61],"current_hp_per_floor":[23,11,11,11,11,11,13,13,20,22,22,22,15,23,23,22,82,91,70,70,55,64,72,72,81,81,90,90,90,90,99,99,101,121,130,133,137,140,143,143,148,154,154,158,160,160,144,144,144,162,167,172,172,172,175,179,179,182,182,182,185,189,192,196,200,200,0,0],"gold":54,"neow_bonus":"","is_daily":false,"chose_seed":false,"campfire_upgraded":11,"win_rate":0.0,"timestamp":1611091219,"path_taken":["M","?","$","?","?","R","E","R","T","E","$","?","?","M","R","BOSS","M","?","$","?","M","E","R","E","T","M","$","?","R","M","R","BOSS","M","$","M","?","$","E","M","?","T","M","E","R","E","M","R","BOSS","M","?","?","?","M","R","$","R","T","$","M","E","M","M","R","BOSS"],"items_purchased_type":["Relic","Card","Relic","Relic","Relic","Relic","Relic","Relic","Relic","Card","Relic","Relic","Card","Card","Relic","Relic","Relic","Card","Relic","Relic","Card","Card","Relic","Relic","Relic","Card","Relic","Relic","Card"],"build_version":"2020-12-22","purchased_purges":7,"victory":false,"max_hp_per_floor":[72,78,78,78,78,78,80,80,87,89,89,89,89,91,91,93,100,102,107,107,107,109,111,111,113,113,115,115,115,115,120,120,123,126,130,133,137,140,143,145,149,154,154,158,160,160,162,166,166,168,168,172,172,172,175,179,179,182,182,182,185,189,192,196,200,200,200,200],"card_choices":[{"not_picked":["Dagger Spray","Quick Slash","Backflip"],"picked":"Singing Bowl","floor":1.0},{"not_picked":["ReplayTheSpireMod:Shiv Toss","Poisoned Stab","Dagger Spray"],"picked":"Singing Bowl","floor":2.0},{"not_picked":["Underhanded Strike","Backflip","Deadly Poison"],"picked":"Singing Bowl","floor":2.0},{"not_picked":["Deadly Poison","Bane","Backstab"],"picked":"Singing Bowl","floor":2.0},{"not_picked":["Dodge and Roll","Quick Slash","Prepared"],"picked":"Singing Bowl","floor":7.0},{"not_picked":["Backflip","Calculated Gamble","Catalyst"],"picked":"Singing Bowl","floor":10.0},{"not_picked":["Setup","Dagger Spray","Deflect"],"picked":"Singing Bowl","floor":14.0},{"not_picked":["ReplayTheSpireMod:From All Sides","Unload","Poison Darts"],"picked":"Singing Bowl","floor":16.0},{"not_picked":["Acrobatics","Quick Slash","Deadly Poison"],"picked":"Singing Bowl","floor":18.0},{"not_picked":["Deadly Poison","Outmaneuver","Poisoned Stab"],"picked":"Singing Bowl","floor":22.0},{"not_picked":["Deadly Poison","Acrobatics","Eviscerate"],"picked":"Singing Bowl","floor":23.0},{"not_picked":["Dodge and Roll+1","Quick Slash","Envenom"],"picked":"Singing Bowl","floor":25.0},{"not_picked":["Deflect","Heel Hook","Catalyst"],"picked":"Singing Bowl","floor":27.0},{"not_picked":["Endless Agony","Dodge and Roll","PiercingWail"],"picked":"Singing Bowl","floor":31.0},{"not_picked":["Hidden Blade+1","Catalyst"],"picked":"Noxious Fumes","floor":31.0},{"not_picked":["Tools of the Trade","Envenom"],"picked":"After Image","floor":33.0},{"not_picked":["Flechettes","Deflect+1","Deadly Poison+1"],"picked":"Singing Bowl","floor":35.0},{"not_picked":["Riddle With Holes+1","Prepared","Hidden Blade+1"],"picked":"Singing Bowl","floor":35.0},{"not_picked":["PiercingWail","Prepared","Blur+1"],"picked":"Singing Bowl","floor":37.0},{"not_picked":["Endless Agony","Flying Knee+1","Bane"],"picked":"Singing Bowl","floor":37.0},{"not_picked":["Flying Knee","Infinite Blades","Sneak Up+1"],"picked":"Singing Bowl","floor":40.0},{"not_picked":["Choke","Cloak And Dagger+1","Outmaneuver+1"],"picked":"Singing Bowl","floor":41.0},{"not_picked":["Expertise+1","ReplayTheSpireMod:Speed Training+1","Envenom"],"picked":"Singing Bowl","floor":41.0},{"not_picked":["infinitespire:FutureSight","ReplayTheSpireMod:Chaos Vortex"],"picked":"infinitespire:UltimateForm","floor":42.0},{"not_picked":["Quick Slash","Outmaneuver+1","Slice"],"picked":"Singing Bowl","floor":42.0},{"not_picked":["Backflip+1","ReplayTheSpireMod:Exploit Weakness+1","Acrobatics+1"],"picked":"Singing Bowl","floor":44.0},{"not_picked":["ReplayTheSpireMod:Scrap Shanks","PiercingWail+1","Tactician+1"],"picked":"Singing Bowl","floor":44.0},{"not_picked":["Accuracy+1","All Out Attack","Acrobatics+1"],"picked":"Singing Bowl","floor":45.0},{"not_picked":["Cloak And Dagger+1","Replay:Poison Smokescreen+1","Masterful Stab"],"picked":"Singing Bowl","floor":47.0},{"not_picked":["Dodge and Roll+1","Leg Sweep+1","A Thousand Cuts"],"picked":"Singing Bowl","floor":48.0},{"not_picked":["Poisoned Stab","Quick Slash","Fluid Movement"],"picked":"Singing Bowl","floor":48.0},{"not_picked":["Doppelganger+1","Phantasmal Killer+1","Atom Bomb"],"picked":"Singing Bowl","floor":50.0},{"not_picked":["ReplayTheSpireMod:Speed Training+1","Blade Dance+1","Cloak And Dagger+1"],"picked":"Singing Bowl","floor":52.0},{"not_picked":["PiercingWail+1","Poisoned Stab","Blade Dance+1"],"picked":"Singing Bowl","floor":52.0},{"not_picked":["Acrobatics+1","Expertise+1","Backflip+1"],"picked":"Singing Bowl","floor":56.0},{"not_picked":["Deflect+1","Terror+1","Flechettes"],"picked":"Singing Bowl","floor":56.0},{"not_picked":["Cloak And Dagger+1","Acrobatics+1","Blade Dance+1"],"picked":"Singing Bowl","floor":62.0},{"not_picked":["Deflect+1","Adrenaline+1","Dodge and Roll+1"],"picked":"Singing Bowl","floor":62.0},{"not_picked":["Escape Plan+1","Distraction+1"],"picked":"Crippling Poison+1","floor":63.0},{"not_picked":["Infinite Blades","Concentrate+1","Hidden Blade+1"],"picked":"Singing Bowl","floor":64.0},{"not_picked":["Choke","Backflip+1","ReplayTheSpireMod:Tripwire+1"],"picked":"Singing Bowl","floor":64.0},{"not_picked":["Hidden Blade+1","Cloak And Dagger+1","ReplayTheSpireMod:The Works+1"],"picked":"Singing Bowl","floor":65.0},{"not_picked":["Flying Knee","Fluid Movement","Infinite Blades"],"picked":"Singing Bowl","floor":65.0}],"player_experience":646893,"relics_obtained":[{"floor":7.0,"key":"Replay:Mystery Machine"},{"floor":9.0,"key":"Strawberry"},{"floor":10.0,"key":"Juzu Bracelet"},{"floor":23.0,"key":"infinitespire:CursedDice"},{"floor":25.0,"key":"Replay:Ringing Soul"},{"floor":26.0,"key":"ReplayFunnel"},{"floor":34.0,"key":"infinitespire:Satchel"},{"floor":34.0,"key":"BookofShadows"},{"floor":34.0,"key":"Thread and Needle"},{"floor":40.0,"key":"Regal Pillow"},{"floor":42.0,"key":"Old Coin"},{"floor":43.0,"key":"PreservedInsect"},{"floor":45.0,"key":"Kunai"},{"floor":47.0,"key":"Shuriken"},{"floor":60.0,"key":"Nunchaku"},{"floor":63.0,"key":"Turnip"}],"event_choices":[{"cards_removed":["Strike_G"],"damage_healed":0.0,"max_hp_gain":0.0,"max_hp_loss":0.0,"gold_gain":0.0,"event_name":"Golden Wing","player_choice":"Card Removal","floor":13.0,"gold_loss":0.0,"damage_taken":7.0},{"damage_healed":0.0,"max_hp_gain":5.0,"max_hp_loss":0.0,"gold_gain":0.0,"event_name":"Forgotten Altar","player_choice":"Shed Blood","floor":19.0,"gold_loss":0.0,"damage_taken":26.0},{"damage_healed":0.0,"max_hp_gain":0.0,"max_hp_loss":0.0,"gold_gain":99.0,"event_name":"Nest","player_choice":"Stole From Cult","floor":29.0,"gold_loss":0.0,"damage_taken":0.0},{"damage_healed":0.0,"max_hp_gain":0.0,"max_hp_loss":0.0,"gold_gain":0.0,"event_name":"Match and Keep!","player_choice":"1 cards matched","floor":38.0,"gold_loss":0.0,"damage_taken":0.0,"cards_obtained":["Neutralize"]},{"damage_healed":0.0,"max_hp_gain":0.0,"max_hp_loss":0.0,"gold_gain":0.0,"event_name":"Lab","player_choice":"Got Potions","floor":53.0,"gold_loss":0.0,"damage_taken":0.0},{"cards_removed":["Defend_G"],"damage_healed":0.0,"max_hp_gain":0.0,"max_hp_loss":0.0,"gold_gain":0.0,"event_name":"The Cleric","player_choice":"Card Removal","floor":54.0,"gold_loss":50.0,"damage_taken":0.0},{"damage_healed":0.0,"max_hp_gain":0.0,"max_hp_loss":0.0,"gold_gain":0.0,"event_name":"Match and Keep!","player_choice":"2 cards matched","floor":55.0,"gold_loss":0.0,"damage_taken":0.0,"cards_obtained":["Neutralize","Crippling Poison"]}],"is_beta":false,"boss_relics":[{"not_picked":["energizedSpire:HighHeels","Replay:Grab Bag"],"picked":"MagicMushroom"},{"not_picked":[]},{"not_picked":["Cursed Key","Replay:Wanted Poster"],"picked":"Calling Bell"},{"not_picked":[]},{"not_picked":["energizedSpire:HugeHouse","Velvet Choker"],"picked":"energizedSpire:MagnifyingGlass"},{"not_picked":[]}],"items_purged_floors":[0,20,36,36,39,58,61],"is_endless":true,"potions_floor_spawned":[10,14,16,18,22,33,40,42,42,44,56,64],"killed_by":"Delirium","ascension_level":10}}