{"host":"cf32014d19ld5mat","time":1611074917,"event":{"mods":["AchievementEnabler","BaseMod","Block Reminder","Minty Spire (QoL Compilation)","Random Character Button","Relic Stats","StSLib"],"gold_per_floor":[118,128,128,147,147,175,175,206,206,218,248,264,289,309,309,309,309],"floor_reached":16,"language":"ENG","playtime":571,"items_purged":[],"score":236,"play_id":"a8e0a407-04c6-4457-a287-667afb805235","local_time":"20210119164837","is_ascension_mode":true,"campfire_choices":[{"data":"Berserk","floor":7,"key":"SMITH"},{"floor":15,"key":"REST"}],"circlet_count":0,"master_deck":["AscendersBane","Bash","Thunderclap","Berserk+1","Flame Barrier","Heavy Blade","Armaments","Double Tap","Fire Breathing","Infernal Blade","Inflame","Power Through","Shockwave","Shrug It Off","Disarm","Uppercut","Seeing Red","Exhume","Spot Weakness"],"relics":["Pandora\u0027s Box","Gremlin Horn","Question Card","Letter Opener","Frozen Egg 2"],"acts_visited":["Exordium"],"potions_floor_usage":[8,13,14,16],"damage_taken":[{"damage":12,"enemies":"Jaw Worm","floor":1,"turns":2},{"damage":0,"enemies":"Small Slimes","floor":2,"turns":3},{"damage":0,"enemies":"Cultist","floor":4,"turns":2},{"damage":30,"enemies":"Gremlin Nob","floor":6,"turns":4},{"damage":7,"enemies":"3 Sentries","floor":8,"turns":4},{"damage":0,"enemies":"3 Louse","floor":10,"turns":2},{"damage":0,"enemies":"Lagavulin","floor":11,"turns":7},{"damage":0,"enemies":"Exordium Wildlife","floor":12,"turns":3},{"damage":9,"enemies":"Gremlin Nob","floor":13,"turns":4},{"damage":8,"enemies":"Large Slime","floor":14,"turns":5},{"damage":0,"enemies":"The Guardian","floor":16,"turns":2}],"seed_played":"-3646891987810879161","potions_obtained":[{"floor":1,"key":"Ancient Potion"},{"floor":4,"key":"LiquidBronze"},{"floor":6,"key":"Weak Potion"},{"floor":11,"key":"DistilledChaos"}],"is_trial":false,"path_per_floor":["M","M","?","M","?","E","R","E","T","M","E","M","E","M","R","B"],"character_chosen":"IRONCLAD","items_purchased":[],"campfire_rested":1,"item_purchase_floors":[],"current_hp_per_floor":[60,60,60,60,60,30,30,23,23,23,23,23,14,6,30,30,30],"gold":309,"neow_bonus":"BOSS_RELIC","is_daily":false,"chose_seed":false,"campfire_upgraded":1,"win_rate":0.0,"timestamp":1611074917,"path_taken":["M","M","?","M","?","E","R","E","T","M","E","M","E","?","R","BOSS"],"items_purchased_type":[],"build_version":"2020-12-22","purchased_purges":0,"victory":false,"max_hp_per_floor":[80,80,80,80,80,80,80,80,80,80,80,80,80,80,80,80,80],"relic_stats":{"Gremlin Horn":[3,3],"counters":[11,38],"Pandora\u0027s Box":["Thunderclap","Berserk","Flame Barrier","Heavy Blade","Armaments","Double Tap","Fire Breathing","Infernal Blade","Inflame"],"Letter Opener":[43],"Question Card":5,"obtain_stats":[{"Gremlin Horn":6,"Pandora\u0027s Box":0,"Letter Opener":9,"Frozen Egg 2":11,"Question Card":8,"Burning Blood":0},{"Gremlin Horn":4,"Pandora\u0027s Box":0,"Letter Opener":5,"Frozen Egg 2":7,"Question Card":5,"Burning Blood":0},{"Gremlin Horn":11,"Pandora\u0027s Box":0,"Letter Opener":15,"Frozen Egg 2":24,"Question Card":15,"Burning Blood":0}]},"card_choices":[{"not_picked":["Sever Soul","Clash"],"picked":"Power Through","floor":1},{"not_picked":["Second Wind","Warcry"],"picked":"Shockwave","floor":2},{"not_picked":["True Grit","Rage","Second Wind"],"picked":"SKIP","floor":4},{"not_picked":["Dark Embrace","Armaments"],"picked":"Shrug It Off","floor":6},{"not_picked":["Iron Wave","Inflame"],"picked":"Disarm","floor":8},{"not_picked":["Pummel","Cleave","Thunderclap"],"picked":"Uppercut","floor":10},{"not_picked":["Sword Boomerang","Burning Pact","Second Wind"],"picked":"Seeing Red","floor":11},{"not_picked":["Power Through","Flex","Body Slam"],"picked":"Exhume","floor":12},{"not_picked":["Flex","Blood for Blood","Entrench"],"picked":"Spot Weakness","floor":13},{"not_picked":["Thunderclap","Clothesline","Cleave","Armaments"],"picked":"SKIP","floor":14}],"player_experience":987466,"relics_obtained":[{"floor":6,"key":"Gremlin Horn"},{"floor":8,"key":"Question Card"},{"floor":9,"key":"Letter Opener"},{"floor":11,"key":"Frozen Egg 2"}],"event_choices":[{"damage_healed":0,"gold_gain":0,"player_choice":"Ignored","damage_taken":0,"max_hp_gain":0,"max_hp_loss":0,"event_name":"Liars Game","floor":3,"gold_loss":0},{"damage_healed":0,"gold_gain":0,"player_choice":"Bought 0 Potions","damage_taken":0,"max_hp_gain":0,"max_hp_loss":0,"event_name":"The Woman in Blue","floor":5,"gold_loss":0}],"is_beta":false,"boss_relics":[],"items_purged_floors":[],"is_endless":false,"potions_floor_spawned":[1,4,6,11,12],"killed_by":"The Guardian","ascension_level":10}}