{"host":"t75twhtg6c476ygg","time":1611075023,"event":{"mods":["AchievementEnabler","BaseMod","Colored Powertips","Minty Spire (QoL Compilation)","Quick Restart","Relic Stats","StSLib","SuperFastMode"],"gold_per_floor":[144,144,144,44,89,89,89,89,114,114,289,387,436,436,436,761,761,810,859,234,283,383,481,481,530,555,604,653,702,702,801,801,1126,1126,1175,1224,1224,774,823,921,970,1068,1093,1142,1142,1240,40,373,373,373],"floor_reached":51,"language":"ENG","playtime":2193,"items_purged":["Transmutation"],"score":1030,"play_id":"699651ee-db62-48fb-8efc-6d98c8dec712","local_time":"20210119165023","daily_mods":["Allstar","Time Dilation","Midas"],"is_ascension_mode":false,"campfire_choices":[{"floor":6.0,"key":"REST"},{"floor":8.0,"key":"REST"},{"floor":10.0,"key":"REST"},{"floor":15.0,"key":"REST"},{"floor":24.0,"key":"REST"},{"floor":32,"key":"REST"},{"floor":45,"key":"REST"},{"floor":49,"key":"REST"}],"circlet_count":0,"master_deck":["Eruption+1","Vigilance+1","WindmillStrike+1","Establishment+1","Evaluate+1","LessonLearned+1","BattleHymn+1","Vault+1","Crescendo+1","ClearTheMind+1","WindmillStrike+1","Consecrate+1","MasterReality+1","EmptyBody+1"],"relics":["PureWater","Ice Cream","Boot","Damaru","Black Star","Mummified Hand","InkBottle","StoneCalendar","Smiling Mask","Lantern","Ornamental Fan","Unceasing Top","Orichalcum","Pandora\u0027s Box","Ancient Tea Set","Pen Nib","Medical Kit","Membership Card","The Courier","Dead Branch","Question Card","Mercury Hourglass","TeardropLocket","Oddly Smooth Stone","War Paint","Dream Catcher","Melange","Shuriken","Happy Flower","Anchor","Meat on the Bone","Peace Pipe","Centennial Puzzle","Blue Candle","Thread and Needle","StrikeDummy","Akabeko","White Beast Statue","Sundial","Regal Pillow"],"acts_visited":["Exordium","TheCity","TheBeyond"],"potions_floor_usage":[50],"damage_taken":[{"damage":0.0,"enemies":"Small Slimes","floor":1.0,"turns":3.0},{"damage":14.0,"enemies":"Jaw Worm","floor":5.0,"turns":5.0},{"damage":25.0,"enemies":"3 Sentries","floor":12.0,"turns":8.0},{"damage":6.0,"enemies":"2 Louse","floor":13.0,"turns":4.0},{"damage":27.0,"enemies":"Hexaghost","floor":16.0,"turns":9.0},{"damage":0.0,"enemies":"Spheric Guardian","floor":18.0,"turns":3.0},{"damage":11.0,"enemies":"3 Byrds","floor":19.0,"turns":5.0},{"damage":20.0,"enemies":"Shelled Parasite and Fungi","floor":21.0,"turns":4.0},{"damage":0.0,"enemies":"Gremlin Leader","floor":23.0,"turns":5.0},{"damage":0.0,"enemies":"Snake Plant","floor":25.0,"turns":3.0},{"damage":0.0,"enemies":"Sentry and Sphere","floor":27.0,"turns":3.0},{"damage":0.0,"enemies":"Centurion and Healer","floor":28.0,"turns":3.0},{"damage":0.0,"enemies":"Shelled Parasite and Fungi","floor":29.0,"turns":4.0},{"damage":0,"enemies":"Champ","floor":33,"turns":5},{"damage":15,"enemies":"3 Shapes","floor":35,"turns":4},{"damage":12,"enemies":"Orb Walker","floor":36,"turns":4},{"damage":0,"enemies":"Transient","floor":39,"turns":3},{"damage":0,"enemies":"Nemesis","floor":40,"turns":4},{"damage":0,"enemies":"Maw","floor":41,"turns":3},{"damage":3,"enemies":"Giant Head","floor":42,"turns":4},{"damage":9,"enemies":"Writhing Mass","floor":44,"turns":5},{"damage":0,"enemies":"Reptomancer","floor":46,"turns":4},{"damage":31,"enemies":"Donu and Deca","floor":50,"turns":7}],"seed_played":"3706737729498028133","potions_obtained":[{"floor":1.0,"key":"Strength Potion"},{"floor":16.0,"key":"Ancient Potion"},{"floor":19.0,"key":"Regen Potion"},{"floor":23.0,"key":"DistilledChaos"}],"is_trial":false,"path_per_floor":["M","?","?","$","M","R","?","R","T","R","?","E","M","?","R","B",null,"M","M","$","M","?","E","R","M","T","M","M","M","?","?","R","B",null,"M","M","?","$","M","E","M","E","T","M","R","E","$","?","R","B",null],"character_chosen":"WATCHER","items_purchased":["InkBottle","StoneCalendar","Ancient Tea Set","Pen Nib","Medical Kit","Melange","Shuriken","Happy Flower","Anchor","Meat on the Bone","Peace Pipe","Centennial Puzzle","Blue Candle","Thread and Needle","StrikeDummy","Akabeko","White Beast Statue","Sundial","Regal Pillow"],"campfire_rested":8,"item_purchase_floors":[20,20,38,38,38,47,47,47,47,47,47,47,47,47,47,47,47,47,47],"current_hp_per_floor":[72,77,77,77,63,77,58,77,77,77,77,52,46,39,62,35,77,77,66,66,46,46,46,69,69,69,69,69,69,69,69,77,77,77,62,50,50,50,50,50,50,47,47,38,61,61,61,61,77,46],"gold":373,"neow_bonus":"","is_daily":true,"chose_seed":false,"campfire_upgraded":0,"win_rate":0.0,"timestamp":1611075023,"path_taken":["M","?","?","?","M","R","?","R","T","R","?","E","M","?","R","BOSS","M","M","$","M","?","E","R","M","T","?","M","M","?","?","R","BOSS","M","M","?","$","M","E","M","E","T","M","R","E","$","?","R","BOSS"],"items_purchased_type":["Relic","Relic","Relic","Relic","Relic","Relic","Relic","Relic","Relic","Relic","Relic","Relic","Relic","Relic","Relic","Relic","Relic","Relic","Relic"],"build_version":"2020-12-22","purchased_purges":1,"victory":true,"max_hp_per_floor":[72,77,77,77,77,77,77,77,77,77,77,77,77,77,77,77,77,77,77,77,77,77,77,77,77,77,77,77,77,77,77,77,77,77,77,77,77,77,77,77,77,77,77,77,77,77,77,77,77,77],"relic_stats":{"Regal Pillow":0,"Melange":[9],"StoneCalendar":[0],"Boot":[17],"Smiling Mask":25,"Dream Catcher":1,"Centennial Puzzle":[3],"Mummified Hand":[64],"Sundial":[2],"InkBottle":[38],"Happy Flower":[2],"counters":[23,102],"Dead Branch":[43],"Blue Candle":[0],"Pen Nib":[7],"Orichalcum":[30],"War Paint":["Vigilance"],"Medical Kit":[6],"Question Card":5,"Mercury Hourglass":[66],"Peace Pipe":0,"Ornamental Fan":[124],"Shuriken":[2],"Pandora\u0027s Box":["Collect","Judgement","Omniscience","LessonLearned","EmptyFist","Devotion","Ragnarok","Meditate"],"Black Star":4,"obtain_stats":[{"Ice Cream":4,"Lantern":23,"Regal Pillow":47,"Melange":47,"StoneCalendar":20,"TeardropLocket":42,"Boot":9,"Smiling Mask":20,"Ancient Tea Set":38,"Dream Catcher":46,"Centennial Puzzle":47,"Mummified Hand":19,"Sundial":47,"InkBottle":20,"Happy Flower":47,"Golden Idol":7,"Dead Branch":40,"Blue Candle":47,"Damaru":12,"Oddly Smooth Stone":43,"Thread and Needle":47,"Pen Nib":38,"The Courier":39,"Orichalcum":26,"War Paint":46,"Medical Kit":38,"Question Card":40,"Akabeko":47,"White Beast Statue":47,"Mercury Hourglass":42,"Peace Pipe":47,"Anchor":47,"Ornamental Fan":23,"Shuriken":47,"Pandora\u0027s Box":34,"Black Star":17,"Membership Card":39,"PureWater":0,"StrikeDummy":47,"Unceasing Top":25,"Meat on the Bone":47},{"Ice Cream":1,"Lantern":9,"Regal Pillow":22,"Melange":22,"StoneCalendar":7,"TeardropLocket":20,"Boot":2,"Smiling Mask":7,"Ancient Tea Set":16,"Dream Catcher":22,"Centennial Puzzle":22,"Mummified Hand":7,"Sundial":22,"InkBottle":7,"Happy Flower":22,"Golden Idol":2,"Dead Branch":18,"Blue Candle":22,"Damaru":3,"Oddly Smooth Stone":20,"Thread and Needle":22,"Pen Nib":16,"The Courier":17,"Orichalcum":10,"War Paint":22,"Medical Kit":16,"Question Card":18,"Akabeko":22,"White Beast Statue":22,"Mercury Hourglass":20,"Peace Pipe":22,"Anchor":22,"Ornamental Fan":9,"Shuriken":22,"Pandora\u0027s Box":14,"Black Star":5,"Membership Card":17,"PureWater":0,"StrikeDummy":22,"Unceasing Top":10,"Meat on the Bone":22},{"Ice Cream":3,"Lantern":46,"Regal Pillow":95,"Melange":95,"StoneCalendar":37,"TeardropLocket":86,"Boot":8,"Smiling Mask":37,"Ancient Tea Set":72,"Dream Catcher":95,"Centennial Puzzle":95,"Mummified Hand":32,"Sundial":95,"InkBottle":37,"Happy Flower":95,"Golden Idol":8,"Dead Branch":79,"Blue Candle":95,"Damaru":16,"Oddly Smooth Stone":86,"Thread and Needle":95,"Pen Nib":72,"The Courier":73,"Orichalcum":49,"War Paint":95,"Medical Kit":72,"Question Card":79,"Akabeko":95,"White Beast Statue":95,"Mercury Hourglass":86,"Peace Pipe":95,"Anchor":95,"Ornamental Fan":46,"Shuriken":95,"Pandora\u0027s Box":64,"Black Star":29,"Membership Card":73,"PureWater":0,"StrikeDummy":95,"Unceasing Top":48,"Meat on the Bone":95}],"Unceasing Top":[21],"Meat on the Bone":0},"card_choices":[{"not_picked":["Prostrate","SandsOfTime"],"picked":"Evaluate","floor":1.0},{"not_picked":["ClearTheMind","FollowUp","Evaluate"],"picked":"SKIP","floor":5.0},{"not_picked":["FollowUp","SignatureMove","CutThroughFate"],"picked":"SKIP","floor":12.0},{"not_picked":["ThirdEye","EmptyBody"],"picked":"BattleHymn","floor":13.0},{"not_picked":["Scrawl","Ragnarok"],"picked":"Vault","floor":16.0},{"not_picked":["CutThroughFate+1","FollowUp"],"picked":"Crescendo","floor":18.0},{"not_picked":["Halt","Prostrate","CutThroughFate"],"picked":"SKIP","floor":19.0},{"not_picked":["Adaptation","FollowUp"],"picked":"ClearTheMind","floor":21.0},{"not_picked":["Wallop","EmptyBody+1","Halt"],"picked":"SKIP","floor":23.0},{"not_picked":["ThirdEye","Halt","Establishment"],"picked":"SKIP","floor":25.0},{"not_picked":["Halt+1","EmptyFist"],"picked":"Study","floor":27.0},{"not_picked":["FlyingSleeves","CrushJoints"],"picked":"WindmillStrike","floor":28.0},{"not_picked":["EmptyBody","FearNoEvil"],"picked":"Consecrate","floor":29.0},{"not_picked":["DevaForm","Blasphemy"],"picked":"MasterReality","floor":33},{"not_picked":["FlurryOfBlows","SashWhip+1","Indignation"],"picked":"SKIP","floor":35},{"not_picked":["Evaluate+1","CrushJoints+1","JustLucky"],"picked":"SKIP","floor":36},{"not_picked":["Weave+1","ThirdEye","Worship+1"],"picked":"SKIP","floor":39},{"not_picked":["Protect","WheelKick+1","Consecrate"],"picked":"SKIP","floor":40},{"not_picked":["Prostrate","EmptyMind","BowlingBash+1"],"picked":"EmptyBody+1","floor":41},{"not_picked":["Wish","Fasting2+1","WindmillStrike","Sanctity"],"picked":"SKIP","floor":42},{"not_picked":["FlyingSleeves+1","ThirdEye","JustLucky","BattleHymn"],"picked":"SKIP","floor":44},{"not_picked":["Evaluate+1","Swivel","FollowUp","CrushJoints+1"],"picked":"SKIP","floor":46}],"player_experience":250586,"relics_obtained":[{"floor":9.0,"key":"Boot"},{"floor":12.0,"key":"Damaru"},{"floor":23.0,"key":"Lantern"},{"floor":23.0,"key":"Ornamental Fan"},{"floor":26.0,"key":"Orichalcum"},{"floor":40,"key":"Dead Branch"},{"floor":40,"key":"Question Card"},{"floor":42,"key":"Mercury Hourglass"},{"floor":42,"key":"TeardropLocket"},{"floor":43,"key":"Oddly Smooth Stone"},{"floor":46,"key":"War Paint"},{"floor":46,"key":"Dream Catcher"}],"event_choices":[{"damage_healed":0.0,"max_hp_gain":5.0,"max_hp_loss":0.0,"gold_gain":0.0,"event_name":"Big Fish","player_choice":"Donut","floor":2.0,"gold_loss":0.0,"damage_taken":0.0},{"cards_removed":["Bandage Up"],"damage_healed":0.0,"max_hp_gain":0.0,"max_hp_loss":0.0,"gold_gain":0.0,"event_name":"Living Wall","player_choice":"Forget","floor":3.0,"gold_loss":0.0,"damage_taken":0.0},{"damage_healed":0.0,"max_hp_gain":0.0,"max_hp_loss":0.0,"gold_gain":0.0,"event_name":"Golden Idol","player_choice":"Take Damage","floor":7.0,"gold_loss":0.0,"damage_taken":19.0,"relics_obtained":["Golden Idol"]},{"damage_healed":0.0,"max_hp_gain":0.0,"max_hp_loss":0.0,"gold_gain":175.0,"event_name":"Liars Game","player_choice":"AGREE","floor":11.0,"gold_loss":0.0,"damage_taken":0.0,"cards_obtained":["Doubt"]},{"cards_removed":["Doubt"],"damage_healed":0.0,"max_hp_gain":0.0,"max_hp_loss":0.0,"gold_gain":0.0,"event_name":"Golden Wing","player_choice":"Card Removal","floor":14.0,"gold_loss":0.0,"damage_taken":7.0},{"damage_healed":0.0,"max_hp_gain":0.0,"max_hp_loss":0.0,"gold_gain":100.0,"event_name":"Golden Shrine","player_choice":"Pray","floor":22.0,"gold_loss":0.0,"damage_taken":0.0},{"damage_healed":0,"gold_gain":0,"player_choice":"Ignored","damage_taken":0,"max_hp_gain":0,"max_hp_loss":0,"event_name":"Cursed Tome","floor":30,"gold_loss":0},{"damage_healed":0,"gold_gain":99,"player_choice":"Stole From Cult","damage_taken":0,"max_hp_gain":0,"max_hp_loss":0,"event_name":"Nest","floor":31,"gold_loss":0},{"damage_healed":0,"gold_gain":0,"player_choice":"Memory 1","damage_taken":0,"max_hp_gain":0,"max_hp_loss":0,"event_name":"SensoryStone","floor":37,"gold_loss":0},{"damage_healed":0,"gold_gain":333,"player_choice":"Gave Idol","damage_taken":0,"max_hp_gain":0,"max_hp_loss":0,"event_name":"The Moai Head","floor":48,"relics_lost":["Golden Idol"],"gold_loss":0}],"is_beta":false,"boss_relics":[{"not_picked":["Runic Pyramid","Velvet Choker"],"picked":"Black Star"},{"not_picked":["VioletLotus","HolyWater"],"picked":"Pandora\u0027s Box"}],"items_purged_floors":[20],"is_endless":false,"potions_floor_spawned":[1,16,19,23,28,33,41,44,46],"ascension_level":0}}