{"host":"jscggscbx0p7706o","time":1611070707,"event":{"mods":["AchievementEnabler","BaseMod","Block Reminder","Colored Powertips","Filter the Spire","Minty Spire (QoL Compilation)","Permanent Neow","Quick Restart","StSLib"],"gold_per_floor":[215,9,29,29,50,50,86,161,161,161,182,182,34,34,34,68,68,68,197,197,213,213,213,213,71,87,87,117,136,163,54,85,85,10,22,22,22,122,122,133,151,151,161,161,39,39,69,79,79,79,79,79,79,98,98,98,98,98,98,23,57,57],"floor_reached":63,"language":"ENG","playtime":2707,"items_purged":["Strike_R","Strike_R","Strike_R","Strike_R"],"score":1686,"play_id":"f5895b48-21b3-4fff-bcd5-ff26cec56abb","local_time":"20210119233827","is_ascension_mode":true,"campfire_choices":[{"data":"Inflame","floor":6.0,"key":"SMITH"},{"data":"Offering","floor":12.0,"key":"SMITH"},{"data":"Spot Weakness","floor":14.0,"key":"SMITH"},{"floor":17.0,"key":"RECALL"},{"floor":18.0,"key":"REST"},{"data":"Inflame","floor":27.0,"key":"SMITH"},{"data":"Evolve","floor":33.0,"key":"SMITH"},{"data":"Reaper","floor":36.0,"key":"SMITH"},{"data":"Bash","floor":37.0,"key":"SMITH"},{"data":"Whirlwind","floor":46.0,"key":"SMITH"},{"data":"Shrug It Off","floor":50.0,"key":"SMITH"},{"data":"Clothesline","floor":52.0,"key":"SMITH"},{"data":"Headbutt","floor":55.0,"key":"SMITH"},{"data":"Cleave","floor":56.0,"key":"SMITH"},{"data":"Iron Wave","floor":59.0,"key":"SMITH"}],"circlet_count":0,"master_deck":["Defend_R","Defend_R","Defend_R","Defend_R","Bash+1","Iron Wave+1","Inflame+1","Shrug It Off+1","Cleave+1","Clothesline+1","Offering+1","Spot Weakness+1","Headbutt+1","Reaper+1","Flex+1","Inflame+1","Battle Trance+1","True Grit+1","Evolve+1","Armaments+1","Limit Break+1","Shrug It Off+1","Double Tap+1","Whirlwind+1"],"relics":["Burning Blood","Bloody Idol","Singing Bowl","Tiny Chest","Paper Frog","Membership Card","Toxic Egg 2","Pantograph","Calling Bell","Strawberry","Sundial","Lizard Tail","Juzu Bracelet","Art of War","Chemical X","Kunai","Busted Crown","Bottled Tornado","Dream Catcher","White Beast Statue","Letter Opener"],"acts_visited":["Exordium","TheCity","TheBeyond","TheEnding"],"potions_floor_usage":[62,62,62],"damage_taken":[{"damage":3.0,"enemies":"2 Louse","floor":1.0,"turns":3.0},{"damage":1.0,"enemies":"Jaw Worm","floor":3.0,"turns":4.0},{"damage":8.0,"enemies":"Small Slimes","floor":5.0,"turns":4.0},{"damage":30.0,"enemies":"Lagavulin","floor":7.0,"turns":8.0},{"damage":6.0,"enemies":"3 Louse","floor":11.0,"turns":2.0},{"damage":14.0,"enemies":"3 Sentries","floor":16.0,"turns":5.0},{"damage":43.0,"enemies":"Slime Boss","floor":19.0,"turns":14.0},{"damage":23.0,"enemies":"Shell Parasite","floor":21.0,"turns":5.0},{"damage":6.0,"enemies":"Chosen","floor":26.0,"turns":4.0},{"damage":43.0,"enemies":"Book of Stabbing","floor":28.0,"turns":5.0},{"damage":6.0,"enemies":"Centurion and Healer","floor":29.0,"turns":8.0},{"damage":51.0,"enemies":"Slavers","floor":32.0,"turns":6.0},{"damage":29.0,"enemies":"Snake Plant","floor":35.0,"turns":6.0},{"damage":93.0,"enemies":"Collector","floor":38.0,"turns":10.0},{"damage":25.0,"enemies":"3 Shapes","floor":40.0,"turns":7.0},{"damage":67.0,"enemies":"3 Darklings","floor":41.0,"turns":7.0},{"damage":66.0,"enemies":"Spire Growth","floor":43.0,"turns":7.0},{"damage":34.0,"enemies":"Giant Head","floor":47.0,"turns":7.0},{"damage":32.0,"enemies":"Sphere and 2 Shapes","floor":48.0,"turns":4.0},{"damage":6.0,"enemies":"3 Darklings","floor":54.0,"turns":3.0},{"damage":96.0,"enemies":"Time Eater","floor":57.0,"turns":7.0},{"damage":67.0,"enemies":"Shield and Spear","floor":61.0,"turns":3.0},{"damage":125,"enemies":"The Heart","floor":62,"turns":8}],"seed_played":"2094896074600297448","potions_obtained":[{"floor":1.0,"key":"BlessingOfTheForge"},{"floor":5.0,"key":"CultistPotion"},{"floor":11.0,"key":"Ancient Potion"},{"floor":16.0,"key":"SpeedPotion"},{"floor":32.0,"key":"FearPotion"},{"floor":47.0,"key":"Energy Potion"}],"is_trial":false,"path_per_floor":["M","$","M","?","M","R","E","?","T","T","M","R","$","R","?","E","R","R","B",null,"M","?","?","T","$","M","R","E","M","T","$","E","R","?","M","R","R","B",null,"M","M","?","M","T","$","R","E","M","T","R","?","R","?","M","R","R","B",null,"R","$","E","B",null],"character_chosen":"IRONCLAD","items_purchased":["Inflame","Shrug It Off","Membership Card","Inflame","Battle Trance+1","True Grit+1","Limit Break+1","Chemical X","Whirlwind","True Grit+1"],"campfire_rested":1,"item_purchase_floors":[2,2,13,25,25,25,31,31,45,45],"current_hp_per_floor":[75,75,80,60,58,58,34,23,23,23,23,23,23,23,16,8,8,32,20,72,74,74,74,74,74,79,79,47,78,83,83,89,89,89,73,73,73,39,78,93,95,95,63,63,63,63,77,80,80,80,80,80,82,89,89,89,15,83,83,83,77,33],"gold":57,"neow_bonus":"HUNDRED_GOLD","is_daily":false,"chose_seed":false,"campfire_upgraded":13,"win_rate":0.0,"timestamp":1611070707,"path_taken":["M","$","M","?","M","R","E","?","T","T","M","R","$","R","?","E","R","R","BOSS","M","?","?","?","$","?","R","E","M","T","$","E","R","?","M","R","R","BOSS","M","M","?","M","?","$","R","E","M","T","R","?","R","?","M","R","R","BOSS","R","$","E","BOSS"],"items_purchased_type":["Card","Card","Relic","Card","Card","Card","Card","Relic","Card","Card"],"build_version":"2020-12-22","purchased_purges":4,"victory":true,"max_hp_per_floor":[80,80,80,80,80,80,80,80,80,80,80,80,80,80,80,80,80,80,80,87,87,87,87,87,87,87,87,87,89,89,89,89,89,89,91,91,91,91,91,93,95,95,97,97,97,97,99,101,101,101,101,101,103,105,105,105,105,105,105,105,107,107],"card_choices":[{"not_picked":["Havoc","Dark Embrace"],"picked":"Iron Wave","floor":1.0},{"not_picked":["Warcry","Anger"],"picked":"Cleave","floor":3.0},{"not_picked":["Entrench","Iron Wave"],"picked":"Clothesline","floor":5.0},{"not_picked":["Sword Boomerang","Thunderclap"],"picked":"Offering","floor":7.0},{"not_picked":["Pommel Strike","Metallicize"],"picked":"Spot Weakness","floor":11.0},{"not_picked":["Clothesline","Wild Strike"],"picked":"Headbutt","floor":16.0},{"not_picked":["Exhume+1","Double Tap+1"],"picked":"Reaper","floor":19.0},{"not_picked":["Sever Soul","Cleave"],"picked":"Flex+1","floor":21.0},{"not_picked":["Clothesline","Fire Breathing+1"],"picked":"Evolve","floor":26.0},{"not_picked":["Dark Embrace","Pummel+1"],"picked":"Armaments+1","floor":28.0},{"not_picked":["Warcry+1","Flame Barrier+1","Anger+1"],"picked":"Singing Bowl","floor":29.0},{"not_picked":["Limit Break+1","Searing Blow+1"],"picked":"Shrug It Off+1","floor":32.0},{"not_picked":["Clash+1","Heavy Blade+1","Body Slam"],"picked":"Singing Bowl","floor":35.0},{"not_picked":["Juggernaut","Feed"],"picked":"Double Tap+1","floor":38.0},{"not_picked":["Sword Boomerang"],"picked":"Singing Bowl","floor":40.0},{"not_picked":["Wild Strike+1"],"picked":"Singing Bowl","floor":41.0},{"not_picked":["Sword Boomerang"],"picked":"Singing Bowl","floor":43.0},{"not_picked":["Pommel Strike+1"],"picked":"Singing Bowl","floor":47.0},{"not_picked":["Thunderclap+1"],"picked":"Singing Bowl","floor":48.0},{"not_picked":["Forethought+1"],"picked":"Singing Bowl","floor":53.0},{"not_picked":["Twin Strike"],"picked":"Singing Bowl","floor":54.0},{"not_picked":["Juggernaut"],"picked":"Singing Bowl","floor":61.0}],"player_experience":306736,"relics_obtained":[{"floor":7.0,"key":"Singing Bowl"},{"floor":9.0,"key":"Tiny Chest"},{"floor":10.0,"key":"Paper Frog"},{"floor":16.0,"key":"Pantograph"},{"floor":20.0,"key":"Strawberry"},{"floor":20.0,"key":"Sundial"},{"floor":20.0,"key":"Lizard Tail"},{"floor":28.0,"key":"Juzu Bracelet"},{"floor":30.0,"key":"Art of War"},{"floor":32.0,"key":"Kunai"},{"floor":44.0,"key":"Bottled Tornado"},{"floor":47.0,"key":"Dream Catcher"},{"floor":49.0,"key":"White Beast Statue"},{"floor":61.0,"key":"Letter Opener"}],"event_choices":[{"damage_healed":0.0,"max_hp_gain":0.0,"max_hp_loss":0.0,"gold_gain":0.0,"event_name":"Golden Idol","player_choice":"Take Damage","floor":4.0,"gold_loss":0.0,"damage_taken":20.0,"relics_obtained":["Golden Idol"]},{"damage_healed":0.0,"max_hp_gain":0.0,"max_hp_loss":0.0,"gold_gain":75.0,"event_name":"World of Goop","player_choice":"Gather Gold","floor":8.0,"gold_loss":0.0,"damage_taken":11.0},{"damage_healed":0.0,"max_hp_gain":0.0,"max_hp_loss":0.0,"gold_gain":0.0,"event_name":"Scrap Ooze","player_choice":"Success","floor":15.0,"gold_loss":0.0,"damage_taken":7.0,"relics_obtained":["Toxic Egg 2"]},{"damage_healed":0.0,"max_hp_gain":0.0,"max_hp_loss":0.0,"gold_gain":0.0,"event_name":"Ghosts","player_choice":"Ignored","floor":22.0,"gold_loss":0.0,"damage_taken":0.0},{"damage_healed":0.0,"max_hp_gain":0.0,"max_hp_loss":0.0,"gold_gain":0.0,"event_name":"Forgotten Altar","player_choice":"Gave Idol","floor":23.0,"relics_lost":["Golden Idol"],"gold_loss":0.0,"damage_taken":0.0,"relics_obtained":["Bloody Idol"]},{"cards_removed":["Strike_R"],"damage_healed":0.0,"max_hp_gain":0.0,"max_hp_loss":0.0,"gold_gain":0.0,"event_name":"Beggar","player_choice":"Gave Gold","floor":34.0,"gold_loss":75.0,"damage_taken":0.0},{"damage_healed":0.0,"max_hp_gain":0.0,"max_hp_loss":0.0,"gold_gain":0.0,"event_name":"SecretPortal","player_choice":"Ignored","floor":42.0,"gold_loss":0.0,"damage_taken":0.0},{"cards_removed":["True Grit"],"damage_healed":0.0,"max_hp_gain":0.0,"max_hp_loss":0.0,"gold_gain":0.0,"event_name":"Falling","player_choice":"Removed Skill","floor":51.0,"gold_loss":0.0,"damage_taken":0.0},{"damage_healed":0.0,"max_hp_gain":0.0,"max_hp_loss":0.0,"gold_gain":0.0,"event_name":"SensoryStone","player_choice":"Memory 1","floor":53.0,"gold_loss":0.0,"damage_taken":0.0}],"is_beta":false,"boss_relics":[{"not_picked":["Ectoplasm","Snecko Eye"],"picked":"Calling Bell"},{"not_picked":["Black Star","Pandora\u0027s Box"],"picked":"Busted Crown"}],"items_purged_floors":[2,25,45,60],"is_endless":false,"potions_floor_spawned":[1,5,11,16,21,32,41,47,48,54,61],"ascension_level":9}}