{"host":"r0e4s450fexxrjel","time":1611076273,"event":{"mods":["AchievementEnabler","Act Like it!","AlwaysNeverKeys","BaseMod","Better Third Choice","ChefMod","Clawfect","Colored Map","Conspire","Dota2Spire","Energized Spire","Evolution","Friendly Minions","GifTheSpireLib","Gold Saver","Hubris","Infinite Spire","Minty Spire (QoL Compilation)","Pale of the Ancients","RRrroohrrRGHHhhh!!","Replay The Spire","Shop Mod","StSLib","The Druid"],"gold_per_floor":[109,181,181,195,205,240,251,278,278,384,384,384,384,82,82,178,178,189,61,80,98,98,98,219,229,229],"floor_reached":25,"language":"DEU","playtime":800,"items_purged":[],"score":290,"play_id":"3f33f502-f251-4df6-92a0-b9484742ecae","local_time":"20210119181113","is_ascension_mode":true,"campfire_choices":[{"floor":11,"key":"REST"},{"floor":13,"key":"REST"},{"data":"Clawfect:ClawForOne","floor":15,"key":"SMITH"},{"floor":23,"key":"REST"}],"circlet_count":0,"master_deck":["Gash","Gash","Gash","Gash","Gash","Defend_B","Defend_B","Defend_B","Defend_B","Defend_B","Clawfect:ClawForTheEyes","ReplayGash","Rebound","Clawfect:ClawForOne+1","Clawfect:ClawCell","rorgmod:Storm+1","Self Repair+1"],"relics":["EVO:Axolotl","EVO:Axolotl","InkBottle","Replay:Kaleidoscope","rorgmod:Ceramic Fish","Chameleon Ring","Orichalcum","infinitespire:Cubic Diamond","infinitespire:Freezer","ReplayTheSpireMod:TigerMarble","hubris:VirtuousBlindfold","Frozen Egg 2","Unceasing Top"],"acts_visited":["Exordium","TheCity"],"potions_floor_usage":[6,10,24,24],"damage_taken":[{"damage":0,"enemies":"Cultist","floor":1,"turns":3},{"damage":5,"enemies":"2 Louse","floor":4,"turns":4},{"damage":8,"enemies":"Jaw Worm","floor":5,"turns":5},{"damage":3,"enemies":"Lagavulin","floor":6,"turns":5},{"damage":34,"enemies":"Lots of Slimes","floor":7,"turns":5},{"damage":32,"enemies":"Gremlin Nob","floor":8,"turns":5},{"damage":11,"enemies":"Lagavulin","floor":10,"turns":4},{"damage":27,"enemies":"Hexaghost","floor":16,"turns":6},{"damage":14,"enemies":"3 Byrds","floor":18,"turns":4},{"damage":14,"enemies":"Shell Parasite","floor":20,"turns":4},{"damage":11,"enemies":"conspire:HollyBat","floor":21,"turns":5},{"damage":5,"enemies":"conspire:SneckoGhost","floor":24,"turns":5},{"damage":46,"enemies":"Cultist and Chosen","floor":25,"turns":7}],"seed_played":"3391334742866989349","potions_obtained":[{"floor":5,"key":"PowerPotion"},{"floor":6,"key":"FairyPotion"},{"floor":8,"key":"FearPotion"},{"floor":16,"key":"FocusPotion"},{"floor":20,"key":"ColorlessPotion"},{"floor":21,"key":"SteroidPotion"},{"floor":24,"key":"Dota2Spire:Clarity"},{"floor":25,"key":"LifebloodPotion"}],"is_trial":false,"path_per_floor":["M","T","?","M","M","E","M","E","T","E","R","?","R","$","R_BF","B",null,"M","?","M","M","$","R","E","M"],"character_chosen":"DEFECT","items_purchased":["infinitespire:Freezer","ReplayTheSpireMod:TigerMarble"],"campfire_rested":3,"item_purchase_floors":[14,14],"current_hp_per_floor":[82,82,82,77,69,66,32,24,24,13,37,37,61,61,61,34,82,68,68,54,43,43,67,62,16,16],"gold":229,"neow_bonus":"TEN_PERCENT_HP_BONUS","is_daily":false,"chose_seed":false,"campfire_upgraded":1,"win_rate":0.0,"timestamp":1611076273,"path_taken":["M","?","?","M","M","E","M","E","T","E","R","?","R","$","R_BF","BOSS","M","?","M","M","$","R","E","M"],"items_purchased_type":["Relic","Relic"],"build_version":"2020-12-22","purchased_purges":0,"victory":false,"max_hp_per_floor":[82,82,82,82,82,82,82,82,82,82,82,82,82,82,82,82,82,82,82,82,82,82,82,82,82,82],"card_choices":[{"not_picked":["Time Bomb","Coolheaded","rorgmod:Leap"],"picked":"SKIP","floor":1},{"not_picked":["Hologram","Heatsinks","Sunder"],"picked":"SKIP","floor":4},{"not_picked":["Chill","Clawfect:ClawpileDriver"],"picked":"Clawfect:ClawForTheEyes","floor":5},{"not_picked":["Undo","rorgmod:Refrigerate"],"picked":"ReplayGash","floor":6},{"not_picked":["Hologram","Clawfect:ClawForTheEyes"],"picked":"Rebound","floor":7},{"not_picked":["Panic Button","BasicCrystalCard","Hologram"],"picked":"SKIP","floor":8},{"not_picked":["rorgmod:Refrigerate","Chill"],"picked":"Clawfect:ClawForOne","floor":10},{"not_picked":["rorgmod:Hardcode","Lockon+1","rorgmod:Refrigerate"],"picked":"SKIP","floor":18},{"not_picked":["Redo","rorgmod:Overcurrent+1","Clawfect:ClawpileDriver"],"picked":"SKIP","floor":20},{"not_picked":["Darkness","Consume+1"],"picked":"Clawfect:ClawCell","floor":21},{"not_picked":["Clawfect:ClawForTheEyes","Core Surge"],"picked":"rorgmod:Storm+1","floor":24},{"not_picked":["ReplaySort+1","rorgmod:Hot Sockets+1"],"picked":"Self Repair+1","floor":25}],"player_experience":56789,"relics_obtained":[{"floor":2,"key":"InkBottle"},{"floor":6,"key":"Replay:Kaleidoscope"},{"floor":8,"key":"rorgmod:Ceramic Fish"},{"floor":9,"key":"Chameleon Ring"},{"floor":10,"key":"Orichalcum"},{"floor":24,"key":"Unceasing Top"}],"event_choices":[{"damage_healed":0,"gold_gain":0,"player_choice":"Leave","damage_taken":0,"max_hp_gain":0,"max_hp_loss":0,"event_name":"conspire:Investor","floor":3,"gold_loss":0},{"damage_healed":0,"gold_gain":0,"player_choice":"Paid Gold","damage_taken":0,"relics_obtained":["Frozen Egg 2"],"max_hp_gain":0,"max_hp_loss":0,"event_name":"WeMeetAgain","floor":19,"gold_loss":128}],"is_beta":false,"boss_relics":[{"not_picked":["ReplayTheSpireMod:SealedPack","Replay:Bronze Core"],"picked":"hubris:VirtuousBlindfold"}],"items_purged_floors":[],"is_endless":false,"potions_floor_spawned":[5,6,8,16,20,21,24,25],"killed_by":"Cultist and Chosen","ascension_level":2}}