{"host":"74uvi6kym3vf3uk6","time":1611027664,"event":{"mods":["AchievementEnabler","BaseMod","Better Altar","Better Match","Better Note","Better Sensory Stone","Better Skull","Better Third Choice","CatGirl Mod","Colored Map","Colored Powertips","Dark Map","Highlight Path","Minty Spire (QoL Compilation)","Permanent Neow","Rare Cards Sparkle","Shop Mod","StSLib","The Exalted","The Runesmith"],"gold_per_floor":[114,132,132,151,170,185,185,196,196,208,208,208,208],"floor_reached":12,"language":"ENG","playtime":1636,"items_purged":[],"score":74,"play_id":"dd1a7e50-f502-44c6-9f69-353fc5e0dad7","local_time":"20210118214104","is_ascension_mode":false,"campfire_choices":[{"data":"Bromod:Stormbringer","floor":7,"key":"SMITH"},{"floor":11,"key":"REST"}],"circlet_count":0,"master_deck":["Bromod:Strike_Bro","Bromod:Strike_Bro","Bromod:Strike_Bro","Bromod:Defend_Bro","Bromod:Defend_Bro","Bromod:Defend_Bro","Bromod:Defend_Bro","Bromod:SlashDash","Bromod:SlashDash","Bromod:SlashDash","Bromod:FormaBlueprint","Bromod:OrganShatter","Bromod:SlipMagazine","Bromod:Stormbringer+1","Bromod:ArchwingLauncher","Bromod:Provoked","Bromod:Stretch"],"relics":["Bromod:Ordis","Bromod:AscarisDevice","Nunchaku","Girya"],"acts_visited":["Exordium"],"potions_floor_usage":[8,12],"damage_taken":[{"damage":0,"enemies":"Small Slimes","floor":1,"turns":5},{"damage":0,"enemies":"2 Louse","floor":2,"turns":4},{"damage":1,"enemies":"Cultist","floor":4,"turns":4},{"damage":4,"enemies":"Blue Slaver","floor":5,"turns":4},{"damage":11,"enemies":"3 Louse","floor":6,"turns":3},{"damage":3,"enemies":"2 Fungi Beasts","floor":8,"turns":4},{"damage":18,"enemies":"Exordium Thugs","floor":10,"turns":6},{"damage":43,"enemies":"3 Sentries","floor":12,"turns":8}],"seed_played":"-1063821961757500159","potions_obtained":[],"is_trial":true,"path_per_floor":["M","M","?","M","M","M","R","M","T","M","R","E"],"character_chosen":"THE_EXALTED","items_purchased":[],"campfire_rested":1,"item_purchase_floors":[],"current_hp_per_floor":[75,75,57,56,52,41,41,38,38,20,42,0,0],"gold":208,"neow_bonus":"","is_daily":false,"chose_seed":false,"campfire_upgraded":1,"win_rate":0.0,"timestamp":1611027664,"path_taken":["M","M","?","M","M","M","R","M","T","M","R","E"],"items_purchased_type":[],"build_version":"2020-12-22","purchased_purges":0,"victory":false,"max_hp_per_floor":[75,75,75,75,75,75,75,75,75,75,75,75,75],"card_choices":[{"not_picked":["Bromod:Vitality","Bromod:BulletJump"],"picked":"Bromod:FormaBlueprint","floor":1},{"not_picked":["Bromod:SteelCharge","Bromod:Redirection"],"picked":"Bromod:OrganShatter","floor":2},{"not_picked":["Bromod:Fury","Bromod:BulletJump"],"picked":"Bromod:SlipMagazine","floor":4},{"not_picked":["Bromod:BulletJump","Bromod:OrganShatter"],"picked":"Bromod:Stormbringer","floor":5},{"not_picked":["Bromod:QuickDraw","Bromod:Redirection"],"picked":"Bromod:ArchwingLauncher","floor":6},{"not_picked":["Bromod:KillingBlow","Bromod:Reflection"],"picked":"Bromod:Provoked","floor":8},{"not_picked":["Bromod:ReflexCoil","Bromod:Foundry"],"picked":"Bromod:Stretch","floor":10}],"player_experience":148684,"relics_obtained":[{"floor":9,"key":"Girya"}],"event_choices":[{"damage_healed":0,"gold_gain":0,"player_choice":"Relic ","damage_taken":18,"max_hp_gain":0,"max_hp_loss":0,"event_name":"betterThird:BetterScrap","floor":3,"gold_loss":0,"cards_obtained":["Bloodletting"]}],"is_beta":false,"boss_relics":[],"items_purged_floors":[],"is_endless":false,"potions_floor_spawned":[5,6,8],"killed_by":"3 Sentries","ascension_level":0}}