{"host":"6a06qhlf17v5rcww","time":1611039900,"event":{"mods":["Act Like it!","Aspiration","BaseMod","Beaked The Cultist","Better Altar","Better Match","Better Note","Better Sensory Stone","Better Skull","Better Third Choice","Better Vampires","BetterRewards","Block Reminder","Colored Powertips","Downfall","Gensokyo","Infinite Spire","Minty Spire (QoL Compilation)","Pale of the Ancients","Poor People Problems","Rare Cards Sparkle","Shade Mod","StSLib","The Bug Knight","The Jungle","The Marked","Yakumo Yukari mod"],"gold_per_floor":[99,99,199,199,374,374,374,374,374,399,476,492,506,506,517,517,517],"floor_reached":16,"language":"ENG","playtime":595,"items_purged":[],"score":101,"play_id":"4c73381d-62e8-445f-8f70-8a6856e72002","local_time":"20210119020500","is_ascension_mode":true,"campfire_choices":[{"floor":1,"key":"RECALL"},{"data":"bronze:Goto","floor":6,"key":"SMITH"},{"data":"bronze:Turbo","floor":9,"key":"SMITH"}],"circlet_count":0,"master_deck":["bronze:Strike","bronze:Strike","bronze:Strike","bronze:Strike","bronze:Defend","bronze:Defend","bronze:Defend","bronze:Defend","bronze:Replicate","bronze:Goto+1","bronze:CloningBeam","bronze:Turbo+1","Doubt","bronze:GetLatest","bronze:BugBarrage","bronze:WhirlingStrike","bronze:ClassDefault","Backstab","bronze:Frontload"],"relics":["bronze:BronzeCore","downfall:HeartsMalice","Lantern","Shuriken","aspiration:ChemicalBlood"],"acts_visited":["Exordium"],"potions_floor_usage":[15,16],"damage_taken":[{"damage":0,"enemies":"Small Slimes","floor":2,"turns":1},{"damage":0,"enemies":"Cultist","floor":4,"turns":1},{"damage":0,"enemies":"2 Louse","floor":8,"turns":1},{"damage":18,"enemies":"HollowMod:MossKnight","floor":10,"turns":8},{"damage":5,"enemies":"Exordium Wildlife","floor":12,"turns":3},{"damage":12,"enemies":"Blue Slaver","floor":13,"turns":2},{"damage":8,"enemies":"Lots of Slimes","floor":15,"turns":3},{"damage":15,"enemies":"WA_ARCHETYPE_RETAIN","floor":16,"turns":5}],"seed_played":"1959565146968313555","potions_obtained":[{"floor":12,"key":"Strength Potion"},{"floor":15,"key":"Energy Potion"}],"is_trial":false,"path_per_floor":["R","M","?","M","?","R","T","M","R","E","T","M","M","?","M","B"],"character_chosen":"THE_AUTOMATON","items_purchased":[],"campfire_rested":0,"item_purchase_floors":[],"current_hp_per_floor":[70,70,70,70,70,70,70,70,70,52,52,47,35,23,15,0,0],"gold":517,"neow_bonus":"THREE_ENEMY_KILL","is_daily":false,"chose_seed":false,"campfire_upgraded":2,"win_rate":0.0,"timestamp":1611039900,"path_taken":["R","M","?","?","?","R","T","M","R","E","?","M","M","?","M","BOSS"],"items_purchased_type":[],"build_version":"2020-12-22","purchased_purges":0,"victory":false,"max_hp_per_floor":[70,70,70,70,70,70,70,70,70,70,70,70,70,70,70,70,70],"card_choices":[{"not_picked":["bronze:DigitalCarnage","bronze:Safeguard"],"picked":"bronze:CloningBeam","floor":2},{"not_picked":["bronze:Branch","bronze:BuggyMess"],"picked":"bronze:Turbo","floor":4},{"not_picked":["bronze:Frontload","bronze:ForLoop"],"picked":"bronze:GetLatest","floor":8},{"not_picked":["bronze:Overheat","bronze:Break"],"picked":"bronze:BugBarrage","floor":10},{"not_picked":["bronze:GetLatest","bronze:Deprecate"],"picked":"bronze:WhirlingStrike","floor":12},{"not_picked":["bronze:CloningBeam","bronze:Shield"],"picked":"bronze:ClassDefault","floor":13},{"not_picked":["bronze:Constructor","bronze:Invalidate"],"picked":"bronze:Frontload","floor":15}],"player_experience":771201,"relics_obtained":[{"floor":10,"key":"Lantern"},{"floor":11,"key":"Shuriken"}],"event_choices":[],"is_beta":false,"boss_relics":[],"items_purged_floors":[],"is_endless":false,"potions_floor_spawned":[12,15],"killed_by":"WA_ARCHETYPE_RETAIN","ascension_level":1}}