{"host":"lhth1efayex2023z","time":1611025575,"event":{"mods":["BaseMod","Colored Map","Googly Eyes","Minty Spire (QoL Compilation)","StSLib"],"gold_per_floor":[111,36,36,54,54,82,82,107,134,51,80,92,123,155,167,257,269,292,22,22,22,22,22,22,57,57,57,107,107,139,153,153,225,225,244,261,261,159,179,179,205,205,254,254,265,265,292,292,292,292],"floor_reached":51,"language":"ENG","playtime":2410,"items_purged":["Strike_G","Catalyst","Underhanded Strike"],"score":1404,"play_id":"1e9c13e3-e4b5-4e97-a876-72b7cfb2ccf0","local_time":"20210118200615","is_ascension_mode":true,"campfire_choices":[{"data":"Footwork","floor":7.0,"key":"SMITH"},{"floor":12.0,"key":"REST"},{"data":"Phantasmal Killer","floor":15,"key":"SMITH"},{"floor":23,"key":"REST"},{"floor":27,"key":"REST"},{"floor":29,"key":"REST"},{"data":"Cloak And Dagger","floor":32,"key":"SMITH"},{"data":"Envenom","floor":40,"key":"SMITH"},{"data":"Adrenaline","floor":44,"key":"SMITH"},{"floor":49,"key":"REST"}],"circlet_count":0,"master_deck":["AscendersBane","Survivor","Neutralize","Venomology","Distraction","Footwork+1","Heel Hook","Quick Slash","Phantasmal Killer+1","Accuracy","Cloak And Dagger","Backflip","Infinite Blades","Glass Knife","Dash","PiercingWail","After Image+1","Adrenaline+1","A Thousand Cuts","Footwork","Impatience","Accuracy","Cloak And Dagger+1","Envenom+1","Dodge and Roll","Blade Dance","Escape Plan+1","Blade Dance","After Image+1","Accuracy+1"],"relics":["Ring of the Snake","Juzu Bracelet","Pear","Blood Vial","MawBank","Pandora\u0027s Box","Du-Vu Doll","Smiling Mask","StoneCalendar","Philosopher\u0027s Stone","Anchor","Bag of Preparation","Boot","Happy Flower"],"acts_visited":["Exordium","TheCity","TheBeyond"],"potions_floor_usage":[13,14,16,18,25,25,30,33,33,33,36,39,39,42,47,47,50,50,50],"damage_taken":[{"damage":4.0,"enemies":"Jaw Worm","floor":1.0,"turns":7.0},{"damage":5.0,"enemies":"Small Slimes","floor":4.0,"turns":6.0},{"damage":13.0,"enemies":"3 Sentries","floor":6.0,"turns":19.0},{"damage":4.0,"enemies":"Lagavulin","floor":8.0,"turns":10.0},{"damage":28.0,"enemies":"3 Sentries","floor":11.0,"turns":13.0},{"damage":0,"enemies":"Cultist","floor":13,"turns":3},{"damage":3,"enemies":"Looter","floor":14,"turns":4},{"damage":26,"enemies":"Slime Boss","floor":16,"turns":8},{"damage":21,"enemies":"Shell Parasite","floor":18,"turns":4},{"damage":37,"enemies":"Slavers","floor":25,"turns":5},{"damage":1,"enemies":"Book of Stabbing","floor":30,"turns":6},{"damage":0,"enemies":"Spheric Guardian","floor":31,"turns":3},{"damage":7,"enemies":"Champ","floor":33,"turns":9},{"damage":2,"enemies":"Orb Walker","floor":35,"turns":4},{"damage":0,"enemies":"3 Shapes","floor":36,"turns":7},{"damage":43,"enemies":"Transient","floor":39,"turns":6},{"damage":14,"enemies":"Giant Head","floor":41,"turns":6},{"damage":0,"enemies":"Maw","floor":42,"turns":2},{"damage":16,"enemies":"Spire Growth","floor":45,"turns":5},{"damage":0,"enemies":"Reptomancer","floor":47,"turns":6},{"damage":25,"enemies":"Donu and Deca","floor":50,"turns":5}],"seed_played":"-4755071145766855973","potions_obtained":[{"floor":1.0,"key":"SpeedPotion"},{"floor":11.0,"key":"Explosive Potion"},{"floor":13,"key":"GamblersBrew"},{"floor":30,"key":"Regen Potion"},{"floor":35,"key":"Explosive Potion"},{"floor":36,"key":"Weak Potion"},{"floor":47,"key":"ColorlessPotion"}],"is_trial":false,"path_per_floor":["M","$","?","M","?","E","R","E","T","$","E","R","M","M","R","B",null,"M","$","?","?","?","R","$","E","T","R","?","R","E","M","R","B",null,"M","M","?","$","M","R","E","M","T","R","M","?","E","?","R","B",null],"character_chosen":"THE_SILENT","items_purchased":["Accuracy","Footwork","Impatience","Blade Dance"],"campfire_rested":5,"item_purchase_floors":[10,19,19,38],"current_hp_per_floor":[55,55,55,50,50,37,37,43,43,43,17,38,40,39,39,15,56,37,37,37,17,17,39,39,4,4,26,26,48,49,51,51,61,72,72,74,74,74,41,41,29,31,31,31,17,17,19,19,41,18],"gold":292,"neow_bonus":"THREE_RARE_CARDS","is_daily":false,"chose_seed":false,"campfire_upgraded":5,"win_rate":0.0,"timestamp":1611025575,"path_taken":["M","$","?","M","?","E","R","E","T","?","E","R","M","M","R","BOSS","M","?","?","?","?","R","$","E","T","R","?","R","E","M","R","BOSS","M","M","?","$","M","R","E","M","T","R","M","?","E","?","R","BOSS"],"items_purchased_type":["Card","Card","Card","Card"],"build_version":"2020-12-22","purchased_purges":3,"victory":true,"max_hp_per_floor":[60,60,60,60,60,60,60,70,70,70,70,70,70,70,70,70,70,70,70,70,75,75,75,75,75,75,75,75,75,75,75,75,75,75,75,75,75,75,75,75,75,75,75,75,75,75,75,75,75,75],"card_choices":[{"not_picked":["Die Die Die","Storm of Steel"],"picked":"Venomology","floor":0.0},{"not_picked":["Crippling Poison","Catalyst"],"picked":"Distraction","floor":1.0},{"not_picked":["PiercingWail","Leg Sweep"],"picked":"Footwork","floor":4.0},{"not_picked":["Bullet Time","Slice"],"picked":"Quick Slash","floor":6.0},{"not_picked":["Dash","Prepared"],"picked":"Phantasmal Killer","floor":8.0},{"not_picked":["Footwork","Wraith Form v2"],"picked":"Cloak And Dagger","floor":11.0},{"not_picked":["Catalyst","Concentrate"],"picked":"Backflip","floor":13},{"not_picked":["Dagger Throw","Backflip"],"picked":"Infinite Blades","floor":14},{"not_picked":["Night Terror","Doppelganger"],"picked":"Glass Knife","floor":16},{"not_picked":["Outmaneuver","Dagger Throw","Riddle With Holes"],"picked":"SKIP","floor":18},{"not_picked":["Tactician","Footwork"],"picked":"Accuracy","floor":25},{"not_picked":["Deadly Poison","Dash","Crippling Poison"],"picked":"SKIP","floor":30},{"not_picked":["Crippling Poison","Underhanded Strike"],"picked":"Cloak And Dagger","floor":31},{"not_picked":["Doppelganger","Unload"],"picked":"Envenom","floor":33},{"not_picked":["All Out Attack","Dagger Throw"],"picked":"Dodge and Roll","floor":35},{"not_picked":["Underhanded Strike","Poisoned Stab","Distraction+1"],"picked":"SKIP","floor":36},{"not_picked":["Endless Agony","Underhanded Strike","Leg Sweep"],"picked":"SKIP","floor":39},{"not_picked":["Underhanded Strike","Predator"],"picked":"Escape Plan+1","floor":41},{"not_picked":["Sucker Punch+1","Masterful Stab+1"],"picked":"Blade Dance","floor":45},{"not_picked":["Poisoned Stab+1","Terror"],"picked":"Accuracy+1","floor":47}],"player_experience":463107,"relics_obtained":[{"floor":6.0,"key":"Juzu Bracelet"},{"floor":8.0,"key":"Pear"},{"floor":9.0,"key":"Blood Vial"},{"floor":11.0,"key":"MawBank"},{"floor":25,"key":"Du-Vu Doll"},{"floor":26,"key":"Smiling Mask"},{"floor":30,"key":"StoneCalendar"},{"floor":41,"key":"Anchor"},{"floor":43,"key":"Bag of Preparation"},{"floor":47,"key":"Boot"}],"event_choices":[{"damage_healed":0.0,"max_hp_gain":0.0,"max_hp_loss":0.0,"gold_gain":0.0,"event_name":"Liars Game","player_choice":"Ignored","floor":3.0,"gold_loss":0.0,"damage_taken":0.0},{"damage_healed":0.0,"max_hp_gain":0.0,"max_hp_loss":0.0,"gold_gain":0.0,"cards_transformed":["Strike_G"],"event_name":"Living Wall","player_choice":"Change","floor":5.0,"gold_loss":0.0,"damage_taken":0.0,"cards_obtained":["Heel Hook"]},{"damage_healed":0,"gold_gain":0,"player_choice":"Forge","damage_taken":0,"max_hp_gain":0,"max_hp_loss":0,"event_name":"Accursed Blacksmith","floor":20,"gold_loss":0,"cards_upgraded":["After Image"]},{"damage_healed":0,"gold_gain":0,"player_choice":"Shed Blood","damage_taken":25,"max_hp_gain":5,"max_hp_loss":0,"event_name":"Forgotten Altar","floor":21,"gold_loss":0},{"damage_healed":0,"gold_gain":0,"player_choice":"Ignored","damage_taken":0,"max_hp_gain":0,"max_hp_loss":0,"event_name":"Vampires","floor":22,"gold_loss":0},{"damage_healed":0,"gold_gain":50,"player_choice":"Stole From Cult","damage_taken":0,"max_hp_gain":0,"max_hp_loss":0,"event_name":"Nest","floor":28,"gold_loss":0},{"damage_healed":0,"gold_gain":0,"player_choice":"Memory 1","damage_taken":0,"max_hp_gain":0,"max_hp_loss":0,"event_name":"SensoryStone","floor":37,"gold_loss":0},{"damage_healed":0,"gold_gain":0,"player_choice":"Copied","damage_taken":0,"max_hp_gain":0,"max_hp_loss":0,"event_name":"Duplicator","floor":46,"gold_loss":0,"cards_obtained":["After Image"]},{"cards_removed":["Backstab"],"damage_healed":0,"gold_gain":0,"player_choice":"Gave Card","damage_taken":0,"relics_obtained":["Happy Flower"],"max_hp_gain":0,"max_hp_loss":0,"event_name":"WeMeetAgain","floor":48,"gold_loss":0}],"is_beta":false,"boss_relics":[{"not_picked":["Ectoplasm","Velvet Choker"],"picked":"Pandora\u0027s Box"},{"not_picked":["Busted Crown","Empty Cage"],"picked":"Philosopher\u0027s Stone"}],"items_purged_floors":[2,19,38],"is_endless":false,"potions_floor_spawned":[1,11,13,14,30,35,36,42,47],"ascension_level":17}}