{"host":"obplhmlw33xb91v8","time":1611076083,"event":{"mods":["BaseMod","Block Reminder","Curses Come First","Evolution","Minty Spire (QoL Compilation)","Quick Restart","Relic Stats","Spicy Shops","StSLib","Uncapped","Waifu the Spire","slay the spire mod where everything is the same but ironclad has a cowboy hat"],"gold_per_floor":[99,99,26,26,26,26,26,11,11,0,0,0,0,0,0,0,0,0,0,0,0,0,0,0,0,0,0,0,0,0,0,0,0,0],"floor_reached":33,"language":"ENG","playtime":1058,"items_purged":[],"score":449,"play_id":"cb00ff75-74c4-4265-a4b3-40955efaaeed","local_time":"20210119120803","is_ascension_mode":true,"campfire_choices":[{"data":"Pommel Strike","floor":7,"key":"SMITH"},{"data":"Disarm","floor":11,"key":"SMITH"},{"floor":15,"key":"REST"},{"floor":23,"key":"REST"},{"floor":29,"key":"REST"},{"floor":32,"key":"REST"}],"circlet_count":0,"master_deck":["Pommel Strike","Pommel Strike","Pommel Strike","Pommel Strike+1","Strike_R","Defend_R","Defend_R","Defend_R","Defend_R","Bash","Twin Strike","Flex","Disarm+1","Uppercut","Flex","Metallicize","Inflame","Thunderclap","Rampage","True Grit","Berserk","Clothesline+1","Shrug It Off","Berserk","Flex","Twin Strike","Pummel+1"],"relics":["EVO:Axolotl","Ectoplasm","Lantern","Centennial Puzzle","MealTicket","Fusion Hammer","Shuriken","Letter Opener","Omamori"],"acts_visited":["Exordium","TheCity"],"potions_floor_usage":[13,18,27,33],"damage_taken":[{"damage":0.0,"enemies":"2 Louse","floor":1.0,"turns":2.0},{"damage":0.0,"enemies":"Cultist","floor":2.0,"turns":2.0},{"damage":7,"enemies":"Jaw Worm","floor":5,"turns":2},{"damage":18,"enemies":"Gremlin Nob","floor":6,"turns":4},{"damage":9,"enemies":"Exordium Thugs","floor":8,"turns":3},{"damage":0,"enemies":"Looter","floor":10,"turns":2},{"damage":5,"enemies":"Blue Slaver","floor":12,"turns":2},{"damage":7,"enemies":"Lagavulin","floor":13,"turns":3},{"damage":0,"enemies":"3 Louse","floor":14,"turns":2},{"damage":0,"enemies":"Slime Boss","floor":16,"turns":5},{"damage":18,"enemies":"Chosen","floor":18,"turns":5},{"damage":17,"enemies":"2 Thieves","floor":19,"turns":4},{"damage":3,"enemies":"Snake Plant","floor":20,"turns":4},{"damage":9,"enemies":"Cultist and Chosen","floor":22,"turns":4},{"damage":7,"enemies":"Centurion and Healer","floor":24,"turns":4},{"damage":27,"enemies":"Snecko","floor":25,"turns":3},{"damage":6,"enemies":"Gremlin Leader","floor":27,"turns":4},{"damage":37,"enemies":"Book of Stabbing","floor":30,"turns":4},{"damage":8,"enemies":"3 Cultists","floor":31,"turns":3},{"damage":81,"enemies":"Automaton","floor":33,"turns":6}],"seed_played":"3738163326657929402","potions_obtained":[{"floor":5,"key":"ElixirPotion"},{"floor":6,"key":"ElixirPotion"},{"floor":10,"key":"ElixirPotion"},{"floor":12,"key":"SteroidPotion"},{"floor":16,"key":"Swift Potion"},{"floor":22,"key":"Strength Potion"},{"floor":31,"key":"Strength Potion"}],"is_trial":false,"path_per_floor":["M","M","$","?","M","E","R","M","T","M","R","M","E","M","R","B",null,"M","M","M","?","M","R","M","M","T","E","$","R","E","M","R","B"],"character_chosen":"IRONCLAD","items_purchased":["Disarm"],"campfire_rested":4,"item_purchase_floors":[3],"current_hp_per_floor":[80,80,80,80,73,55,55,46,46,46,46,41,34,34,58,58,80,62,45,42,42,33,57,50,23,23,17,32,56,19,11,35,0,0],"gold":0,"neow_bonus":"BOSS_RELIC","is_daily":false,"chose_seed":false,"campfire_upgraded":2,"win_rate":0.0,"timestamp":1611076083,"path_taken":["M","M","$","?","M","E","R","M","T","M","R","M","E","M","R","BOSS","M","M","M","?","M","R","M","M","T","E","?","R","E","M","R","BOSS"],"items_purchased_type":["Card"],"build_version":"2020-12-22","purchased_purges":0,"victory":false,"max_hp_per_floor":[80,80,80,80,80,80,80,80,80,80,80,80,80,80,80,80,80,80,80,80,80,80,80,80,80,80,80,80,80,80,80,80,80,80],"relic_stats":{"Centennial Puzzle":[36],"counters":[20,68],"Shuriken":[11],"MealTicket":15,"Ectoplasm":473,"Letter Opener":[35],"obtain_stats":[{"Lantern":6,"Centennial Puzzle":9,"Shuriken":26,"MealTicket":13,"Ectoplasm":0,"Fusion Hammer":17,"Omamori":30,"EVO:Axolotl":0,"Letter Opener":27,"Burning Blood":0},{"Lantern":4,"Centennial Puzzle":5,"Shuriken":16,"MealTicket":8,"Ectoplasm":0,"Fusion Hammer":10,"Omamori":18,"EVO:Axolotl":0,"Letter Opener":17,"Burning Blood":0},{"Lantern":10,"Centennial Puzzle":13,"Shuriken":51,"MealTicket":20,"Ectoplasm":0,"Fusion Hammer":27,"Omamori":59,"EVO:Axolotl":0,"Letter Opener":55,"Burning Blood":0}]},"card_choices":[{"not_picked":["Clash","Armaments"],"picked":"Twin Strike","floor":1.0},{"not_picked":["Impervious","Heavy Blade"],"picked":"Flex","floor":2.0},{"not_picked":["Body Slam","Rage"],"picked":"Uppercut","floor":5},{"not_picked":["Dark Embrace","Heavy Blade"],"picked":"Flex","floor":6},{"not_picked":["Combust","Twin Strike"],"picked":"Metallicize","floor":8},{"not_picked":["Berserk","True Grit"],"picked":"Inflame","floor":10},{"not_picked":["Clothesline","Heavy Blade"],"picked":"Thunderclap","floor":12},{"not_picked":["Perfected Strike","Havoc"],"picked":"Rampage","floor":13},{"not_picked":["Heavy Blade","Headbutt"],"picked":"True Grit","floor":14},{"not_picked":["Bludgeon","Feed"],"picked":"Berserk","floor":16},{"not_picked":["Seeing Red","Anger"],"picked":"Clothesline+1","floor":18},{"not_picked":["Battle Trance","Inflame"],"picked":"Shrug It Off","floor":19},{"not_picked":["Clothesline+1","Rampage+1","Anger"],"picked":"SKIP","floor":20},{"not_picked":["Clash","Sword Boomerang","True Grit+1"],"picked":"SKIP","floor":22},{"not_picked":["Havoc","Burning Pact","Heavy Blade"],"picked":"SKIP","floor":24},{"not_picked":["Dual Wield","Twin Strike"],"picked":"Flex","floor":25},{"not_picked":["Anger","Body Slam"],"picked":"Twin Strike","floor":27},{"not_picked":["Reckless Charge+1","Dual Wield"],"picked":"Pummel+1","floor":30},{"not_picked":["Brutality","Bloodletting+1","Headbutt"],"picked":"SKIP","floor":31}],"player_experience":201350,"relics_obtained":[{"floor":6,"key":"Lantern"},{"floor":9,"key":"Centennial Puzzle"},{"floor":13,"key":"MealTicket"},{"floor":26,"key":"Shuriken"},{"floor":27,"key":"Letter Opener"},{"floor":30,"key":"Omamori"}],"event_choices":[{"damage_healed":0,"gold_gain":0,"player_choice":"Ignored","damage_taken":0,"max_hp_gain":0,"max_hp_loss":0,"event_name":"Golden Idol","floor":4,"gold_loss":0},{"damage_healed":0,"gold_gain":0,"player_choice":"Copied","damage_taken":0,"max_hp_gain":0,"max_hp_loss":0,"event_name":"Duplicator","floor":21,"gold_loss":0,"cards_obtained":["Berserk"]}],"is_beta":false,"boss_relics":[{"not_picked":["Pandora\u0027s Box","Philosopher\u0027s Stone"],"picked":"Fusion Hammer"}],"items_purged_floors":[],"is_endless":false,"potions_floor_spawned":[5,6,10,12,16,22,24,25,31],"killed_by":"Automaton","ascension_level":4}}