{"host":"ftbkoc3ruyyiy16n","time":1611100329,"event":{"mods":["BaseMod","Colored Map","Colored Powertips","Downfall","Filter the Spire","Highlight Path","Minty Spire (QoL Compilation)","Quick Restart","Rare Cards Sparkle","Relic Stats","StSLib"],"gold_per_floor":[99,109,127,146,157,157,157,142,142,171,156,190,290,301,313,408,408,408,426,426,155,168,179,206,206,233,183,232,43,73,99,116,214,214,214,230,230,230,246,276,301,335,347,146,146,166,66,101,120,120],"floor_reached":51,"language":"ENG","playtime":5838,"items_purged":[],"score":1075,"play_id":"126cdb16-336b-4315-8856-7e15e598681d","local_time":"20210120005209","is_ascension_mode":true,"campfire_choices":[{"data":"Slimebound:Split","floor":1,"key":"SMITH"},{"data":"Slimebound:HauntingLick","floor":6,"key":"SMITH"},{"floor":9,"key":"REST"},{"data":"Slimebound:RallyTheTroops","floor":18,"key":"SMITH"},{"data":"Slimebound:RollThrough","floor":25,"key":"SMITH"},{"data":"Slimebound:TagTeam","floor":35,"key":"SMITH"},{"data":"Slimebound:Darklings","floor":45,"key":"SMITH"},{"data":"Slimebound:SlimeTap","floor":47,"key":"SMITH"}],"circlet_count":0,"master_deck":["Slimebound:Strike_Slimebound+1","Slimebound:Tackle","Slimebound:Defend_Slimebound","Slimebound:Defend_Slimebound","Slimebound:Split+1","Slimebound:CorrosiveSpit","Slimebound:RollThrough+1","Slimebound:HauntingLick+1","Slimebound:GoopTackle","Slimebound:SplitLeeching","Slimebound:SplitLeeching","Slimebound:GoopSpray","Slimebound:RollThrough","Slimebound:DivideAndConquer","Slimebound:ForwardTackle+1","Slimebound:RallyTheTroops+1","Slimebound:SplitAcid","Slimebound:Prepare","Slimebound:LeadByExample+1","Slimebound:LeadByExample+1","Slimebound:SamplingLick+1","Slimebound:TagTeam+1","Slimebound:LevelUp+1","Slimebound:ComboTackle","Slimebound:SplitMire","Slimebound:SlimeTap+1","Slimebound:SplitLeeching","Slimebound:LevelUp+1","Slimebound:RallyTheTroops","Slimebound:Recycling+1","Slimebound:SplitLeeching+1","Slimebound:RallyTheTroops+1","Slimebound:SlimeBarrage+1","Slimebound:Darklings+1","Slimebound:ComboTackle+1","Slimebound:DuplicatedForm+1"],"relics":["Philosopher\u0027s Stone","Frozen Egg 2","HornCleat","Smiling Mask","Black Star","Mercury Hourglass","Bag of Preparation","Eternal Feather","WingedGreaves","Whetstone","Centennial Puzzle","Oddly Smooth Stone","Happy Flower","Toy Ornithopter","Astrolabe","Omamori","Orichalcum","Lantern","Molten Egg 2","Darkstone Periapt","Art of War","Meat on the Bone","downfall:HeartBlessingGreen","Mummified Hand","Regal Pillow"],"acts_visited":["Exordium","TheCity","TheBeyond"],"potions_floor_usage":[16,16,16,26,33,39,40,48,50,50,50],"damage_taken":[{"damage":0,"enemies":"Cultist","floor":2,"turns":4},{"damage":0,"enemies":"Small Slimes","floor":3,"turns":3},{"damage":5,"enemies":"Jaw Worm","floor":4,"turns":2},{"damage":12,"enemies":"Exordium Wildlife","floor":5,"turns":4},{"damage":18,"enemies":"downfall:FleeingMerchant","floor":8,"turns":4},{"damage":13,"enemies":"3 Sentries","floor":10,"turns":5},{"damage":0,"enemies":"downfall:FleeingMerchant","floor":11,"turns":4},{"damage":2,"enemies":"Gremlin Nob","floor":12,"turns":3},{"damage":7,"enemies":"3 Louse","floor":14,"turns":3},{"damage":9,"enemies":"Lots of Slimes","floor":15,"turns":3},{"damage":12,"enemies":"IC_STATUS_ARCHETYPE","floor":16,"turns":6},{"damage":10,"enemies":"Spheric Guardian","floor":19,"turns":4},{"damage":3,"enemies":"downfall:FleeingMerchant","floor":21,"turns":4},{"damage":0,"enemies":"Cultist and Chosen","floor":22,"turns":3},{"damage":10,"enemies":"Centurion and Healer","floor":23,"turns":3},{"damage":15,"enemies":"Slavers","floor":26,"turns":4},{"damage":0,"enemies":"downfall:FleeingMerchant","floor":29,"turns":4},{"damage":13,"enemies":"Book of Stabbing","floor":30,"turns":4},{"damage":0,"enemies":"Gremlin Leader","floor":31,"turns":4},{"damage":13,"enemies":"Snake Plant","floor":32,"turns":2},{"damage":0,"enemies":"WA_ARCHETYPE_CALM","floor":33,"turns":5},{"damage":5,"enemies":"Orb Walker","floor":36,"turns":3},{"damage":9,"enemies":"3 Shapes","floor":39,"turns":2},{"damage":3,"enemies":"Nemesis","floor":40,"turns":5},{"damage":0,"enemies":"Reptomancer","floor":42,"turns":4},{"damage":4,"enemies":"Jaw Worm Horde","floor":43,"turns":3},{"damage":0,"enemies":"downfall:FleeingMerchant","floor":44,"turns":1},{"damage":15,"enemies":"Transient","floor":46,"turns":5},{"damage":14,"enemies":"Nemesis","floor":48,"turns":3},{"damage":3,"enemies":"4 Shapes","floor":49,"turns":2},{"damage":41,"enemies":"SI_POISON_ARCHETYPE","floor":50,"turns":4}],"seed_played":"-1078904630779258498","potions_obtained":[{"floor":2,"key":"FearPotion"},{"floor":10,"key":"Dexterity Potion"},{"floor":12,"key":"champ:CounterPotion"},{"floor":15,"key":"PowerPotion"},{"floor":23,"key":"DistilledChaos"},{"floor":31,"key":"bronze:BurnAndBuffPotion"},{"floor":32,"key":"Slimebound:SlimedPotion"},{"floor":33,"key":"DistilledChaos"},{"floor":38,"key":"Energy Potion"},{"floor":38,"key":"ColorlessPotion"},{"floor":40,"key":"Explosive Potion"},{"floor":43,"key":"hexamod:SoulburnPotion"},{"floor":48,"key":"SmokeBomb"},{"floor":49,"key":"DuplicationPotion"}],"is_trial":false,"path_per_floor":["R","M","M","M","M","R","T","$","R","E","$","E","?","M","M","B",null,"R","M","?","$","M","M","T","R","E","?","T","$","E","E","M","B",null,"R","M","?","?","M","E","T","E","M","$","R","M","R","E","M","B",null],"character_chosen":"SLIMEBOUND","items_purchased":["Mercury Hourglass","Slimebound:LevelUp+1","Slimebound:ComboTackle","Slimebound:SplitMire","Slimebound:DuplicatedForm+1","Art of War","Meat on the Bone"],"campfire_rested":1,"item_purchase_floors":[21,29,29,29,44,44,44],"current_hp_per_floor":[65,65,65,60,48,48,48,30,49,36,36,34,34,27,18,6,65,65,55,55,52,52,42,42,42,27,53,53,53,40,40,27,32,65,65,60,60,60,56,58,58,58,54,54,65,65,65,51,48,34],"gold":120,"neow_bonus":"BOSS_RELIC","is_daily":false,"chose_seed":false,"campfire_upgraded":7,"win_rate":0.0,"timestamp":1611100329,"path_taken":["R","M","?","M","M","R","T","$","R","E","$","E","?","M","M","BOSS","R","M","?","$","?","M","T","R","E","?","?","$","E","E","M","BOSS","R","M","?","?","M","E","T","E","M","$","R","?","R","E","M","BOSS"],"items_purchased_type":["Relic","Card","Card","Card","Card","Relic","Relic"],"build_version":"2020-12-22","purchased_purges":0,"victory":true,"max_hp_per_floor":[65,65,65,65,65,65,65,65,65,65,65,65,65,65,65,65,65,65,65,65,65,65,65,65,65,65,65,65,65,65,65,65,65,65,65,65,65,65,65,65,65,65,65,65,65,65,65,65,65,65],"relic_stats":{"Darkstone Periapt":0,"Regal Pillow":0,"Happy Flower":[13],"counters":[31,105],"Astrolabe":["Slimebound:Recycling","Slimebound:SplitLeeching","Slimebound:RallyTheTroops"],"Eternal Feather":11,"Bag of Preparation":[32],"Whetstone":["Slimebound:ForwardTackle","Slimebound:Strike_Slimebound"],"Orichalcum":[0],"Smiling Mask":0,"Mercury Hourglass":[234],"Centennial Puzzle":[27],"Mummified Hand":[7],"Black Star":6,"Art of War":[0],"obtain_stats":[{"Darkstone Periapt":42,"Lantern":41,"Regal Pillow":48,"downfall:HeartBlessingGreen":47,"Bag of Preparation":24,"Whetstone":28,"Smiling Mask":12,"Centennial Puzzle":30,"HornCleat":10,"Mummified Hand":48,"Philosopher\u0027s Stone":0,"WingedGreaves":26,"Happy Flower":31,"Astrolabe":34,"Oddly Smooth Stone":30,"Eternal Feather":26,"Omamori":40,"Frozen Egg 2":7,"Orichalcum":40,"Mercury Hourglass":21,"Molten Egg 2":42,"Slimebound:AbsorbEndCombat":0,"Black Star":17,"Art of War":44,"Toy Ornithopter":31,"Meat on the Bone":44},{"Darkstone Periapt":25,"Lantern":24,"Regal Pillow":29,"downfall:HeartBlessingGreen":28,"Bag of Preparation":15,"Whetstone":16,"Smiling Mask":8,"Centennial Puzzle":18,"HornCleat":6,"Mummified Hand":29,"Philosopher\u0027s Stone":0,"WingedGreaves":16,"Happy Flower":19,"Astrolabe":21,"Oddly Smooth Stone":18,"Eternal Feather":16,"Omamori":24,"Frozen Egg 2":4,"Orichalcum":24,"Mercury Hourglass":13,"Molten Egg 2":25,"Slimebound:AbsorbEndCombat":0,"Black Star":11,"Art of War":27,"Toy Ornithopter":19,"Meat on the Bone":27},{"Darkstone Periapt":87,"Lantern":83,"Regal Pillow":99,"downfall:HeartBlessingGreen":96,"Bag of Preparation":52,"Whetstone":56,"Smiling Mask":27,"Centennial Puzzle":63,"HornCleat":20,"Mummified Hand":99,"Philosopher\u0027s Stone":0,"WingedGreaves":56,"Happy Flower":67,"Astrolabe":74,"Oddly Smooth Stone":63,"Eternal Feather":56,"Omamori":83,"Frozen Egg 2":11,"Orichalcum":83,"Mercury Hourglass":46,"Molten Egg 2":87,"Slimebound:AbsorbEndCombat":0,"Black Star":38,"Art of War":91,"Toy Ornithopter":67,"Meat on the Bone":91}],"Toy Ornithopter":30,"Meat on the Bone":12},"card_choices":[{"not_picked":["Slimebound:HungryTackle","Slimebound:GrowthPunch"],"picked":"Slimebound:RollThrough","floor":2},{"not_picked":["Slimebound:Dissolve","Slimebound:Schlurp"],"picked":"Slimebound:HauntingLick","floor":3},{"not_picked":["Slimebound:SamplingLick","Slimebound:DivideAndConquer"],"picked":"Slimebound:FirmFortitude","floor":4},{"not_picked":["Slimebound:HungryTackle","Slimebound:Chomp"],"picked":"Slimebound:GoopTackle","floor":5},{"not_picked":["Slimebound:FinishingTackle","Slimebound:LeechEnergy"],"picked":"Slimebound:SplitLeeching","floor":8},{"not_picked":["Slimebound:FinishingTackle","Slimebound:OneTwoCombo"],"picked":"Slimebound:SplitLeeching","floor":10},{"not_picked":["Slimebound:Schlurp","Slimebound:SamplingLick"],"picked":"Slimebound:GoopSpray","floor":11},{"not_picked":["Slimebound:Chomp","Slimebound:MegaLick"],"picked":"Slimebound:RollThrough","floor":12},{"not_picked":["Slimebound:RollThrough","Slimebound:SlimeSpikes"],"picked":"Slimebound:DivideAndConquer","floor":14},{"not_picked":["Slimebound:SlimeSpikes","Slimebound:FlameTackle"],"picked":"Slimebound:ForwardTackle","floor":15},{"not_picked":["Slimebound:SlimeSlap","Slimebound:CheckThePlaybook"],"picked":"Slimebound:RallyTheTroops","floor":16},{"not_picked":["Slimebound:RainOfGoop","Slimebound:SlimeSpikes"],"picked":"Slimebound:SplitAcid","floor":19},{"not_picked":["Slimebound:Schlurp+1","Slimebound:GoopSpray"],"picked":"Slimebound:Prepare","floor":21},{"not_picked":["Slimebound:SplitAcid+1","Slimebound:Equalize"],"picked":"Slimebound:LeadByExample+1","floor":22},{"not_picked":["Slimebound:ForwardTackle","Slimebound:GoopTackle"],"picked":"Slimebound:LeadByExample+1","floor":23},{"not_picked":["Slimebound:PressTheAttack+1","Slimebound:Schlurp+1"],"picked":"Slimebound:SamplingLick+1","floor":26},{"not_picked":["Slimebound:FirmFortitude","Slimebound:OneTwoCombo"],"picked":"Slimebound:TagTeam","floor":29},{"not_picked":["Slimebound:Nibble","Slimebound:RainOfGoop+1"],"picked":"Slimebound:SlimeTap","floor":30},{"not_picked":["Slimebound:GoopSpray+1","Slimebound:ItLooksTasty"],"picked":"Slimebound:SplitLeeching","floor":31},{"not_picked":["Slimebound:SpikyOuterGoop+1","Slimebound:SplitAcid+1"],"picked":"Slimebound:LevelUp+1","floor":32},{"not_picked":["Slimebound:SlimeSlap","Slimebound:PrepareCrush"],"picked":"Slimebound:RallyTheTroops","floor":33},{"not_picked":["Slimebound:Prepare+1","Slimebound:GoopSpray+1"],"picked":"Slimebound:SlimeBarrage+1","floor":36},{"not_picked":["Slimebound:ViciousTackle+1","Slimebound:BestDefense+1","Slimebound:RollThrough+1"],"picked":"SKIP","floor":39},{"not_picked":["Slimebound:SplitAcid","Slimebound:SlimeSpikes+1","Slimebound:Schlurp"],"picked":"SKIP","floor":40},{"not_picked":["Slimebound:SplitLeeching","Slimebound:Prepare+1","Slimebound:GrowthPunch+1"],"picked":"SKIP","floor":42},{"not_picked":["Slimebound:LeechEnergy+1","Slimebound:SlimeSpikes+1"],"picked":"Slimebound:ComboTackle+1","floor":43},{"not_picked":["Slimebound:SlimeTap+1","Slimebound:LeechEnergy+1","Slimebound:Recollect+1"],"picked":"SKIP","floor":44},{"not_picked":["Slimebound:SlimeTap","Slimebound:PressTheAttack+1","Slimebound:SplitAcid+1"],"picked":"SKIP","floor":46},{"not_picked":["Slimebound:PrepareCrush","Slimebound:LeechEnergy+1","Slimebound:SplitMire+1"],"picked":"SKIP","floor":48},{"not_picked":["Slimebound:BestDefense+1","Slimebound:HungryTackle+1","Slimebound:RollThrough+1"],"picked":"SKIP","floor":49}],"player_experience":298024,"relics_obtained":[{"floor":7,"key":"Frozen Egg 2"},{"floor":10,"key":"HornCleat"},{"floor":12,"key":"Smiling Mask"},{"floor":24,"key":"Bag of Preparation"},{"floor":26,"key":"Eternal Feather"},{"floor":26,"key":"WingedGreaves"},{"floor":28,"key":"Whetstone"},{"floor":30,"key":"Centennial Puzzle"},{"floor":30,"key":"Oddly Smooth Stone"},{"floor":31,"key":"Happy Flower"},{"floor":31,"key":"Toy Ornithopter"},{"floor":40,"key":"Omamori"},{"floor":40,"key":"Orichalcum"},{"floor":41,"key":"Lantern"},{"floor":42,"key":"Molten Egg 2"},{"floor":42,"key":"Darkstone Periapt"},{"floor":48,"key":"Mummified Hand"},{"floor":48,"key":"Regal Pillow"}],"event_choices":[{"cards_removed":["Slimebound:Strike_Slimebound"],"damage_healed":0,"gold_gain":0,"player_choice":"Offered Basic","damage_taken":0,"max_hp_gain":0,"max_hp_loss":0,"event_name":"Bonfire Elementals","floor":20,"gold_loss":0},{"damage_healed":0,"gold_gain":0,"player_choice":"Got Potions","damage_taken":0,"max_hp_gain":0,"max_hp_loss":0,"event_name":"Lab","floor":38,"gold_loss":0}],"is_beta":false,"boss_relics":[{"not_picked":["Pandora\u0027s Box","Coffee Dripper"],"picked":"Black Star"},{"not_picked":["SlaversCollar","bronze:MakeshiftBattery"],"picked":"Astrolabe"}],"items_purged_floors":[],"is_endless":false,"potions_floor_spawned":[2,10,12,15,23,31,32,33,40,43,46,48,49],"ascension_level":1}}