{"host":"sc0o2qwpf9j16a4i","time":1611079457,"event":{"mods":["AchievementEnabler","BaseMod","BetterRewards","Block Reminder","Colored Map","Colored Powertips","Custom Start","Highlight Path","Minty Spire (QoL Compilation)","Relic Stats"],"gold_per_floor":[113,127,144,144,144,144,159,187,187,187,187,187,187],"floor_reached":12,"language":"ENG","playtime":197,"items_purged":[],"score":156,"play_id":"65bd424c-8b9c-4c34-9cbd-9d7705d0f06e","local_time":"20210119200417","is_ascension_mode":true,"campfire_choices":[{"data":"Sunder","floor":6,"key":"SMITH"},{"floor":10,"key":"REST"}],"circlet_count":0,"master_deck":["AscendersBane","Strike_B","Strike_B","Strike_B+1","Strike_B","Defend_B","Defend_B","Defend_B","Defend_B","Zap","Dualcast","Sunder+1","Self Repair","Loop","Rebound+1","Hologram","Parasite"],"relics":["Cursed Key","Akabeko"],"acts_visited":["Exordium"],"potions_floor_usage":[12],"damage_taken":[{"damage":0,"enemies":"2 Louse","floor":1,"turns":3},{"damage":15,"enemies":"Small Slimes","floor":2,"turns":3},{"damage":6,"enemies":"Cultist","floor":3,"turns":3},{"damage":0,"enemies":"2 Fungi Beasts","floor":7,"turns":2},{"damage":24,"enemies":"Lagavulin","floor":8,"turns":7},{"damage":40,"enemies":"Gremlin Nob","floor":12,"turns":3}],"seed_played":"4387664342304414894","potions_obtained":[{"floor":3,"key":"PowerPotion"},{"floor":7,"key":"PotionOfCapacity"}],"is_trial":false,"path_per_floor":["M","M","M","?","?","R","M","E","T","R","?","E"],"character_chosen":"DEFECT","items_purchased":[],"campfire_rested":1,"item_purchase_floors":[],"current_hp_per_floor":[64,49,50,50,55,55,55,38,38,60,37,0,0],"gold":187,"neow_bonus":"BOSS_RELIC","is_daily":false,"chose_seed":false,"campfire_upgraded":1,"win_rate":0.0,"timestamp":1611079457,"path_taken":["M","M","M","?","?","R","M","E","T","R","?","E"],"items_purchased_type":[],"build_version":"2020-12-22","purchased_purges":0,"victory":false,"max_hp_per_floor":[71,71,71,71,76,76,76,76,76,76,76,76,76],"relic_stats":{"counters":[6,20],"Cursed Key":1,"obtain_stats":[{"Cracked Core":0,"Cursed Key":0,"Akabeko":8},{"Cracked Core":0,"Cursed Key":0,"Akabeko":5},{"Cracked Core":0,"Cursed Key":0,"Akabeko":17}]},"card_choices":[{"not_picked":["Barrage","Hologram"],"picked":"Sunder","floor":1},{"not_picked":["Barrage","Rebound"],"picked":"Self Repair","floor":2},{"not_picked":["Double Energy","Hologram"],"picked":"Loop","floor":3},{"not_picked":["Scrape","Meteor Strike"],"picked":"Rebound","floor":7},{"not_picked":["Fission","BootSequence"],"picked":"Hologram","floor":8}],"player_experience":763291,"relics_obtained":[{"floor":8,"key":"Akabeko"}],"event_choices":[{"damage_healed":0,"gold_gain":0,"player_choice":"Ignored","damage_taken":0,"max_hp_gain":0,"max_hp_loss":0,"event_name":"Liars Game","floor":4,"gold_loss":0},{"damage_healed":0,"gold_gain":0,"player_choice":"Donut","damage_taken":0,"max_hp_gain":5,"max_hp_loss":0,"event_name":"Big Fish","floor":5,"gold_loss":0},{"damage_healed":0,"gold_gain":0,"player_choice":"Entered Light","damage_taken":23,"max_hp_gain":0,"max_hp_loss":0,"event_name":"Shining Light","floor":11,"gold_loss":0,"cards_upgraded":["Strike_B","Rebound"]}],"is_beta":false,"boss_relics":[],"items_purged_floors":[],"is_endless":false,"potions_floor_spawned":[3,7,8],"killed_by":"Gremlin Nob","ascension_level":20}}