{"host":"ELF","time":1611037591,"event":{"mods":["BaseMod","Bestiary","Minty Spire (QoL Compilation)","Relic Stats","Slay the Relics Exporter"],"gold_per_floor":[112,187,54,54,70,95,95,130,155,155,167,202,212,12,12,87,87,97,116,116,16,30,30,55,55,55,66,83,83,83,102,102,179,179,194,209,7,23,23,23,23,23],"floor_reached":41,"language":"ENG","playtime":2682,"items_purged":["Strike_G","Strike_G"],"score":887,"play_id":"6c4f180a-b63d-4ab6-90ce-a925651fa227","local_time":"20210119002631","is_ascension_mode":true,"campfire_choices":[{"floor":7,"key":"REST"},{"floor":10,"key":"REST"},{"floor":15,"key":"REST"},{"floor":23,"key":"REST"},{"data":"Bullet Time","floor":29,"key":"SMITH"},{"floor":32,"key":"RECALL"},{"data":"Night Terror","floor":40,"key":"SMITH"}],"circlet_count":0,"master_deck":["AscendersBane","Strike_G","Defend_G","Defend_G","Defend_G","Defend_G","Defend_G","Survivor","Neutralize","Blade Dance","Blade Dance","Infinite Blades","Crippling Poison","Cloak And Dagger","Dash","Footwork","Backflip","Bouncing Flask","Skewer","Panache","Sucker Punch","Bullet Time+1","Cloak And Dagger","Eviscerate","Venomology","Backstab","Endless Agony","Escape Plan","PiercingWail","Shame","Acrobatics","Night Terror+1","CurseOfTheBell","Well Laid Plans","All Out Attack","Underhanded Strike","Riddle With Holes","Writhe"],"relics":["Philosopher\u0027s Stone","Vajra","Ancient Tea Set","Dream Catcher","Matryoshka","Busted Crown","Tough Bandages","Happy Flower","Eternal Feather","Paper Crane","Calling Bell","Akabeko","White Beast Statue","Turnip","Medical Kit"],"acts_visited":["Exordium","TheCity","TheBeyond"],"potions_floor_usage":[6,12,24,24,28,28,31,31,33,33,36,36,36,38,41,41],"damage_taken":[{"damage":0,"enemies":"2 Louse","floor":1,"turns":3},{"damage":0,"enemies":"Cultist","floor":5,"turns":3},{"damage":21,"enemies":"Gremlin Nob","floor":6,"turns":4},{"damage":15,"enemies":"3 Sentries","floor":8,"turns":8},{"damage":0,"enemies":"Small Slimes","floor":11,"turns":3},{"damage":46,"enemies":"Gremlin Nob","floor":12,"turns":4},{"damage":2,"enemies":"Looter","floor":13,"turns":3},{"damage":13,"enemies":"Hexaghost","floor":16,"turns":8},{"damage":0,"enemies":"Chosen","floor":18,"turns":3},{"damage":14,"enemies":"Shell Parasite","floor":19,"turns":3},{"damage":15,"enemies":"Centurion and Healer","floor":22,"turns":6},{"damage":5,"enemies":"Book of Stabbing","floor":24,"turns":4},{"damage":3,"enemies":"Snecko","floor":27,"turns":4},{"damage":18,"enemies":"Chosen and Byrds","floor":28,"turns":5},{"damage":6,"enemies":"Cultist and Chosen","floor":31,"turns":6},{"damage":40,"enemies":"Automaton","floor":33,"turns":10},{"damage":6,"enemies":"3 Shapes","floor":35,"turns":6},{"damage":41,"enemies":"3 Darklings","floor":36,"turns":6},{"damage":0,"enemies":"4 Shapes","floor":38,"turns":6},{"damage":68,"enemies":"Giant Head","floor":41,"turns":6}],"seed_played":"-3147696838814912476","potions_obtained":[{"floor":5,"key":"Ancient Potion"},{"floor":6,"key":"Regen Potion"},{"floor":13,"key":"GamblersBrew"},{"floor":22,"key":"Block Potion"},{"floor":28,"key":"Block Potion"},{"floor":31,"key":"Regen Potion"},{"floor":35,"key":"GhostInAJar"},{"floor":36,"key":"Block Potion"},{"floor":38,"key":"Fire Potion"}],"is_trial":false,"path_per_floor":["M","?","$","?","M","E","R","E","T","R","M","E","M","$","R","B",null,"M","M","?","$","M","R","E","?","T","M","M","R","?","M","R","B",null,"M","M","$","M","?","R","E"],"character_chosen":"THE_SILENT","items_purchased":["Blade Dance","Panache","Medical Kit","Underhanded Strike"],"campfire_rested":4,"item_purchase_floors":[3,14,37,37],"current_hp_per_floor":[59,48,48,48,48,27,46,31,31,50,50,18,16,16,35,22,55,55,41,41,41,26,45,40,66,66,63,45,60,60,54,66,26,56,50,24,24,24,37,58,0,0],"gold":23,"neow_bonus":"BOSS_RELIC","is_daily":false,"chose_seed":false,"campfire_upgraded":2,"win_rate":0.0,"timestamp":1611037591,"path_taken":["M","?","$","?","M","E","R","E","T","R","M","E","M","$","R","BOSS","M","?","?","$","M","R","E","?","T","?","M","R","?","M","R","BOSS","M","M","$","M","?","R","E"],"items_purchased_type":["Card","Card","Relic","Card"],"build_version":"2020-12-18","purchased_purges":2,"victory":false,"max_hp_per_floor":[66,66,66,66,66,66,66,66,66,66,66,66,66,66,66,66,66,66,66,66,66,66,66,66,66,66,66,66,66,66,66,66,66,66,66,66,66,66,66,66,66,66],"relic_stats":{"Dream Catcher":3,"Tough Bandages":[24],"Busted Crown":26,"Happy Flower":[16],"counters":[20,101],"Eternal Feather":48,"Turnip":[3],"Medical Kit":[0],"obtain_stats":[{"Happy Flower":26,"Vajra":6,"Eternal Feather":26,"Paper Crane":30,"Ancient Tea Set":8,"Medical Kit":37,"Akabeko":34,"White Beast Statue":34,"Calling Bell":34,"Dream Catcher":9,"Tough Bandages":24,"Matryoshka":12,"Busted Crown":17,"Philosopher\u0027s Stone":0,"Turnip":34,"Ring of the Snake":0},{"Happy Flower":12,"Vajra":3,"Eternal Feather":12,"Paper Crane":14,"Ancient Tea Set":4,"Medical Kit":18,"Akabeko":16,"White Beast Statue":16,"Calling Bell":16,"Dream Catcher":4,"Tough Bandages":12,"Matryoshka":6,"Busted Crown":8,"Philosopher\u0027s Stone":0,"Turnip":16,"Ring of the Snake":0},{"Happy Flower":52,"Vajra":10,"Eternal Feather":52,"Paper Crane":61,"Ancient Tea Set":18,"Medical Kit":89,"Akabeko":77,"White Beast Statue":77,"Calling Bell":77,"Dream Catcher":18,"Tough Bandages":52,"Matryoshka":25,"Busted Crown":36,"Philosopher\u0027s Stone":0,"Turnip":77,"Ring of the Snake":0}]},"card_choices":[{"not_picked":["Dodge and Roll","Dagger Throw"],"picked":"Blade Dance","floor":1},{"not_picked":["Prepared","Outmaneuver"],"picked":"Crippling Poison","floor":5},{"not_picked":["Choke","Dash"],"picked":"Cloak And Dagger","floor":6},{"not_picked":["Deflect","Bane"],"picked":"Dash","floor":8},{"not_picked":["Skewer","Acrobatics"],"picked":"Footwork","floor":10},{"not_picked":["Predator","Slice"],"picked":"Backflip","floor":11},{"not_picked":["Tactician","Dagger Spray"],"picked":"Bouncing Flask","floor":12},{"not_picked":["Tactician","Acrobatics"],"picked":"Skewer","floor":13},{"not_picked":["Bane","Backflip"],"picked":"Sucker Punch","floor":15},{"not_picked":["Unload","A Thousand Cuts"],"picked":"Bullet Time","floor":16},{"not_picked":[],"picked":"Cloak And Dagger","floor":18},{"not_picked":["Outmaneuver"],"picked":"SKIP","floor":19},{"not_picked":[],"picked":"Backstab","floor":22},{"not_picked":[],"picked":"Endless Agony","floor":23},{"not_picked":[],"picked":"Flechettes","floor":24},{"not_picked":[],"picked":"Escape Plan","floor":27},{"not_picked":[],"picked":"PiercingWail","floor":28},{"not_picked":[],"picked":"Acrobatics","floor":31},{"not_picked":[],"picked":"Night Terror","floor":33},{"not_picked":[],"picked":"Well Laid Plans","floor":35},{"not_picked":[],"picked":"All Out Attack","floor":36},{"not_picked":[],"picked":"Riddle With Holes","floor":38}],"player_experience":3220954,"relics_obtained":[{"floor":6,"key":"Vajra"},{"floor":8,"key":"Ancient Tea Set"},{"floor":9,"key":"Dream Catcher"},{"floor":12,"key":"Matryoshka"},{"floor":24,"key":"Tough Bandages"},{"floor":26,"key":"Happy Flower"},{"floor":26,"key":"Eternal Feather"},{"floor":34,"key":"Akabeko"},{"floor":34,"key":"White Beast Statue"},{"floor":34,"key":"Turnip"}],"event_choices":[{"damage_healed":0,"gold_gain":75,"player_choice":"Gather Gold","damage_taken":11,"max_hp_gain":0,"max_hp_loss":0,"event_name":"World of Goop","floor":2,"gold_loss":0},{"damage_healed":0,"gold_gain":0,"player_choice":"1 cards matched","damage_taken":0,"max_hp_gain":0,"max_hp_loss":0,"event_name":"Match and Keep!","floor":4,"gold_loss":0,"cards_obtained":["Infinite Blades"]},{"damage_healed":0,"gold_gain":0,"cards_transformed":["Strike_G","Strike_G"],"player_choice":"Became Test Subject","damage_taken":0,"max_hp_gain":0,"max_hp_loss":0,"event_name":"Drug Dealer","floor":20,"gold_loss":0,"cards_obtained":["Eviscerate","Venomology"]},{"cards_removed":["Flechettes"],"damage_healed":26,"gold_gain":0,"player_choice":"Offered Uncommon","damage_taken":0,"max_hp_gain":0,"max_hp_loss":0,"event_name":"Bonfire Elementals","floor":25,"gold_loss":0},{"damage_healed":0,"gold_gain":0,"player_choice":"Stole Relic","damage_taken":0,"relics_obtained":["Paper Crane"],"max_hp_gain":0,"max_hp_loss":0,"event_name":"Addict","floor":30,"gold_loss":0,"cards_obtained":["Shame"]},{"damage_healed":13,"gold_gain":0,"player_choice":"Writhe","damage_taken":0,"max_hp_gain":0,"max_hp_loss":0,"event_name":"Winding Halls","floor":39,"gold_loss":0,"cards_obtained":["Writhe"]}],"is_beta":true,"boss_relics":[{"not_picked":["Sozu","SacredBark"],"picked":"Busted Crown"},{"not_picked":["Coffee Dripper","Fusion Hammer"],"picked":"Calling Bell"}],"items_purged_floors":[3,21],"is_endless":false,"potions_floor_spawned":[5,6,13,22,28,31,35,36,38],"killed_by":"Giant Head","ascension_level":20}}