{"host":"ydg0vn0pu4pubmdt","time":1611095770,"event":{"mods":["AchievementEnabler","BaseMod","Colored Map","Gold Saver","Minty Spire (QoL Compilation)","Quick Restart","SuperFastMode"],"gold_per_floor":[658,658,658,677,344,359,359,392,392,119,134,284,284,100,100,177,177,190,190,201,201,51,51,83,83,106,131,151,165,165,199,199,271,271,281,60,60,10,10,10,40,40,40,40,54,54,69,101,101,101],"floor_reached":51,"language":"KOR","playtime":2056,"items_purged":["Strike_G","Strike_G","Doubt","Defend_G","Night Terror","Defend_G"],"score":1783,"play_id":"0ba23274-9ecb-4325-8c3c-ef8aca6a3924","local_time":"20210120073610","is_ascension_mode":true,"campfire_choices":[{"data":"Tactician","floor":7,"key":"SMITH"},{"data":"Dagger Spray","floor":13,"key":"SMITH"},{"data":"Calculated Gamble","floor":15,"key":"SMITH"},{"data":"Prepared","floor":23,"key":"SMITH"},{"data":"Acrobatics","floor":25,"key":"SMITH"},{"data":"Tactician","floor":32,"key":"SMITH"},{"data":"Adrenaline","floor":40,"key":"SMITH"},{"data":"Calculated Gamble","floor":42,"key":"SMITH"},{"data":"Acrobatics","floor":44,"key":"SMITH"},{"data":"Acrobatics","floor":46,"key":"SMITH"},{"data":"Flash of Steel","floor":49,"key":"SMITH"}],"circlet_count":0,"master_deck":["AscendersBane","Defend_G","Survivor","Neutralize","PiercingWail","Tactician+1","Blade Dance+1","Backflip","Grand Finale","Dagger Throw","Calculated Gamble+1","Acrobatics+1","After Image+1","Dagger Spray+1","Acrobatics+1","Prepared+1","Calculated Gamble+1","Tactician+1","Dash","Escape Plan","Adrenaline+1","Acrobatics+1","Master of Strategy","Master of Strategy","Flash of Steel+1","Blur"],"relics":["Ring of the Snake","Letter Opener","Frozen Egg 2","Runic Pyramid","Toy Ornithopter","Smiling Mask","Red Mask","Calipers","Black Star","TheAbacus","Turnip","Boot","PreservedInsect","Pen Nib","Dream Catcher"],"acts_visited":["Exordium","TheCity","TheBeyond"],"potions_floor_usage":[8],"damage_taken":[{"damage":2,"enemies":"Jaw Worm","floor":1,"turns":8},{"damage":0,"enemies":"2 Louse","floor":4,"turns":3},{"damage":1,"enemies":"Cultist","floor":6,"turns":4},{"damage":14,"enemies":"3 Sentries","floor":8,"turns":5},{"damage":3,"enemies":"Red Slaver","floor":11,"turns":4},{"damage":10,"enemies":"Hexaghost","floor":16,"turns":6},{"damage":16,"enemies":"2 Thieves","floor":18,"turns":3},{"damage":0,"enemies":"Spheric Guardian","floor":20,"turns":2},{"damage":0,"enemies":"Book of Stabbing","floor":24,"turns":3},{"damage":0,"enemies":"Masked Bandits","floor":27,"turns":1},{"damage":0,"enemies":"Shelled Parasite and Fungi","floor":28,"turns":2},{"damage":0,"enemies":"Centurion and Healer","floor":29,"turns":3},{"damage":0,"enemies":"Slavers","floor":31,"turns":2},{"damage":0,"enemies":"Collector","floor":33,"turns":3},{"damage":0,"enemies":"3 Darklings","floor":35,"turns":2},{"damage":0,"enemies":"Reptomancer","floor":41,"turns":1},{"damage":0,"enemies":"Orb Walker","floor":45,"turns":1},{"damage":0,"enemies":"Sphere and 2 Shapes","floor":47,"turns":1},{"damage":0,"enemies":"Giant Head","floor":48,"turns":2},{"damage":0,"enemies":"Time Eater","floor":50,"turns":9}],"seed_played":"7049132834462128020","potions_obtained":[{"floor":4,"key":"Regen Potion"},{"floor":16,"key":"Swift Potion"},{"floor":18,"key":"LiquidMemories"}],"is_trial":false,"path_per_floor":["M","?","?","M","$","M","R","E","T","$","M","?","R","$","R","B",null,"M","?","M","?","$","R","E","R","T","?","M","M","?","E","R","B",null,"M","$","?","$","?","R","E","R","T","R","M","R","M","E","R","B",null],"character_chosen":"THE_SILENT","items_purchased":["Grand Finale","Dagger Throw","Calculated Gamble","After Image+1","Acrobatics","TheAbacus"],"campfire_rested":0,"item_purchase_floors":[5,5,5,10,14,36],"current_hp_per_floor":[57,50,50,50,50,49,49,47,47,47,44,44,44,44,44,34,58,42,42,42,42,42,42,42,42,42,42,42,42,42,42,42,42,60,60,60,60,60,50,50,50,50,50,50,50,50,50,50,50,50],"gold":101,"neow_bonus":"TRANSFORM_TWO_CARDS","is_daily":false,"chose_seed":false,"campfire_upgraded":11,"win_rate":0.0,"timestamp":1611095770,"path_taken":["M","?","?","?","$","M","R","E","T","?","M","?","R","$","R","BOSS","M","?","M","?","$","R","E","R","T","?","M","M","?","E","R","BOSS","M","$","?","$","?","R","E","R","T","R","M","R","M","E","R","BOSS"],"items_purchased_type":["Card","Card","Card","Card","Card","Relic"],"build_version":"2020-12-22","purchased_purges":6,"victory":true,"max_hp_per_floor":[66,66,66,66,66,66,66,66,66,66,66,66,66,66,66,66,66,66,66,66,66,66,66,66,66,66,66,66,66,66,66,66,66,66,66,66,63,63,63,63,63,63,63,63,63,63,63,63,63,63],"card_choices":[{"not_picked":["Outmaneuver","Sucker Punch"],"picked":"Blade Dance","floor":1},{"not_picked":["Backstab","Dodge and Roll"],"picked":"Backflip","floor":4},{"not_picked":["Prepared","Leg Sweep"],"picked":"Acrobatics","floor":6},{"not_picked":["Blade Dance","Leg Sweep","Quick Slash"],"picked":"SKIP","floor":8},{"not_picked":["Terror","Prepared"],"picked":"Dagger Spray","floor":11},{"not_picked":["PiercingWail","Deadly Poison","Expertise"],"picked":"SKIP","floor":18},{"not_picked":["Predator","Bane+1"],"picked":"Calculated Gamble","floor":20},{"not_picked":["Blade Dance","Backflip","Flying Knee"],"picked":"SKIP","floor":24},{"not_picked":["Endless Agony","Backflip"],"picked":"Tactician","floor":27},{"not_picked":["Distraction","Outmaneuver","Flechettes"],"picked":"SKIP","floor":28},{"not_picked":["Sucker Punch","Die Die Die","Outmaneuver"],"picked":"SKIP","floor":29},{"not_picked":["Bane","Noxious Fumes+1"],"picked":"Escape Plan","floor":31},{"not_picked":["A Thousand Cuts+1","Doppelganger"],"picked":"Adrenaline","floor":33},{"not_picked":["Heel Hook","Backstab"],"picked":"Acrobatics","floor":35},{"not_picked":["Deep Breath","PanicButton"],"picked":"Master of Strategy","floor":39},{"not_picked":["Discovery","Purity"],"picked":"Master of Strategy","floor":39},{"not_picked":["Sadistic Nature+1","Dark Shackles"],"picked":"Flash of Steel","floor":39},{"not_picked":["Backstab","Bane"],"picked":"Blur","floor":41},{"not_picked":["Predator","Dodge and Roll","Deflect"],"picked":"SKIP","floor":45},{"not_picked":["Predator","Dodge and Roll","Deflect"],"picked":"SKIP","floor":45},{"not_picked":["Prepared+1","Crippling Poison","Sucker Punch"],"picked":"SKIP","floor":47},{"not_picked":["Crippling Poison","Tools of the Trade+1","Masterful Stab"],"picked":"SKIP","floor":48}],"player_experience":500599,"relics_obtained":[{"floor":8,"key":"Letter Opener"},{"floor":9,"key":"Frozen Egg 2"},{"floor":24,"key":"Toy Ornithopter"},{"floor":26,"key":"Smiling Mask"},{"floor":27,"key":"Red Mask"},{"floor":31,"key":"Calipers"},{"floor":41,"key":"Turnip"},{"floor":41,"key":"Boot"},{"floor":43,"key":"PreservedInsect"},{"floor":48,"key":"Pen Nib"},{"floor":48,"key":"Dream Catcher"}],"event_choices":[{"cards_removed":["Writhe"],"damage_healed":0,"gold_gain":0,"player_choice":"Card Removal","damage_taken":7,"max_hp_gain":0,"max_hp_loss":0,"event_name":"Golden Wing","floor":2,"gold_loss":0},{"damage_healed":0,"gold_gain":0,"player_choice":"Upgraded","damage_taken":0,"max_hp_gain":0,"max_hp_loss":0,"event_name":"Upgrade Shrine","floor":3,"gold_loss":0,"cards_upgraded":["Blade Dance"]},{"damage_healed":0,"gold_gain":150,"player_choice":"AGREE","damage_taken":0,"max_hp_gain":0,"max_hp_loss":0,"event_name":"Liars Game","floor":12,"gold_loss":0,"cards_obtained":["Doubt"]},{"damage_healed":0,"gold_gain":0,"player_choice":"Read","damage_taken":0,"max_hp_gain":0,"max_hp_loss":0,"event_name":"The Library","floor":19,"gold_loss":0,"cards_obtained":["Prepared"]},{"cards_removed":["Defend_G"],"damage_healed":0,"gold_gain":0,"player_choice":"Elegance","damage_taken":0,"max_hp_gain":0,"max_hp_loss":0,"event_name":"Back to Basics","floor":21,"gold_loss":0},{"damage_healed":0,"gold_gain":0,"player_choice":"Fought Bandits","damage_taken":0,"max_hp_gain":0,"max_hp_loss":0,"event_name":"Masked Bandits","floor":27,"gold_loss":0},{"damage_healed":0,"gold_gain":0,"cards_transformed":["Strike_G","Strike_G"],"player_choice":"Became Test Subject","damage_taken":0,"max_hp_gain":0,"max_hp_loss":0,"event_name":"Drug Dealer","floor":30,"gold_loss":0,"cards_obtained":["Dash","Night Terror"]},{"damage_healed":0,"gold_gain":0,"player_choice":"Max HP","damage_taken":0,"max_hp_gain":0,"max_hp_loss":3,"event_name":"Winding Halls","floor":37,"gold_loss":0},{"damage_healed":0,"gold_gain":0,"player_choice":"Memory 3","damage_taken":10,"max_hp_gain":0,"max_hp_loss":0,"event_name":"SensoryStone","floor":39,"gold_loss":0}],"is_beta":false,"boss_relics":[{"not_picked":["Runic Dome","SlaversCollar"],"picked":"Runic Pyramid"},{"not_picked":["Velvet Choker","Coffee Dripper"],"picked":"Black Star"}],"items_purged_floors":[5,10,14,22,36,38],"is_endless":false,"potions_floor_spawned":[4,16,18,27,29,41,48],"ascension_level":17}}