{"host":"y76clbnovzmw9ubx","time":1611100365,"event":{"mods":["AchievementEnabler","BaseMod","Minty Spire (QoL Compilation)","Permanent Neow","Relic Stats"],"gold_per_floor":[119,129,146,10,21,21,48,48,48,83,99,64,77,96,96,170,170,185,203,203,203,253,284,284,316,342,382,394,417,31,31,31,105,105,120,120,137,155,155,155],"floor_reached":39,"language":"ENG","playtime":2256,"items_purged":["Concentrate+1"],"score":952,"play_id":"bfef7700-9e05-4558-8234-7a2a9c694aa9","local_time":"20210119185245","is_ascension_mode":true,"campfire_choices":[{"data":"Envenom","floor":6.0,"key":"SMITH"},{"floor":8.0,"key":"REST"},{"data":"Wraith Form v2","floor":15.0,"key":"SMITH"},{"floor":24.0,"key":"REST"},{"floor":28.0,"key":"REST"},{"data":"Apotheosis","floor":32.0,"key":"SMITH"}],"circlet_count":0,"master_deck":["AscendersBane","Defend_G","Defend_G","Defend_G","Defend_G","Defend_G","Survivor","Neutralize","Envenom+1","Endless Agony","Flechettes","Wraith Form v2+1","Slice","Blade Dance","Bullet Time","Flying Knee","Cloak And Dagger","Dagger Spray","Finisher","Infinite Blades","A Thousand Cuts","Predator+1","Infinite Blades+1","Escape Plan+1","PiercingWail+1","Choke","Noxious Fumes","Caltrops","Footwork","Infinite Blades","PiercingWail","Blade Dance","Apotheosis+1","Infinite Blades","Finesse","Wraith Form v2","Expertise+1","Catalyst"],"relics":["Ring of the Snake","Dream Catcher","Mummified Hand","TungstenRod","Astrolabe","Regal Pillow","Matryoshka","Pantograph","MawBank","White Beast Statue","Cursed Key"],"acts_visited":["Exordium","TheCity","TheBeyond"],"potions_floor_usage":[33,35,39],"damage_taken":[{"damage":0.0,"enemies":"Cultist","floor":1.0,"turns":4.0},{"damage":0.0,"enemies":"2 Louse","floor":2.0,"turns":4.0},{"damage":4.0,"enemies":"Jaw Worm","floor":3.0,"turns":4.0},{"damage":1.0,"enemies":"2 Fungi Beasts","floor":5.0,"turns":4.0},{"damage":24.0,"enemies":"Lagavulin","floor":7.0,"turns":8.0},{"damage":15.0,"enemies":"3 Sentries","floor":10.0,"turns":6.0},{"damage":0.0,"enemies":"Blue Slaver","floor":11.0,"turns":4.0},{"damage":0.0,"enemies":"Exordium Wildlife","floor":13.0,"turns":3.0},{"damage":2.0,"enemies":"Large Slime","floor":14.0,"turns":5.0},{"damage":6.0,"enemies":"Slime Boss","floor":16.0,"turns":6.0},{"damage":23.0,"enemies":"Chosen","floor":18.0,"turns":4.0},{"damage":0.0,"enemies":"Spheric Guardian","floor":19.0,"turns":4.0},{"damage":18.0,"enemies":"Slavers","floor":23.0,"turns":4.0},{"damage":20.0,"enemies":"Gremlin Leader","floor":25.0,"turns":5.0},{"damage":22.0,"enemies":"Book of Stabbing","floor":27.0,"turns":5.0},{"damage":0.0,"enemies":"Centurion and Healer","floor":29.0,"turns":6.0},{"damage":29,"enemies":"Champ","floor":33,"turns":7},{"damage":4,"enemies":"3 Shapes","floor":35,"turns":2},{"damage":47,"enemies":"3 Darklings","floor":37,"turns":4},{"damage":2,"enemies":"4 Shapes","floor":38,"turns":7},{"damage":21,"enemies":"Jaw Worm Horde","floor":39,"turns":2}],"seed_played":"5347988173444064130","potions_obtained":[{"floor":1.0,"key":"Fire Potion"},{"floor":7.0,"key":"SpeedPotion"},{"floor":10.0,"key":"Block Potion"},{"floor":11.0,"key":"Fire Potion"},{"floor":18.0,"key":"CultistPotion"},{"floor":27.0,"key":"SkillPotion"},{"floor":29.0,"key":"AttackPotion"},{"floor":33,"key":"BlessingOfTheForge"},{"floor":35,"key":"Ancient Potion"},{"floor":38,"key":"Regen Potion"}],"is_trial":false,"path_per_floor":["M","M","M","$","M","R","E","R","T","E","M","?","M","M","R","B",null,"M","M","?","?","T","E","R","E","T","E","R","M","$","$","R","B",null,"M","?","M","M","M"],"character_chosen":"THE_SILENT","items_purchased":["Wraith Form v2","Slice","Apotheosis","Infinite Blades","Finesse"],"campfire_rested":3,"item_purchase_floors":[4,4,30,30,30],"current_hp_per_floor":[59,59,55,55,54,54,30,49,49,34,34,50,50,48,48,42,60,37,37,37,37,37,19,53,33,33,11,45,45,45,45,45,37,59,55,55,8,6,0,0],"gold":155,"neow_bonus":"ONE_RANDOM_RARE_CARD","is_daily":false,"chose_seed":false,"campfire_upgraded":3,"win_rate":0.0,"timestamp":1611100365,"path_taken":["M","M","M","$","?","R","E","R","T","E","M","?","M","M","R","BOSS","M","M","?","?","?","E","R","E","T","E","R","M","?","$","R","BOSS","M","?","M","M","M"],"items_purchased_type":["Card","Card","Card","Card","Card"],"build_version":"2020-12-22","purchased_purges":1,"victory":false,"max_hp_per_floor":[66,66,66,66,66,66,66,66,66,66,66,66,66,66,66,66,66,66,66,66,66,66,66,66,66,66,66,66,66,66,66,66,66,66,66,63,63,63,63,63],"relic_stats":{"Dream Catcher":3,"Regal Pillow":30,"counters":[21,98],"Mummified Hand":[72],"Astrolabe":["Predator","Concentrate","Infinite Blades"],"Pantograph":21,"MawBank":48,"Cursed Key":0,"obtain_stats":[{"Dream Catcher":7,"Regal Pillow":22,"Matryoshka":23,"Mummified Hand":9,"Astrolabe":17,"Pantograph":25,"MawBank":26,"Cursed Key":34,"TungstenRod":10,"White Beast Statue":27,"Ring of the Snake":0},{"Dream Catcher":5,"Regal Pillow":12,"Matryoshka":13,"Mummified Hand":5,"Astrolabe":10,"Pantograph":14,"MawBank":14,"Cursed Key":17,"TungstenRod":6,"White Beast Statue":15,"Ring of the Snake":0},{"Dream Catcher":24,"Regal Pillow":56,"Matryoshka":60,"Mummified Hand":24,"Astrolabe":48,"Pantograph":65,"MawBank":65,"Cursed Key":83,"TungstenRod":30,"White Beast Statue":70,"Ring of the Snake":0}],"TungstenRod":35,"Ring of the Snake":[43]},"card_choices":[{"not_picked":["Crippling Poison","Underhanded Strike","Backflip"],"picked":"SKIP","floor":1.0},{"not_picked":["Cloak And Dagger","Underhanded Strike"],"picked":"Endless Agony","floor":2.0},{"not_picked":["Tactician","Choke"],"picked":"Flechettes","floor":3.0},{"not_picked":["Poisoned Stab","Cloak And Dagger"],"picked":"Blade Dance","floor":5.0},{"not_picked":["Slice","Flying Knee"],"picked":"Bullet Time","floor":7.0},{"not_picked":["Distraction","Deflect"],"picked":"Flying Knee","floor":8.0},{"not_picked":["Deadly Poison","Sucker Punch"],"picked":"Cloak And Dagger","floor":10.0},{"not_picked":["Underhanded Strike","Cloak And Dagger"],"picked":"Dagger Spray","floor":11.0},{"not_picked":["Blade Dance","Skewer"],"picked":"Finisher","floor":13.0},{"not_picked":["Setup","Calculated Gamble"],"picked":"Infinite Blades","floor":14.0},{"not_picked":["Wraith Form v2","Glass Knife"],"picked":"A Thousand Cuts","floor":16.0},{"not_picked":["Terror","Choke"],"picked":"Escape Plan+1","floor":18.0},{"not_picked":["Deadly Poison","Cloak And Dagger"],"picked":"PiercingWail+1","floor":19.0},{"not_picked":["Sucker Punch","Prepared"],"picked":"Caltrops","floor":23.0},{"not_picked":["Deflect","Bullet Time"],"picked":"Footwork","floor":24.0},{"not_picked":["Backstab","Bullet Time"],"picked":"Infinite Blades","floor":25.0},{"not_picked":["Riddle With Holes","Underhanded Strike","Grand Finale"],"picked":"SKIP","floor":27.0},{"not_picked":["Dash","Flechettes"],"picked":"PiercingWail","floor":28.0},{"not_picked":["Dagger Spray","Dash+1"],"picked":"Blade Dance","floor":29.0},{"not_picked":["Envenom","Doppelganger"],"picked":"Wraith Form v2","floor":33},{"not_picked":["Reflex","Poisoned Stab+1"],"picked":"Expertise+1","floor":35},{"not_picked":["Eviscerate","Skewer"],"picked":"Catalyst","floor":37},{"not_picked":["PiercingWail","Bane","Blade Dance"],"picked":"SKIP","floor":38}],"player_experience":3087040,"relics_obtained":[{"floor":7.0,"key":"Dream Catcher"},{"floor":9.0,"key":"Mummified Hand"},{"floor":10.0,"key":"TungstenRod"},{"floor":22.0,"key":"Regal Pillow"},{"floor":23.0,"key":"Matryoshka"},{"floor":25.0,"key":"Pantograph"},{"floor":26.0,"key":"MawBank"},{"floor":27.0,"key":"White Beast Statue"}],"event_choices":[{"damage_healed":16.0,"max_hp_gain":0.0,"max_hp_loss":0.0,"gold_gain":0.0,"event_name":"The Cleric","player_choice":"Healed","floor":12.0,"gold_loss":35.0,"damage_taken":0.0},{"damage_healed":0.0,"max_hp_gain":0.0,"max_hp_loss":0.0,"gold_gain":0.0,"event_name":"The Mausoleum","player_choice":"Ignored","floor":20.0,"gold_loss":0.0,"damage_taken":0.0},{"damage_healed":0.0,"max_hp_gain":0.0,"max_hp_loss":0.0,"gold_gain":0.0,"cards_transformed":["Strike_G","Strike_G"],"event_name":"Drug Dealer","player_choice":"Became Test Subject","floor":21.0,"gold_loss":0.0,"damage_taken":0.0,"cards_obtained":["Choke","Noxious Fumes"]},{"damage_healed":0,"gold_gain":0,"player_choice":"Max HP","damage_taken":0,"max_hp_gain":0,"max_hp_loss":3,"event_name":"Winding Halls","floor":36,"gold_loss":0}],"is_beta":false,"boss_relics":[{"not_picked":["Runic Pyramid","Fusion Hammer"],"picked":"Astrolabe"},{"not_picked":["Velvet Choker","Snecko Eye"],"picked":"Cursed Key"}],"items_purged_floors":[30],"is_endless":false,"potions_floor_spawned":[1,7,10,11,18,27,29,33,35,37,38],"killed_by":"Jaw Worm Horde","ascension_level":20}}