{"host":"l5xpox9cbdko122s","time":1611072482,"event":{"mods":["BaseMod","Minty Spire (QoL Compilation)"],"gold_per_floor":[209,209,221,221,234,244,258,275,275,307,325,358,358,374,374,477,477,488,523,523,448,150,150,150,150,173,183,183,199,199,230,230,332,332,351,366,366,588,638,638,638,638,663,675,675,704,163,175,175,175,175],"floor_reached":50,"language":"ENG","playtime":2086,"items_purged":[],"score":550,"play_id":"146a0bbb-6424-48da-bb38-f55d1ce552c7","local_time":"20210119110802","is_ascension_mode":false,"campfire_choices":[{"floor":13,"key":"RECALL"},{"floor":15,"key":"REST"},{"data":"Limit Break","floor":23,"key":"SMITH"},{"data":"Perfected Strike","floor":25,"key":"SMITH"},{"data":"Flex","floor":30,"key":"SMITH"},{"floor":32,"key":"REST"},{"floor":40,"key":"REST"},{"floor":42,"key":"REST"},{"floor":45,"key":"REST"},{"floor":49,"key":"REST"}],"circlet_count":0,"master_deck":["Strike_R+1","Strike_R+1","Strike_R+1","Strike_R+1","Defend_R+1","Defend_R+1","Defend_R+1","Inflame+1","Perfected Strike+1","Flex+1","Limit Break+1","Flex+1"],"relics":["Black Blood","StoneCalendar","InkBottle","Sozu","Red Mask","Lantern","Brimstone","Boot","Charon\u0027s Ashes","Calipers","Potion Belt","StrikeDummy","Regal Pillow","HandDrill","HornCleat"],"acts_visited":["Exordium","TheCity","TheBeyond"],"potions_floor_usage":[5,11,12,16,19],"damage_taken":[{"damage":3,"enemies":"Small Slimes","floor":1,"turns":3},{"damage":16,"enemies":"2 Louse","floor":3,"turns":3},{"damage":1,"enemies":"Cultist","floor":5,"turns":3},{"damage":7,"enemies":"Looter","floor":6,"turns":4},{"damage":5,"enemies":"2 Fungi Beasts","floor":7,"turns":3},{"damage":0,"enemies":"Large Slime","floor":8,"turns":4},{"damage":46,"enemies":"3 Sentries","floor":10,"turns":9},{"damage":5,"enemies":"Exordium Thugs","floor":11,"turns":2},{"damage":17,"enemies":"Gremlin Nob","floor":12,"turns":4},{"damage":9,"enemies":"Blue Slaver","floor":14,"turns":3},{"damage":69,"enemies":"Hexaghost","floor":16,"turns":8},{"damage":0,"enemies":"Chosen","floor":18,"turns":3},{"damage":24,"enemies":"Masked Bandits","floor":19,"turns":4},{"damage":5,"enemies":"3 Byrds","floor":27,"turns":4},{"damage":6,"enemies":"Centurion and Healer","floor":29,"turns":3},{"damage":39,"enemies":"Slavers","floor":31,"turns":5},{"damage":41,"enemies":"Collector","floor":33,"turns":5},{"damage":0,"enemies":"3 Shapes","floor":35,"turns":3},{"damage":15,"enemies":"Orb Walker","floor":36,"turns":3},{"damage":62,"enemies":"2 Orb Walkers","floor":39,"turns":5},{"damage":17,"enemies":"4 Shapes","floor":44,"turns":4},{"damage":42,"enemies":"Reptomancer","floor":46,"turns":5},{"damage":0,"enemies":"Transient","floor":48,"turns":5},{"damage":92,"enemies":"Awakened One","floor":50,"turns":5}],"seed_played":"6069274102281303614","potions_obtained":[{"floor":1,"key":"GamblersBrew"},{"floor":10,"key":"AttackPotion"},{"floor":11,"key":"BloodPotion"},{"floor":14,"key":"Regen Potion"},{"floor":16,"key":"SkillPotion"}],"is_trial":false,"path_per_floor":["M","?","M","?","M","M","M","M","T","E","M","E","R","M","R","B",null,"M","?","?","?","$","R","?","R","T","M","?","M","R","E","R","B",null,"M","M","$","?","?","R","?","R","T","M","R","E","$","M","R","B"],"character_chosen":"IRONCLAD","items_purchased":["Lantern","Brimstone","Regal Pillow","HandDrill","HornCleat"],"campfire_rested":6,"item_purchase_floors":[22,22,47,47,47],"current_hp_per_floor":[80,73,63,63,68,67,68,74,74,34,35,40,40,37,61,13,80,80,62,62,62,62,62,80,80,80,80,65,65,65,32,57,22,85,85,82,82,82,32,57,57,82,82,77,85,55,55,67,85,0,0],"gold":175,"neow_bonus":"HUNDRED_GOLD","is_daily":false,"chose_seed":false,"campfire_upgraded":3,"win_rate":0.0,"timestamp":1611072482,"path_taken":["M","?","M","?","M","M","?","M","T","E","M","E","R","M","R","BOSS","M","?","?","?","$","R","?","R","T","?","?","M","R","E","R","BOSS","M","M","$","?","?","R","?","R","T","M","R","E","$","M","R","BOSS"],"items_purchased_type":["Relic","Relic","Relic","Relic","Relic"],"build_version":"2020-12-22","purchased_purges":0,"victory":false,"max_hp_per_floor":[80,80,80,80,80,80,80,80,80,80,80,80,80,80,80,80,80,80,80,80,80,80,80,80,80,80,80,85,85,85,85,85,85,85,85,85,85,85,85,85,85,85,85,85,85,85,85,85,85,85,85],"card_choices":[{"not_picked":["Body Slam","Shrug It Off"],"picked":"Inflame","floor":1},{"not_picked":["Warcry","Shrug It Off","Feel No Pain"],"picked":"SKIP","floor":3},{"not_picked":["Clothesline","Armaments","Pummel"],"picked":"SKIP","floor":5},{"not_picked":["Cleave","Dual Wield"],"picked":"Perfected Strike","floor":6},{"not_picked":["Clash","True Grit","Metallicize"],"picked":"SKIP","floor":7},{"not_picked":["Rage","Reaper","Whirlwind"],"picked":"SKIP","floor":8},{"not_picked":["Disarm","Sword Boomerang","Immolate"],"picked":"SKIP","floor":10},{"not_picked":["Shrug It Off","Dark Embrace","Ghostly Armor"],"picked":"SKIP","floor":11},{"not_picked":["Iron Wave","Anger","Dark Embrace"],"picked":"SKIP","floor":12},{"not_picked":["True Grit","Power Through"],"picked":"Flex","floor":14},{"not_picked":["Corruption","Barricade"],"picked":"Limit Break","floor":16},{"not_picked":["Combust","Twin Strike","Warcry"],"picked":"SKIP","floor":18},{"not_picked":["True Grit","Twin Strike","Pommel Strike"],"picked":"SKIP","floor":27},{"not_picked":["Armaments+1","Thunderclap","Twin Strike+1"],"picked":"SKIP","floor":29},{"not_picked":["Shrug It Off+1","Iron Wave","Feel No Pain"],"picked":"SKIP","floor":31},{"not_picked":["Anger","Carnage+1"],"picked":"Flex+1","floor":35},{"not_picked":["Dark Embrace","Shrug It Off+1","Cleave"],"picked":"SKIP","floor":36},{"not_picked":["Combust+1","Anger+1","Intimidate"],"picked":"SKIP","floor":44},{"not_picked":["Rage+1","Sword Boomerang+1","Wild Strike"],"picked":"SKIP","floor":46},{"not_picked":["Fire Breathing+1","Headbutt","True Grit+1"],"picked":"SKIP","floor":48}],"player_experience":131062,"relics_obtained":[{"floor":10,"key":"StoneCalendar"},{"floor":12,"key":"InkBottle"},{"floor":19,"key":"Red Mask"},{"floor":26,"key":"Boot"},{"floor":31,"key":"Charon\u0027s Ashes"},{"floor":39,"key":"Calipers"},{"floor":43,"key":"Potion Belt"},{"floor":46,"key":"StrikeDummy"}],"event_choices":[{"cards_removed":["Defend_R"],"damage_healed":0,"gold_gain":0,"player_choice":"Card Removal","damage_taken":7,"max_hp_gain":0,"max_hp_loss":0,"event_name":"Golden Wing","floor":2,"gold_loss":0},{"damage_healed":0,"gold_gain":0,"player_choice":"Forge","damage_taken":0,"max_hp_gain":0,"max_hp_loss":0,"event_name":"Accursed Blacksmith","floor":4,"gold_loss":0,"cards_upgraded":["Inflame"]},{"damage_healed":0,"gold_gain":0,"player_choice":"Fought Bandits","damage_taken":0,"max_hp_gain":0,"max_hp_loss":0,"event_name":"Masked Bandits","floor":19,"gold_loss":0},{"damage_healed":0,"gold_gain":0,"player_choice":"Simplicity","damage_taken":0,"max_hp_gain":0,"max_hp_loss":0,"event_name":"Back to Basics","floor":20,"gold_loss":0,"cards_upgraded":["Strike_R","Strike_R","Strike_R","Strike_R","Strike_R","Defend_R","Defend_R","Defend_R"]},{"cards_removed":["Bash"],"damage_healed":0,"gold_gain":0,"player_choice":"Gave Gold","damage_taken":0,"max_hp_gain":0,"max_hp_loss":0,"event_name":"Beggar","floor":21,"gold_loss":75},{"damage_healed":26,"gold_gain":0,"player_choice":"Heal","damage_taken":0,"max_hp_gain":0,"max_hp_loss":0,"event_name":"The Library","floor":24,"gold_loss":0},{"damage_healed":0,"gold_gain":0,"player_choice":"Shed Blood","damage_taken":20,"max_hp_gain":5,"max_hp_loss":0,"event_name":"Forgotten Altar","floor":28,"gold_loss":0},{"damage_healed":0,"gold_gain":222,"player_choice":"Wore Mask","damage_taken":0,"max_hp_gain":0,"max_hp_loss":0,"event_name":"Tomb of Lord Red Mask","floor":38,"gold_loss":0},{"damage_healed":0,"gold_gain":0,"player_choice":"Fight","damage_taken":0,"max_hp_gain":0,"max_hp_loss":0,"event_name":"Mysterious Sphere","floor":39,"gold_loss":0},{"cards_removed":["Strike_R"],"damage_healed":0,"gold_gain":0,"player_choice":"Offered Basic","damage_taken":0,"max_hp_gain":0,"max_hp_loss":0,"event_name":"Bonfire Elementals","floor":41,"gold_loss":0}],"is_beta":false,"boss_relics":[{"not_picked":["Snecko Eye","Philosopher\u0027s Stone"],"picked":"Sozu"},{"not_picked":["Runic Pyramid","Empty Cage"],"picked":"Black Blood"}],"items_purged_floors":[],"is_endless":false,"potions_floor_spawned":[1,10,11,14,16,18,27,31,35,39,46,48],"killed_by":"Awakened One","ascension_level":0}}