{"host":"cxvb37eaaiijvrl4","time":1611048803,"event":{"mods":["ATMod(°¢èªMod)","BaseMod","Better Third Choice","Minty Spire (QoL Compilation)","MostiFishMod","Quick Restart","Rare Cards Sparkle","Shop Mod","Spicy Shops","StSLib","TestMod","Uncapped","²ÐÁôÖ®Îï"],"gold_per_floor":[116,134,134,19,37,66,66,102,102,137,37,58,69,69,69,146,146,161,179,179,203,215,249,265,300,300,352,418,418,418,490,490,644,644,791,830,830,979,1023,1076,1076,1115,1138,582,647,692,205,355,355,380,511,511,511,148,235,269],"floor_reached":57,"language":"ZHS","playtime":1566,"items_purged":["Defend_P","Strike_P","Vigilance","Defend_P","Prostrate+1","MostiFishMod:StarWish"],"score":3671,"play_id":"94aca2fc-e8dd-4902-85fe-a1e11799b306","local_time":"20210119013323","is_ascension_mode":true,"campfire_choices":[{"data":"AT_KingSlayer","floor":7.0,"key":"SMITH"},{"data":"Prostrate","floor":15.0,"key":"SMITH"},{"data":"MostiFishMod:Speedup","floor":29.0,"key":"SMITH"},{"data":"TalkToTheHand","floor":32.0,"key":"SMITH"},{"data":"MostiFishMod:StarHerder","floor":41.0,"key":"SMITH"},{"floor":49.0,"key":"RECALL"},{"data":"Adaptation","floor":53.0,"key":"SMITH"}],"circlet_count":0,"master_deck":["AscendersBane","AT_KingSlayer+1","Tantrum","TalkToTheHand+1","MostiFishMod:StarHerder+1","MostiFishMod:Speedup+1","Ghostly","Ghostly","Ghostly","Sanctity","FearNoEvil+1","DeusExMachina+1","TalkToTheHand+1","Adaptation+1"],"relics":["testmod-TestBox","DaveBox","AT_ATBox","RhineSuit","testmod-Temperance","testmod-DeterminationOfClimber","SynthV:TestCard","Oddly Smooth Stone","Ginger","Pantograph","Girya","testmod-StringDisintegrator","AT_EbonyIvory","AT_MibuBalloonWealth","Molten Egg 2","Toxic Egg 2","VioletLotus","testmod-BalancedPeriapt","Blood Vial","Medical Kit","Bottled Tornado","Anchor","TheAbacus","Vajra","Happy Flower"],"acts_visited":["Exordium","TheCity","TheBeyond","TheEnding"],"potions_floor_usage":[56,56],"damage_taken":[{"damage":0.0,"enemies":"Jaw Worm","floor":1.0,"turns":3.0},{"damage":0.0,"enemies":"Cultist","floor":2.0,"turns":2.0},{"damage":0.0,"enemies":"2 Louse","floor":5.0,"turns":2.0},{"damage":5.0,"enemies":"3 Sentries","floor":6.0,"turns":3.0},{"damage":0.0,"enemies":"Gremlin Nob","floor":8.0,"turns":2.0},{"damage":0.0,"enemies":"3 Sentries","floor":10.0,"turns":2.0},{"damage":0.0,"enemies":"Lots of Slimes","floor":12.0,"turns":3.0},{"damage":0.0,"enemies":"Blue Slaver","floor":13.0,"turns":1.0},{"damage":0.0,"enemies":"Slime Boss","floor":16.0,"turns":1.0},{"damage":0.0,"enemies":"Chosen","floor":18.0,"turns":2.0},{"damage":0.0,"enemies":"Spheric Guardian","floor":19.0,"turns":2.0},{"damage":4.0,"enemies":"Chosen and Byrds","floor":21.0,"turns":3.0},{"damage":0.0,"enemies":"Snake Plant","floor":22.0,"turns":2.0},{"damage":4.0,"enemies":"Gremlin Leader","floor":23.0,"turns":3.0},{"damage":1.0,"enemies":"Cultist and Chosen","floor":24.0,"turns":4.0},{"damage":0.0,"enemies":"Slavers","floor":25.0,"turns":3.0},{"damage":0.0,"enemies":"Book of Stabbing","floor":27.0,"turns":2.0},{"damage":0.0,"enemies":"Shelled Parasite and Fungi","floor":28.0,"turns":1.0},{"damage":0.0,"enemies":"Centurion and Healer","floor":31.0,"turns":2.0},{"damage":0.0,"enemies":"Collector","floor":33.0,"turns":2.0},{"damage":3.0,"enemies":"3 Darklings","floor":35.0,"turns":2.0},{"damage":0.0,"enemies":"Orb Walker","floor":36.0,"turns":1.0},{"damage":0.0,"enemies":"3 Darklings","floor":38.0,"turns":3.0},{"damage":0.0,"enemies":"Transient","floor":39.0,"turns":2.0},{"damage":0.0,"enemies":"Giant Head","floor":40.0,"turns":1.0},{"damage":0.0,"enemies":"Maw","floor":42.0,"turns":1.0},{"damage":0.0,"enemies":"Nemesis","floor":45.0,"turns":3.0},{"damage":0.0,"enemies":"Writhing Mass","floor":46.0,"turns":2.0},{"damage":0.0,"enemies":"3 Darklings","floor":48.0,"turns":2.0},{"damage":0.0,"enemies":"Time Eater","floor":50.0,"turns":1.0},{"damage":0.0,"enemies":"Awakened One","floor":51.0,"turns":3.0},{"damage":0.0,"enemies":"Shield and Spear","floor":55.0,"turns":2.0},{"damage":0,"enemies":"The Heart","floor":56,"turns":5}],"seed_played":"5672224060294174270","potions_obtained":[{"floor":5.0,"key":"Swift Potion"},{"floor":13.0,"key":"BottledMiracle"},{"floor":38.0,"key":"PowerPotion"}],"is_trial":false,"path_per_floor":["M","M","?","$","M","E","R","E","T","E","$","M","M","?","R","B",null,"M","M","?","M","M","E","M","E","T","E","M","R","T","M","R","B",null,"M","M","?","M","M","E","R","M","T","$","E","M","$","M","R","B","B",null,"R","$","E","B",null],"character_chosen":"WATCHER","items_purchased":["Tantrum","Medical Kit","Bottled Tornado","TheAbacus","Vajra"],"campfire_rested":0,"item_purchase_floors":[4,44,44,47,54],"current_hp_per_floor":[62,62,62,62,63,59,59,60,60,61,61,64,64,60,60,68,68,68,68,34,31,32,30,32,34,34,34,34,34,34,34,34,34,34,34,34,32,32,32,32,32,32,32,32,32,32,32,32,32,32,32,32,32,32,32,32],"gold":269,"neow_bonus":"BOSS_RELIC","is_daily":false,"chose_seed":false,"campfire_upgraded":6,"win_rate":0.0,"timestamp":1611048803,"path_taken":["M","M","?","?","M","E","R","E","T","E","$","M","M","?","R","BOSS","M","?","?","M","M","E","M","E","T","E","M","R","?","M","R","BOSS","M","M","?","M","M","E","R","M","T","$","E","M","$","M","R","BOSS","BOSS","R","$","E","BOSS"],"items_purchased_type":["Card","Relic","Relic","Relic","Relic"],"build_version":"2020-12-22","purchased_purges":6,"victory":true,"max_hp_per_floor":[68,68,68,68,68,68,68,68,68,68,68,68,68,68,68,68,68,68,68,34,34,34,34,34,34,34,34,34,34,34,34,34,34,34,34,34,32,32,32,32,32,32,32,32,32,32,32,32,32,32,32,32,32,32,32,32],"card_choices":[{"not_picked":["FollowUp","CrushJoints"],"picked":"Prostrate","floor":1.0},{"not_picked":["EmptyMind","Consecrate","Study","ThirdEye","Prostrate"],"picked":"SKIP","floor":2.0},{"not_picked":["CarveReality","Study","ThirdEye","Halt"],"picked":"MostiFishMod:StarWish","floor":5.0},{"not_picked":["ForeignInfluence","CutThroughFate","AT_OneInchPunch","EmptyFist","SashWhip"],"picked":"SKIP","floor":6.0},{"not_picked":["PathToVictory","Evaluate","JustLucky","Consecrate","Conclude"],"picked":"SKIP","floor":8.0},{"not_picked":["Protect","Halt","Indignation","Consecrate","AT_RealFormLess"],"picked":"SKIP","floor":10.0},{"not_picked":["LikeWater","Halt","Consecrate","FollowUp","Evaluate"],"picked":"SKIP","floor":12.0},{"not_picked":["AT_DivineConfetti","Prostrate","Crescendo","BowlingBash"],"picked":"TalkToTheHand","floor":13.0},{"not_picked":["Wish","Omniscience","MostiFishMod:StarWish","MostiFishMod:Disappear"],"picked":"MostiFishMod:StarHerder","floor":16.0},{"not_picked":["FlurryOfBlows","Protect+1","Halt","BowlingBash"],"picked":"MostiFishMod:Speedup","floor":18.0},{"not_picked":["Nirvana","Evaluate","Consecrate","BowlingBash","JustLucky"],"picked":"SKIP","floor":19.0},{"not_picked":["Nirvana","Evaluate","Consecrate","BowlingBash","JustLucky"],"picked":"SKIP","floor":19.0},{"not_picked":["CrushJoints","Evaluate+1","AT_ChampionStep","Study","MentalFortress"],"picked":"SKIP","floor":21.0},{"not_picked":["Consecrate","EmptyBody","MostiFishMod:LegendTransform","Worship","MentalFortress"],"picked":"SKIP","floor":22.0},{"not_picked":["CutThroughFate","AT_MachinaRedman","MostiFishMod:LegendTransform","Perseverance","Meditate"],"picked":"SKIP","floor":23.0},{"not_picked":["Protect","Indignation+1","EmptyMind","FlyingSleeves"],"picked":"Sanctity","floor":24.0},{"not_picked":["Indignation","CrushJoints","Halt","EmptyFist","JustLucky"],"picked":"SKIP","floor":25.0},{"not_picked":["PathToVictory+1","Devotion","SignatureMove+1","CrushJoints+1","FollowUp+1"],"picked":"SKIP","floor":27.0},{"not_picked":["WaveOfTheHand","SandsOfTime+1","JustLucky+1","EmptyMind"],"picked":"FearNoEvil+1","floor":28.0},{"not_picked":["Prostrate+1","ClearTheMind+1","Halt+1","FollowUp+1","PathToVictory+1"],"picked":"SKIP","floor":31.0},{"not_picked":["Omniscience+1","SpiritShield+1","DevaForm","MostiFishMod:KamiSmash+1"],"picked":"DeusExMachina+1","floor":33.0},{"not_picked":["Crescendo+1","MostiFishMod:Speedup","Evaluate+1","Weave+1"],"picked":"TalkToTheHand+1","floor":35.0},{"not_picked":["Crescendo+1","Consecrate+1","ThirdEye+1","Evaluate+1","Nirvana"],"picked":"SKIP","floor":36.0},{"not_picked":["WindmillStrike+1","Prostrate+1","ClearTheMind+1","Alpha+1","EmptyFist+1"],"picked":"SKIP","floor":38.0},{"not_picked":["WheelKick+1","ThirdEye+1","FollowUp+1","Consecrate+1","Crescendo+1"],"picked":"SKIP","floor":39.0},{"not_picked":["Worship+1","InnerPeace+1","ClearTheMind+1","WheelKick+1","Conclude+1"],"picked":"SKIP","floor":40.0},{"not_picked":["MostiFishMod:Minus+1","EmptyBody+1","Evaluate+1","Conclude+1","Prostrate+1"],"picked":"SKIP","floor":42.0},{"not_picked":["MostiFishMod:StarWish+1","Consecrate+1","FlyingSleeves+1","ClearTheMind+1"],"picked":"Adaptation","floor":45.0},{"not_picked":["CrushJoints+1","Protect+1","EmptyBody+1","SashWhip+1","ThirdEye+1"],"picked":"SKIP","floor":46.0},{"not_picked":["Consecrate+1","ClearTheMind+1","JustLucky+1","Worship+1","Nirvana"],"picked":"SKIP","floor":48.0},{"not_picked":["ClearTheMind+1","ThirdEye+1","MostiFishMod:Nomercy","AT_SoftenMuscles+1","MostiFishMod:KamiSmash+1"],"picked":"SKIP","floor":55.0}],"player_experience":692518,"relics_obtained":[{"floor":1.0,"key":"SynthV:TestCard"},{"floor":6.0,"key":"Oddly Smooth Stone"},{"floor":8.0,"key":"Ginger"},{"floor":9.0,"key":"Pantograph"},{"floor":10.0,"key":"Girya"},{"floor":23.0,"key":"AT_EbonyIvory"},{"floor":25.0,"key":"AT_MibuBalloonWealth"},{"floor":27.0,"key":"Molten Egg 2"},{"floor":30.0,"key":"Toxic Egg 2"},{"floor":40.0,"key":"testmod-BalancedPeriapt"},{"floor":43.0,"key":"Blood Vial"},{"floor":45.0,"key":"Anchor"},{"floor":55.0,"key":"Happy Flower"}],"event_choices":[{"cards_removed":["Strike_P"],"damage_healed":0.0,"max_hp_gain":0.0,"max_hp_loss":0.0,"gold_gain":0.0,"event_name":"Bonfire Elementals","player_choice":"Offered Basic","floor":3.0,"gold_loss":0.0,"damage_taken":0.0},{"damage_healed":0.0,"max_hp_gain":0.0,"max_hp_loss":0.0,"gold_gain":0.0,"event_name":"The Woman in Blue","player_choice":"Bought 0 Potions","floor":14.0,"gold_loss":0.0,"damage_taken":0.0},{"damage_healed":0.0,"max_hp_gain":0.0,"max_hp_loss":34.0,"gold_gain":0.0,"event_name":"Ghosts","player_choice":"Became a Ghost","floor":20.0,"gold_loss":0.0,"damage_taken":0.0,"cards_obtained":["Ghostly","Ghostly","Ghostly"]},{"damage_healed":0.0,"max_hp_gain":0.0,"max_hp_loss":2.0,"gold_gain":0.0,"event_name":"Winding Halls","player_choice":"Max HP","floor":37.0,"gold_loss":0.0,"damage_taken":0.0}],"is_beta":false,"boss_relics":[{"not_picked":["Cursed Key","testmod-HarvestTotem"],"picked":"testmod-StringDisintegrator"},{"not_picked":["SlaversCollar","testmod-BatchProcessingSystem"],"picked":"VioletLotus"}],"items_purged_floors":[4,11,44,47,47,54],"is_endless":false,"potions_floor_spawned":[5,13,16,19,21,22,25,31,33,38,40,46],"ascension_level":20}}