{"host":"qekv59dthhdg54sz","time":1611057300,"event":{"mods":["AchievementEnabler","BaseMod","Colored Map","DeckTracker","KOR Keyword Fix","Minty Spire (QoL Compilation)","Rare Cards Sparkle","StSLib","SuperFastMode"],"gold_per_floor":[112,29,29,41,52,52,77,77,152,164,89,102,127,137,137,214,214,231,53,67,67,67,67,100,112,124,136,148,160,187,199,211,298,310,341,353,381,104,104,135,135,161,215,225,225,225],"floor_reached":45,"language":"KOR","playtime":1245,"items_purged":["Strike_P","Strike_P","Clumsy"],"score":1032,"play_id":"f6e34916-918e-46cc-bc40-399483080b8f","local_time":"20210119205500","is_ascension_mode":true,"campfire_choices":[{"data":"Eruption","floor":6.0,"key":"SMITH"},{"data":"ForeignInfluence","floor":8.0,"key":"SMITH"},{"data":"InnerPeace","floor":15.0,"key":"SMITH"},{"data":"ConjureBlade","floor":23.0,"key":"SMITH"},{"data":"MentalFortress","floor":25.0,"key":"SMITH"},{"data":"EmptyMind","floor":28.0,"key":"SMITH"},{"floor":32.0,"key":"REST"},{"data":"MentalFortress","floor":41.0,"key":"SMITH"}],"circlet_count":0,"master_deck":["AscendersBane","Strike_P","Strike_P","Defend_P","Defend_P","Eruption+1","Vigilance","SpiritShield","CrushJoints","ForeignInfluence+1","Tantrum","EmptyBody","InnerPeace+1","EmptyMind+1","FlurryOfBlows","ConjureBlade+1","Halt","MentalFortress+1","J.A.X.","MentalFortress+1"],"relics":["PureWater","MealTicket","Bottled Lightning","Anchor","Cursed Key","MawBank","Gremlin Horn","Nilry\u0027s Codex","VioletLotus","PreservedInsect","Omamori","Mummified Hand","Happy Flower"],"acts_visited":["Exordium","TheCity","TheBeyond"],"potions_floor_usage":[45],"damage_taken":[{"damage":5.0,"enemies":"Small Slimes","floor":1.0,"turns":6.0},{"damage":0.0,"enemies":"Jaw Worm","floor":4.0,"turns":3.0},{"damage":0.0,"enemies":"2 Louse","floor":5.0,"turns":3.0},{"damage":1.0,"enemies":"Gremlin Nob","floor":7.0,"turns":3.0},{"damage":7.0,"enemies":"Lots of Slimes","floor":10.0,"turns":4.0},{"damage":8.0,"enemies":"Large Slime","floor":12.0,"turns":6.0},{"damage":0.0,"enemies":"3 Louse","floor":14.0,"turns":2.0},{"damage":29.0,"enemies":"The Guardian","floor":16.0,"turns":9.0},{"damage":14.0,"enemies":"Spheric Guardian","floor":18.0,"turns":3.0},{"damage":0.0,"enemies":"3 Byrds","floor":20.0,"turns":5.0},{"damage":0.0,"enemies":"Snecko","floor":22.0,"turns":1.0},{"damage":15.0,"enemies":"Slavers","floor":24.0,"turns":6.0},{"damage":19.0,"enemies":"3 Cultists","floor":30.0,"turns":4.0},{"damage":14.0,"enemies":"Automaton","floor":33.0,"turns":6.0},{"damage":13.0,"enemies":"3 Shapes","floor":35.0,"turns":16.0},{"damage":3.0,"enemies":"Orb Walker","floor":37.0,"turns":3.0},{"damage":5.0,"enemies":"Nemesis","floor":40.0,"turns":3.0},{"damage":12.0,"enemies":"Reptomancer","floor":42.0,"turns":3.0},{"damage":9.0,"enemies":"Spire Growth","floor":44.0,"turns":5.0},{"damage":31,"enemies":"Maw","floor":45,"turns":5}],"seed_played":"7540115501056044686","potions_obtained":[{"floor":5.0,"key":"Swift Potion"},{"floor":7.0,"key":"AttackPotion"},{"floor":14.0,"key":"SmokeBomb"},{"floor":18.0,"key":"BottledMiracle"},{"floor":40.0,"key":"Dexterity Potion"},{"floor":44.0,"key":"FairyPotion"}],"is_trial":false,"path_per_floor":["M","$","?","M","M","R","E","R","T","M","$","M","T","M","R","B",null,"M","$","M","?","M","R","E","R","T","?","R","$","M","?","R","B",null,"M","?","M","$","?","E","R","E","T","M","M"],"character_chosen":"WATCHER","items_purchased":["ForeignInfluence","MentalFortress","PreservedInsect"],"campfire_rested":1,"item_purchase_floors":[2,19,38],"current_hp_per_floor":[56,56,56,56,56,56,55,55,55,48,63,55,55,55,55,26,58,44,59,59,59,59,59,44,44,44,23,23,38,19,19,39,25,57,44,44,41,56,56,51,51,39,39,30,20,20],"gold":225,"neow_bonus":"ONE_RANDOM_RARE_CARD","is_daily":false,"chose_seed":false,"campfire_upgraded":7,"win_rate":0.0,"timestamp":1611057300,"path_taken":["M","$","?","M","M","R","E","R","T","M","$","M","?","M","R","BOSS","M","$","M","?","?","R","E","R","T","?","R","$","M","?","R","BOSS","M","?","?","$","?","E","R","E","T","M","M"],"items_purchased_type":["Card","Card","Relic"],"build_version":"2020-12-22","purchased_purges":3,"victory":false,"max_hp_per_floor":[68,68,68,68,68,68,68,68,68,68,68,68,68,68,68,68,68,68,68,68,68,68,68,68,68,68,68,68,68,68,68,68,68,68,68,68,68,68,68,68,68,68,68,68,68,68],"card_choices":[{"not_picked":["ClearTheMind","Evaluate"],"picked":"CrushJoints","floor":1.0},{"not_picked":["Prostrate","FollowUp"],"picked":"Tantrum","floor":4.0},{"not_picked":["BowlingBash","CrushJoints"],"picked":"EmptyBody","floor":5.0},{"not_picked":["Prostrate","ClearTheMind"],"picked":"InnerPeace","floor":7.0},{"not_picked":["ThirdEye","PathToVictory"],"picked":"EmptyMind","floor":10.0},{"not_picked":["JustLucky","Prostrate"],"picked":"FlurryOfBlows","floor":12.0},{"not_picked":["BowlingBash","EmptyFist","Consecrate"],"picked":"SKIP","floor":14.0},{"not_picked":["DevaForm","Wish"],"picked":"ConjureBlade","floor":16.0},{"not_picked":["JustLucky","Protect+1"],"picked":"Halt","floor":18.0},{"not_picked":["CrushJoints","EmptyBody+1","FlurryOfBlows"],"picked":"SKIP","floor":20.0},{"not_picked":["Brilliance","Swivel","Omniscience"],"picked":"SKIP","floor":24.0},{"not_picked":["FollowUp","Pray","ThirdEye"],"picked":"SKIP","floor":30.0},{"not_picked":["ReachHeaven","FollowUp","Evaluate"],"picked":"SKIP","floor":35.0},{"not_picked":["ThirdEye","BowlingBash","Study"],"picked":"SKIP","floor":37.0},{"not_picked":["EmptyBody","CarveReality+1"],"picked":"MentalFortress","floor":40.0},{"not_picked":["Prostrate","Evaluate+1","InnerPeace"],"picked":"SKIP","floor":42.0},{"not_picked":["Indignation","Halt","Weave"],"picked":"SKIP","floor":44.0}],"player_experience":776174,"relics_obtained":[{"floor":7.0,"key":"MealTicket"},{"floor":9.0,"key":"Bottled Lightning"},{"floor":13.0,"key":"Anchor"},{"floor":24.0,"key":"MawBank"},{"floor":26.0,"key":"Gremlin Horn"},{"floor":27.0,"key":"Nilry\u0027s Codex"},{"floor":40.0,"key":"Omamori"},{"floor":42.0,"key":"Mummified Hand"},{"floor":43.0,"key":"Happy Flower"}],"event_choices":[{"damage_healed":0.0,"max_hp_gain":0.0,"max_hp_loss":0.0,"gold_gain":0.0,"event_name":"Liars Game","player_choice":"Ignored","floor":3.0,"gold_loss":0.0,"damage_taken":0.0},{"cards_removed":["Defend_P"],"damage_healed":0.0,"max_hp_gain":0.0,"max_hp_loss":0.0,"gold_gain":0.0,"event_name":"Bonfire Elementals","player_choice":"Offered Basic","floor":21.0,"gold_loss":0.0,"damage_taken":0.0},{"damage_healed":0.0,"max_hp_gain":0.0,"max_hp_loss":0.0,"gold_gain":0.0,"event_name":"Cursed Tome","player_choice":"Obtained Book","floor":27.0,"gold_loss":0.0,"damage_taken":21.0},{"damage_healed":0.0,"max_hp_gain":0.0,"max_hp_loss":0.0,"gold_gain":0.0,"event_name":"Drug Dealer","player_choice":"Obtain J.A.X.","floor":31.0,"gold_loss":0.0,"damage_taken":0.0,"cards_obtained":["J.A.X."]},{"damage_healed":0.0,"max_hp_gain":0.0,"max_hp_loss":0.0,"gold_gain":0.0,"event_name":"SecretPortal","player_choice":"Ignored","floor":36.0,"gold_loss":0.0,"damage_taken":0.0},{"cards_removed":["Defend_P"],"damage_healed":0.0,"max_hp_gain":0.0,"max_hp_loss":0.0,"gold_gain":0.0,"event_name":"Falling","player_choice":"Removed Skill","floor":39.0,"gold_loss":0.0,"damage_taken":0.0}],"is_beta":false,"boss_relics":[{"not_picked":["Snecko Eye","Philosopher\u0027s Stone"],"picked":"Cursed Key"},{"not_picked":["Velvet Choker","Black Star"],"picked":"VioletLotus"}],"items_purged_floors":[11,19,38],"is_endless":false,"potions_floor_spawned":[5,7,14,18,22,40,44],"killed_by":"Maw","ascension_level":20}}