{"host":"ygfasg9u7olr7skw","time":1611092269,"event":{"mods":["AchievementEnabler","BaseMod","Better Note","Better Vampires","Colored Powertips","Minty Spire (QoL Compilation)","Replay The Spire","Spicy Shops","StSLib","The IronCluck"],"gold_per_floor":[112,112,112,37,47,65,65,90,143,159,159,176,176,187,187,187,187],"floor_reached":16,"language":"ENG","playtime":1997,"items_purged":["Strike_G"],"score":97,"play_id":"a66fdc6a-1a36-4372-8b1b-b95d304f442f","local_time":"20210119163749","is_ascension_mode":true,"campfire_choices":[{"floor":11,"key":"REST"},{"data":"Crippling Poison","floor":13,"key":"SMITH"},{"data":"Deadly Poison","floor":15,"key":"SMITH"}],"circlet_count":0,"master_deck":["Strike_G","Strike_G","Strike_G","Strike_G","Defend_G","Defend_G+1","Defend_G+1","Defend_G+1","Defend_G","Survivor","Neutralize+1","Deadly Poison","Deadly Poison+1","Crippling Poison+1"],"relics":["Ring of the Snake","Odd Mushroom","MealTicket"],"acts_visited":["Exordium"],"potions_floor_usage":[16,16],"damage_taken":[{"damage":0,"enemies":"Cultist","floor":1,"turns":4},{"damage":0,"enemies":"2 Louse","floor":5,"turns":2},{"damage":0,"enemies":"Jaw Worm","floor":6,"turns":4},{"damage":12,"enemies":"The Mushroom Lair","floor":8,"turns":6},{"damage":1,"enemies":"Red Slaver","floor":10,"turns":4},{"damage":0,"enemies":"Large Slime","floor":12,"turns":9},{"damage":4,"enemies":"3 Louse","floor":14,"turns":2},{"damage":65,"enemies":"Slime Boss","floor":16,"turns":12}],"seed_played":"-5109770089434970789","potions_obtained":[{"floor":6,"key":"Adrenaline Potion"},{"floor":10,"key":"CultistPotion"},{"floor":14,"key":"GhostInAJar"}],"is_trial":false,"path_per_floor":["M","?","?","$","M","M","$","?","T","M","R","M","R","M","R","B"],"character_chosen":"THE_SILENT","items_purchased":[],"campfire_rested":1,"item_purchase_floors":[],"current_hp_per_floor":[70,70,56,56,56,56,56,44,44,43,64,64,64,60,60,0,0],"gold":187,"neow_bonus":"UPGRADE_CARD","is_daily":false,"chose_seed":false,"campfire_upgraded":2,"win_rate":0.0,"timestamp":1611092269,"path_taken":["M","?","?","?","M","?","$","?","T","M","R","M","R","M","R","BOSS"],"items_purchased_type":[],"build_version":"2020-12-22","purchased_purges":1,"victory":false,"max_hp_per_floor":[70,70,70,70,70,70,70,70,70,70,70,70,70,70,70,70,70],"card_choices":[{"not_picked":["Quick Slash","All Out Attack"],"picked":"Deadly Poison","floor":1},{"not_picked":["Reflex","Prepared","Deflect"],"picked":"SKIP","floor":5},{"not_picked":["Bane","Sucker Punch"],"picked":"Deadly Poison","floor":6},{"not_picked":["Blade Dance","Deflect"],"picked":"Crippling Poison","floor":8},{"not_picked":["ReplayTheSpireMod:Speed Training","Replay:Poison Smokescreen","ReplayTheSpireMod:Scrap Shanks"],"picked":"SKIP","floor":10},{"not_picked":["Adrenaline","Blade Dance","Well Laid Plans"],"picked":"SKIP","floor":12},{"not_picked":["Quick Slash","Dagger Throw","Predator"],"picked":"SKIP","floor":14}],"player_experience":344068,"relics_obtained":[{"floor":8,"key":"Odd Mushroom"},{"floor":9,"key":"MealTicket"}],"event_choices":[{"damage_healed":0,"gold_gain":0,"player_choice":"Entered Light","damage_taken":14,"max_hp_gain":0,"max_hp_loss":0,"event_name":"Shining Light","floor":3,"gold_loss":0,"cards_upgraded":["Defend_G","Defend_G"]},{"damage_healed":0,"gold_gain":0,"player_choice":"Fought Mushrooms","damage_taken":0,"max_hp_gain":0,"max_hp_loss":0,"event_name":"Mushrooms","floor":8,"gold_loss":0}],"is_beta":false,"boss_relics":[],"items_purged_floors":[4],"is_endless":false,"potions_floor_spawned":[6,10,14],"killed_by":"Slime Boss","ascension_level":1}}