{"host":"cxvb37eaaiijvrl4","time":1611042806,"event":{"mods":["ATMod(阿瑾Mod)","BaseMod","Better Third Choice","Minty Spire (QoL Compilation)","MostiFishMod","Quick Restart","Rare Cards Sparkle","Shop Mod","Spicy Shops","StSLib","TestMod","Uncapped","残留之物"],"gold_per_floor":[119,194,119,119,119,119,129,155,182,213,231,258,158,186,186,261,261,278,678,691,707,259,289,300,323,350,361,386,455,455,469,469,545,545,565,110,121,121,11,11,38,56,108,133,133,162,172,188,188,188,188,188,188,19,45,45],"floor_reached":57,"language":"ZHS","playtime":1458,"items_purged":["Strike_P","Strike_P","Defend_P","Vigilance","Defend_P","Strike_P"],"score":3416,"play_id":"2333e591-a30a-4896-8daf-459010156ef9","local_time":"20210118235326","is_ascension_mode":true,"campfire_choices":[{"data":"AT_OneInchPunch","floor":6.0,"key":"SMITH"},{"data":"Eruption","floor":15.0,"key":"SMITH"},{"data":"Prostrate","floor":30.0,"key":"SMITH"},{"data":"DevaForm","floor":32.0,"key":"SMITH"},{"data":"Fasting2","floor":40.0,"key":"SMITH"},{"data":"AT_DivineConfetti","floor":45.0,"key":"SMITH"},{"floor":49,"key":"RECALL"},{"data":"Defend_P","floor":53,"key":"SMITH"}],"circlet_count":0,"master_deck":["AscendersBane","Defend_P","Defend_P+1","Eruption+1","AT_OneInchPunch+1","FearNoEvil+1","Prostrate+1","DevaForm+1","AT_DivineConfetti+1","MostiFishMod:OutWit+1","Fasting2+1","MostiFishMod:PathToVictory+1"],"relics":["PureWater","DaveBox","AT_ATBox","DianPoetry","testmod-EqualTreatment","NeowsBlessing","SynthV:TestCard","AT_DeathDance","PlaceholderMod:DeVermisMysteriis","Anchor","TungstenRod","Dream Catcher","testmod-SaigiyounoYou","Medical Kit","Nunchaku","PreservedInsect","Whetstone","Oddly Smooth Stone","TeardropLocket","AT_TrinityForce","Orichalcum","testmod-Antiphasic","AT_ArchangelStaff","ArrowTower","Civilization","Strawberry"],"acts_visited":["Exordium","TheCity","TheBeyond","TheEnding"],"potions_floor_usage":[56,56],"damage_taken":[{"damage":0.0,"enemies":"Jaw Worm","floor":1.0,"turns":1.0},{"damage":0.0,"enemies":"Small Slimes","floor":7.0,"turns":1.0},{"damage":0.0,"enemies":"3 Sentries","floor":8.0,"turns":1.0},{"damage":0.0,"enemies":"Gremlin Nob","floor":10.0,"turns":2.0},{"damage":0.0,"enemies":"2 Louse","floor":11.0,"turns":1.0},{"damage":0.0,"enemies":"Lagavulin","floor":12.0,"turns":2.0},{"damage":0.0,"enemies":"3 Sentries","floor":14.0,"turns":1.0},{"damage":0.0,"enemies":"Slime Boss","floor":16.0,"turns":3.0},{"damage":0.0,"enemies":"Spheric Guardian","floor":18.0,"turns":1.0},{"damage":0.0,"enemies":"2 Thieves","floor":20.0,"turns":1.0},{"damage":0.0,"enemies":"3 Cultists","floor":21.0,"turns":3.0},{"damage":6.0,"enemies":"Gremlin Leader","floor":23.0,"turns":3.0},{"damage":2.0,"enemies":"Snake Plant","floor":24.0,"turns":2.0},{"damage":0.0,"enemies":"Chosen and Byrds","floor":27.0,"turns":2.0},{"damage":5.0,"enemies":"Book of Stabbing","floor":28.0,"turns":3.0},{"damage":0.0,"enemies":"Cultist and Chosen","floor":31.0,"turns":2.0},{"damage":0.0,"enemies":"Collector","floor":33.0,"turns":4.0},{"damage":10.0,"enemies":"3 Shapes","floor":35.0,"turns":3.0},{"damage":0.0,"enemies":"3 Darklings","floor":37.0,"turns":2.0},{"damage":10.0,"enemies":"Giant Head","floor":41.0,"turns":4.0},{"damage":2.0,"enemies":"Jaw Worm Horde","floor":42.0,"turns":2.0},{"damage":7.0,"enemies":"Nemesis","floor":44.0,"turns":3.0},{"damage":7.0,"enemies":"Giant Head","floor":46.0,"turns":4.0},{"damage":0,"enemies":"Transient","floor":47,"turns":6},{"damage":3,"enemies":"Writhing Mass","floor":48,"turns":3},{"damage":42,"enemies":"Time Eater","floor":50,"turns":6},{"damage":19,"enemies":"Donu and Deca","floor":51,"turns":4},{"damage":18,"enemies":"Shield and Spear","floor":55,"turns":3},{"damage":55,"enemies":"The Heart","floor":56,"turns":6}],"seed_played":"-1543767354755134734","potions_obtained":[{"floor":1.0,"key":"PlaceholderMod:PlaceholderPotion"},{"floor":7.0,"key":"SpeedPotion"},{"floor":21.0,"key":"Block Potion"},{"floor":23.0,"key":"testmod-SpacePotion"},{"floor":28.0,"key":"PlaceholderMod:PlaceholderPotion"},{"floor":31.0,"key":"Block Potion"},{"floor":47,"key":"FairyPotion"}],"is_trial":false,"path_per_floor":["M","?","$","?","T","R","M","E","T","E","M","E","$","E","R","B",null,"M","?","M","M","$","E","M","T","T","M","E","T","R","M","R","B",null,"M","$","M","$","?","R","E","M","T","E","R","E","M","M","R","B","B",null,"R","$","E","B",null],"character_chosen":"WATCHER","items_purchased":["Medical Kit","Fasting2","Civilization"],"campfire_rested":0,"item_purchase_floors":[22,36,54],"current_hp_per_floor":[61,50,50,55,55,55,55,55,55,55,55,55,55,55,55,55,69,72,72,73,73,73,73,73,73,73,73,70,70,70,73,73,73,73,68,68,73,73,73,73,67,71,71,69,69,68,73,71,71,44,38,68,68,68,66,52],"gold":45,"neow_bonus":"THREE_ENEMY_KILL","is_daily":false,"chose_seed":false,"campfire_upgraded":7,"win_rate":0.0,"timestamp":1611042806,"path_taken":["M","?","$","?","?","R","M","E","T","E","M","E","$","E","R","BOSS","M","?","M","M","$","E","M","?","T","M","E","?","R","?","R","BOSS","M","$","M","$","?","R","E","M","T","E","R","E","?","M","R","BOSS","BOSS","R","$","E","BOSS"],"items_purchased_type":["Relic","Card","Relic"],"build_version":"2020-12-22","purchased_purges":6,"victory":true,"max_hp_per_floor":[68,68,68,73,73,73,73,73,73,73,73,73,73,73,73,73,73,73,73,73,73,73,73,73,73,73,73,73,73,73,73,73,73,73,73,73,73,73,73,73,73,73,73,73,73,73,73,73,73,78,78,78,78,78,87,95],"card_choices":[{"not_picked":["MostiFishMod:Nomercy","Halt","ForeignInfluence"],"picked":"SKIP","floor":1.0},{"not_picked":["Consecrate","SignatureMove","Evaluate","DeceiveReality","ThirdEye"],"picked":"SKIP","floor":7.0},{"not_picked":["Wireheading","JustLucky","AT_SoftenMuscles","Study"],"picked":"FearNoEvil","floor":8.0},{"not_picked":["SandsOfTime","AT_RealFormLess","DeceiveReality","InnerPeace","CutThroughFate"],"picked":"SKIP","floor":10.0},{"not_picked":["Vengeance","BowlingBash","MostiFishMod:Unraveling","EmptyBody"],"picked":"Prostrate","floor":11.0},{"not_picked":["BowlingBash","Prostrate","EmptyFist","Halt","Consecrate"],"picked":"SKIP","floor":12.0},{"not_picked":["SashWhip","FlyingSleeves","CrushJoints","Protect","WaveOfTheHand"],"picked":"SKIP","floor":14.0},{"not_picked":["AT_RealColorLess","MostiFishMod:Disappear","MostiFishMod:DustFall","AT_IrregularMenstruation"],"picked":"DevaForm","floor":16.0},{"not_picked":["PathToVictory","JustLucky","AT_ChampionStep","CrushJoints","DeceiveReality"],"picked":"SKIP","floor":18.0},{"not_picked":["EmptyBody+1","Halt","ThirdEye","FlurryOfBlows","Conclude+1"],"picked":"SKIP","floor":20.0},{"not_picked":["ThirdEye+1","DeceiveReality","Evaluate","Crescendo","Meditate"],"picked":"SKIP","floor":21.0},{"not_picked":["CarveReality","MostiFishMod:FlowState+1","ClearTheMind+1","Protect","ForeignInfluence"],"picked":"SKIP","floor":23.0},{"not_picked":["FollowUp","FlyingSleeves","Omniscience","Wallop","PathToVictory"],"picked":"SKIP","floor":24.0},{"not_picked":["ForeignInfluence","JustLucky","Consecrate+1","Evaluate","CrushJoints"],"picked":"SKIP","floor":27.0},{"not_picked":["DeceiveReality","Worship","ThirdEye","Crescendo","Prostrate"],"picked":"SKIP","floor":28.0},{"not_picked":["AT_RealFormLess","ThirdEye","PathToVictory","Indignation"],"picked":"AT_DivineConfetti","floor":31.0},{"not_picked":["AT_RealColorLess","MostiFishMod:StarOceanP","Scrawl","LessonLearned"],"picked":"MostiFishMod:OutWit","floor":33.0},{"not_picked":["BowlingBash","Wireheading","Pray","CutThroughFate","SashWhip+1"],"picked":"SKIP","floor":35.0},{"not_picked":["ThirdEye","Protect","AT_RealFormLess","Conclude","Pray"],"picked":"SKIP","floor":37.0},{"not_picked":["MostiFishMod:Unraveling","SandsOfTime","CrushJoints+1","TalkToTheHand","FlyingSleeves+1"],"picked":"SKIP","floor":41.0},{"not_picked":["Prostrate","JustLucky","FlurryOfBlows","MostiFishMod:Clarity+1","ForeignInfluence+1"],"picked":"SKIP","floor":42.0},{"not_picked":["MostiFishMod:StarHerder","JustLucky","Swivel","Evaluate","Consecrate"],"picked":"SKIP","floor":44.0},{"not_picked":["InnerPeace+1","Wireheading","EmptyMind","CutThroughFate","FlurryOfBlows"],"picked":"SKIP","floor":46.0},{"not_picked":["CutThroughFate","EmptyBody","InnerPeace","CrushJoints+1"],"picked":"MostiFishMod:PathToVictory+1","floor":47},{"not_picked":["SashWhip","ThirdEye","Weave","CutThroughFate","FlyingSleeves+1"],"picked":"SKIP","floor":48},{"not_picked":["Protect","Establishment","FlurryOfBlows","AT_DivineConfetti","Consecrate"],"picked":"SKIP","floor":55}],"player_experience":687331,"relics_obtained":[{"floor":1.0,"key":"SynthV:TestCard"},{"floor":5.0,"key":"AT_DeathDance"},{"floor":8.0,"key":"PlaceholderMod:DeVermisMysteriis"},{"floor":10.0,"key":"Anchor"},{"floor":12.0,"key":"TungstenRod"},{"floor":14.0,"key":"Dream Catcher"},{"floor":23.0,"key":"Nunchaku"},{"floor":25.0,"key":"PreservedInsect"},{"floor":26.0,"key":"Whetstone"},{"floor":28.0,"key":"Oddly Smooth Stone"},{"floor":29.0,"key":"TeardropLocket"},{"floor":41.0,"key":"Orichalcum"},{"floor":43.0,"key":"testmod-Antiphasic"},{"floor":44.0,"key":"AT_ArchangelStaff"},{"floor":46.0,"key":"ArrowTower"},{"floor":55,"key":"Strawberry"}],"event_choices":[{"damage_healed":0.0,"max_hp_gain":0.0,"max_hp_loss":0.0,"gold_gain":75.0,"event_name":"betterThird:BetterGoop","player_choice":"Gold","floor":2.0,"gold_loss":0.0,"damage_taken":11.0},{"damage_healed":0.0,"max_hp_gain":5.0,"max_hp_loss":0.0,"gold_gain":0.0,"event_name":"Big Fish","player_choice":"Donut","floor":4.0,"gold_loss":0.0,"damage_taken":0.0},{"damage_healed":0.0,"max_hp_gain":0.0,"max_hp_loss":0.0,"gold_gain":400.0,"event_name":"恩洛斯的盘子","player_choice":"Sell","floor":19.0,"relics_lost":["testmod-TestBox"],"gold_loss":0.0,"damage_taken":0.0},{"cards_removed":["Strike_P"],"damage_healed":0.0,"max_hp_gain":0.0,"max_hp_loss":0.0,"gold_gain":0.0,"event_name":"Designer","player_choice":"Upgrade and Remove","floor":39.0,"gold_loss":110.0,"damage_taken":0.0,"cards_upgraded":["MostiFishMod:OutWit"]}],"is_beta":false,"boss_relics":[{"not_picked":["HaiYi:Twilight","testmod-BloodSacrificeSpiritualization"],"picked":"testmod-SaigiyounoYou"},{"not_picked":["TimeKeys","ChiXiaoBlade"],"picked":"AT_TrinityForce"}],"items_purged_floors":[3,13,22,22,36,36],"is_endless":false,"potions_floor_spawned":[1,7,11,16,21,23,28,31,41,46,47,55],"ascension_level":20}}