{"host":"4lxzgdqpvzyot39g","time":1611092480,"event":{"mods":["100% Spire Juice","Abigail Mod","Act Like it!","Aspiration","BaseMod","Beaked The Cultist","Better Altar","Better Match","Better Note","Better Sensory Stone","Better Skull","Better Third Choice","CCEM","Colored Map","Colored Powertips","Conspire","Dark Map","Displayed Cursed Tome","Dota2Spire","Energized Spire","Fox Events","Friendly Minions","Gensokyo","GifTheSpireLib","Halation","Hallownest","Hermit","Highlight Path","HololiveMod","Hubris","Infinite Spire","Jedi Mod","JesterMod","Mari Mod (Legacy)","Mari\u0027s V1 Patch","MarisaÅiñ∂âJÅ@ñÇóùçπÅj","Minty Spire (QoL Compilation)","Prisma Mod","Quarter Circle Forward PUNCH!","Relic Filter","Replay The Spire","Robot Space Explorer","SCP261 Mod","Small Relic Pack","Spicy Shops","Spikes Relics","Spire Arcade","StS++","StSLib","Stuff the Spire","The Alterego","The Blue Laboratory","The Bug Knight","The Cursed","The Fake Hero","The Marked","The Servant 0.9.4","The Wild Card","Trackpad","Waifu the Spire","WarShipGirlsR/??è≠èóR mod","vexMod","Åy?ï®?îvÅzREMEMod"],"gold_per_floor":[515,611,627,645,656,656,681,691,714,724,724,724,724,741,741,741,741],"floor_reached":16,"language":"ENG","playtime":866,"items_purged":[],"score":262,"play_id":"bee47fda-c3da-4e2c-9eae-8754fd710aca","local_time":"20210119164120","is_ascension_mode":true,"campfire_choices":[{"data":"Burning Pact","floor":6.0,"key":"SMITH"},{"data":"luka_mod:Undine","floor":12,"key":"SMITH"},{"data":"luka_mod:SmallBody","floor":15,"key":"SMITH"}],"circlet_count":0,"master_deck":["AscendersBane","luka_mod:StrikeLukaOne","luka_mod:StrikeLukaTwo","luka_mod:StrikeLukaThree","luka_mod:StrikeLukaFour","luka_mod:StrikeLukaFive","luka_mod:StrikeLukaSix","luka_mod:Salt","luka_mod:Guard","luka_mod:Wait","luka_mod:Edging","luka_mod:FlailWildly","luka_mod:Meditation","luka_mod:Surrender","Burning Pact+1","luka_mod:BegIlias","luka_mod:StrikeLuka","luka_mod:SmallBody+1","luka_mod:StrikeLuka","luka_mod:Undine+1"],"relics":["luka_mod:KeepsakeRing","REME_ComplimentaryCards","Anchor","StuffTheSpire:Gunfinga","StuffTheSpire:OldFever","Gensokyo:CelestialsFlawlessClothing"],"acts_visited":["Gensokyo:Gensokyo"],"potions_floor_usage":[8,16,16],"damage_taken":[{"damage":8.0,"enemies":"Gensokyo:Gryphon","floor":1.0,"turns":3.0},{"damage":5.0,"enemies":"Gensokyo:2_Kodama","floor":3.0,"turns":4.0},{"damage":4.0,"enemies":"Gensokyo:3_Fairies","floor":4.0,"turns":4.0},{"damage":0.0,"enemies":"Gensokyo:LivingMonolith","floor":5.0,"turns":2.0},{"damage":22.0,"enemies":"Gensokyo:Aya","floor":7.0,"turns":4.0},{"damage":8,"enemies":"Gensokyo:CorruptedTreant","floor":8,"turns":2},{"damage":5,"enemies":"Gensokyo:Kitsune","floor":10,"turns":3},{"damage":1,"enemies":"Gensokyo:Gryphon_and_Rabbit","floor":14,"turns":3},{"damage":103,"enemies":"Gensokyo:Yukari","floor":16,"turns":12}],"seed_played":"-4541263280823476062","potions_obtained":[{"floor":1.0,"key":"blueLaboratory:BottleOfVodka"},{"floor":3.0,"key":"Adrenaline Potion"},{"floor":7.0,"key":"SteroidPotion"},{"floor":14,"key":"Milkshake"}],"is_trial":false,"path_per_floor":["M","?","M","M","M","R","E","M","T","M","?","R","?","M","R","B"],"character_chosen":"LUKA_CLASS","items_purchased":[],"campfire_rested":0,"item_purchase_floors":[],"current_hp_per_floor":[26,26,21,34,34,34,31,34,34,29,18,18,18,36,36,0,0],"gold":741,"neow_bonus":"THREE_CARDS","is_daily":false,"chose_seed":false,"campfire_upgraded":3,"win_rate":0.0,"timestamp":1611092480,"path_taken":["M","?","?","?","M","R","E","M","T","?","?","R","?","M","R","BOSS"],"items_purchased_type":[],"build_version":"2020-12-22","purchased_purges":0,"victory":false,"max_hp_per_floor":[38,38,38,38,38,38,38,38,38,38,38,38,38,38,38,38,38],"card_choices":[{"not_picked":["luka_mod:Struggle","luka_mod:BladeOfSolidEarth"],"picked":"luka_mod:BegIlias","floor":1.0},{"not_picked":["luka_mod:VaporizingRebellionSword","luka_mod:WindSlash"],"picked":"luka_mod:StrikeLuka","floor":2.0},{"not_picked":["luka_mod:VaporizingRebellionSword","luka_mod:Optimistic","luka_mod:DemonSkullBeheading"],"picked":"SKIP","floor":3.0},{"not_picked":["luka_mod:DemonSkullBeheading","luka_mod:SereneDemonSword"],"picked":"luka_mod:SmallBody","floor":4.0},{"not_picked":["luka_mod:BegIlias","luka_mod:SereneDemonSword"],"picked":"luka_mod:StrikeLuka","floor":5.0},{"not_picked":["luka_mod:OiAlice","luka_mod:ThunderThrust"],"picked":"luka_mod:Undine","floor":7.0},{"not_picked":["luka_mod:Request","luka_mod:DemonDecapitation","luka_mod:Cutscene"],"picked":"SKIP","floor":8},{"not_picked":["luka_mod:StressRelief","luka_mod:DemonDecapitation","luka_mod:HeavenlyDemonRevival"],"picked":"SKIP","floor":10},{"not_picked":["luka_mod:EarthSlash","luka_mod:Calm","luka_mod:IliasesJudgement"],"picked":"SKIP","floor":14}],"player_experience":1098624,"relics_obtained":[{"floor":2.0,"key":"Anchor"},{"floor":7.0,"key":"StuffTheSpire:Gunfinga"},{"floor":9,"key":"StuffTheSpire:OldFever"}],"event_choices":[],"is_beta":false,"boss_relics":[],"items_purged_floors":[],"is_endless":false,"potions_floor_spawned":[1,3,5,7,14],"killed_by":"Gensokyo:Yukari","ascension_level":15}}