{"host":"8anlmvy5ylhozj27","time":1611095280,"event":{"mods":["2.2 Compatiblity","Act Like it!","Aspiration","BaseMod","Best Route Mod","Better Match","Better Note","Better Sensory Stone","Better Skull","Better Third Choice","BetterRewards","Block Reminder","Colored Map","Colored Powertips","Conspire","Curses Come First","Duelist Mod","Energized Spire","GifTheSpireLib","Gold Saver","Halation","Hermit","Highlight Path","Hubris","Infinite Spire","Ironclad Rager","Minty Spire (QoL Compilation)","Permanent Neow","Quick Restart","Rare Cards Sparkle","Replay The Spire","Robot Space Explorer","Spicy Shops","StSLib","Stuff the Spire","The Bladedancer","The Blue Laboratory","The Disciple","The Exalted","The Necromancer","The Sage","Transform Curses","Wandering Minibosses","vexMod"],"gold_per_floor":[112,112,112,125,144,176,186,186,186,214,227,244,272,447,447,546,546,532,532,557,570,585,610,630,641,665,665,665,665,698,711,711,815,815],"floor_reached":33,"language":"FRA","playtime":14595,"items_purged":["Regret","Defend_B"],"score":484,"play_id":"32a2cf80-323a-48b8-a8d7-f05d69023822","local_time":"20210119232800","is_ascension_mode":false,"campfire_choices":[{"data":"StuffTheSpire:Synthwave","floor":27,"key":"SMITH"},{"floor":32,"key":"REST"}],"circlet_count":0,"master_deck":["Strike_B+1","Strike_B","Strike_B+1","Strike_B","Defend_B","Defend_B","Defend_B","Zap","Dualcast","FIFO Queue","Coolheaded+1","BasicCrystalCard+1","BasicCrystalCard","Coolheaded","Compile Driver","White Noise+1","StuffTheSpire:Plugnplay","Leap","Conserve Battery+1","BasicCrystalCard","Glacier+1","Capacitor+1","Force Field","ReplayTheSpireMod:GoodbyeWorld","Creative AI+1","StuffTheSpire:Synthwave+1","Cold Snap+1","Conserve Battery+1","Ball Lightning","StuffTheSpire:LoadUp+1","Fusion+1","infinitespire:FutureSight","Loop+1","Cold Snap+1"],"relics":["Cracked Core","Membership Card","Du-Vu Doll","Counterbalance","Boot","conspire:TreasureMap","hubris:64BitClover","infinitespire:Lucky Rock","StuffTheSpire:RubySignet","hubris:BallOfYels","aspiration:FetidBarrel","Bromod:ArcaneConsequence","vexMod:ImprovementManual","StuffTheSpire:OldFever","infinitespire:Freezer","aspiration:Lifesprig","hubris:FruitBowl","hubris:EmptyBottle","hubris:EvacipatedBox","hubris:KleinBottle","MealTicket","Pen Nib"],"acts_visited":["Exordium","TheCity"],"potions_floor_usage":[5,13,23,23,30,30,30,30,33,33],"damage_taken":[{"damage":0,"enemies":"2 Louse","floor":1,"turns":4},{"damage":0,"enemies":"Small Slimes","floor":4,"turns":4},{"damage":0,"enemies":"Cultist","floor":5,"turns":5},{"damage":9,"enemies":"3 Sentries","floor":6,"turns":7},{"damage":3,"enemies":"Blue Slaver","floor":7,"turns":3},{"damage":0,"enemies":"Lagavulin","floor":10,"turns":7},{"damage":5,"enemies":"Gremlin Gang","floor":11,"turns":7},{"damage":0,"enemies":"Large Slime","floor":12,"turns":1},{"damage":3,"enemies":"3 Sentries","floor":13,"turns":10},{"damage":20,"enemies":"Fading Forest","floor":16,"turns":11},{"damage":21,"enemies":"2 Thieves","floor":18,"turns":4},{"damage":1,"enemies":"Spheric Guardian","floor":21,"turns":7},{"damage":19,"enemies":"Cultist and Chosen","floor":22,"turns":6},{"damage":6,"enemies":"Nightmare","floor":23,"turns":9},{"damage":20,"enemies":"Shelled Parasite and Fungi","floor":24,"turns":6},{"damage":5,"enemies":"Centurion and Healer","floor":25,"turns":9},{"damage":5,"enemies":"Slavers","floor":30,"turns":5},{"damage":8,"enemies":"Cultist and Chosen","floor":31,"turns":9},{"damage":4,"enemies":"Automaton","floor":33,"turns":8}],"seed_played":"-2851479807908959531","potions_obtained":[{"floor":1,"key":"Fire Potion"},{"floor":5,"key":"Fruit Juice"},{"floor":6,"key":"EssenceOfSteel"},{"floor":12,"key":"SteroidPotion"},{"floor":21,"key":"EssenceOfSteel"},{"floor":23,"key":"SpeedPotion"},{"floor":24,"key":"CultistPotion"},{"floor":30,"key":"FocusPotion"}],"is_trial":false,"path_per_floor":["M","?","?","M","M","E","M","?","T","E","M","M","E","?","R_BF","B",null,"M","?","T","M","M","NM","M","M","T","R","?","$","E","M","R","B"],"character_chosen":"DEFECT","items_purchased":["Membership Card","Du-Vu Doll","Counterbalance","FIFO Queue","Coolheaded","Boot","conspire:TreasureMap","vexMod:BerryBomb","BasicCrystalCard","blueLaboratory:FruitPunch","hubris:FruitBowl","hubris:EmptyBottle","hubris:EvacipatedBox","hubris:KleinBottle"],"campfire_rested":1,"item_purchase_floors":[0,0,0,0,0,0,0,0,0,29,29,29,29,29],"current_hp_per_floor":[46,30,30,30,38,29,26,26,26,26,21,21,18,18,18,14,89,68,77,77,76,59,53,35,30,30,30,89,17,22,16,45,41,41],"gold":815,"neow_bonus":"","is_daily":false,"chose_seed":false,"campfire_upgraded":1,"win_rate":0.0,"timestamp":1611095280,"path_taken":["M","?","?","?","M","E","M","?","T","E","?","M","E","?","R_BF","BOSS","M","?","?","?","M","NM","M","M","T","R","?","?","E","M","R","BOSS"],"items_purchased_type":["Relic","Relic","Relic","Card","Card","Relic","Relic","Relic","Card","Potion","Relic","Relic","Relic","Relic"],"build_version":"2020-12-22","purchased_purges":2,"victory":false,"max_hp_per_floor":[81,81,81,81,89,89,89,89,89,89,89,89,89,89,89,89,89,89,89,89,89,89,89,89,89,89,89,89,89,97,97,97,97,97],"card_choices":[{"not_picked":["Gash","StuffTheSpire:ShieldGenerator"],"picked":"Compile Driver","floor":1},{"not_picked":["BasicCrystalCard","Doom and Gloom"],"picked":"White Noise","floor":4},{"not_picked":["Redo","Lockon"],"picked":"StuffTheSpire:Plugnplay","floor":5},{"not_picked":["hubris:Ukulele","Coolheaded"],"picked":"Leap","floor":6},{"not_picked":["Doom and Gloom","Barrage"],"picked":"Conserve Battery","floor":7},{"not_picked":["Blizzard","Hello World"],"picked":"BasicCrystalCard","floor":10},{"not_picked":["ReplaySort","Scrape"],"picked":"Glacier","floor":11},{"not_picked":["BasicCrystalCard","Streamline"],"picked":"Capacitor","floor":12},{"not_picked":["Redo","Doom and Gloom"],"picked":"Force Field","floor":13},{"not_picked":["Electrodynamics","Mirror Shield"],"picked":"Creative AI","floor":16},{"not_picked":["Hologram+1","Sweeping Beam"],"picked":"StuffTheSpire:Synthwave","floor":18},{"not_picked":["StuffTheSpire:LoadUp","ReplayGash"],"picked":"Cold Snap+1","floor":21},{"not_picked":["White Noise","Reinforced Body"],"picked":"Conserve Battery+1","floor":22},{"not_picked":["Gash","Steam"],"picked":"Ball Lightning","floor":23},{"not_picked":["hubris:PowerSurge","Compile Driver"],"picked":"StuffTheSpire:LoadUp+1","floor":24},{"not_picked":["Undo","ReplayGash+1"],"picked":"Fusion+1","floor":25},{"not_picked":["hubris:Rewind","ReplayTheSpireMod:Echoes of Time"],"picked":"infinitespire:FutureSight","floor":29},{"not_picked":["ReplayTheSpireMod:GoodbyeWorld","Leap+1"],"picked":"Loop+1","floor":30},{"not_picked":["Hologram","ReplayTheSpireMod:Omega Cannon"],"picked":"Cold Snap+1","floor":31}],"player_experience":181845,"relics_obtained":[{"floor":6,"key":"infinitespire:Lucky Rock"},{"floor":9,"key":"StuffTheSpire:RubySignet"},{"floor":10,"key":"hubris:BallOfYels"},{"floor":13,"key":"aspiration:FetidBarrel"},{"floor":16,"key":"Bromod:ArcaneConsequence"},{"floor":20,"key":"StuffTheSpire:OldFever"},{"floor":23,"key":"infinitespire:Freezer"},{"floor":26,"key":"aspiration:Lifesprig"},{"floor":30,"key":"MealTicket"},{"floor":33,"key":"Pen Nib"}],"event_choices":[{"damage_healed":46,"gold_gain":0,"player_choice":"Upgrade","damage_taken":16,"max_hp_gain":0,"max_hp_loss":81,"event_name":"betterThird:BetterShining","floor":2,"gold_loss":0,"cards_upgraded":["Strike_B","Strike_B"]},{"damage_healed":0,"gold_gain":0,"player_choice":"Forge","damage_taken":0,"max_hp_gain":0,"max_hp_loss":0,"event_name":"Accursed Blacksmith","floor":3,"gold_loss":0,"cards_upgraded":["BasicCrystalCard"]},{"damage_healed":0,"gold_gain":0,"player_choice":"Upgraded","damage_taken":0,"max_hp_gain":0,"max_hp_loss":0,"event_name":"Upgrade Shrine","floor":8,"gold_loss":0,"cards_upgraded":["Coolheaded"]},{"damage_healed":0,"gold_gain":175,"player_choice":"AGREE","damage_taken":272,"max_hp_gain":0,"max_hp_loss":0,"event_name":"betterThird:BetterSerpent","floor":14,"gold_loss":0},{"damage_healed":59,"gold_gain":0,"player_choice":"Full Heal","damage_taken":0,"max_hp_gain":0,"max_hp_loss":0,"event_name":"Wheel of Change","floor":28,"gold_loss":0}],"is_beta":false,"boss_relics":[{"not_picked":["Pandora\u0027s Box","aspiration:PoetsPen_weak"],"picked":"vexMod:ImprovementManual"}],"items_purged_floors":[0,0],"is_endless":false,"potions_floor_spawned":[1,5,6,12,21,23,24,30],"killed_by":"Automaton","ascension_level":0}}