{"host":"6a92uynocv4elkyp","time":1611082921,"event":{"mods":["AchievementEnabler","BaseMod","Infinite Spire","Minty Spire (QoL Compilation)","Quick Restart","StSLib"],"gold_per_floor":[144,144,144,177,177,267,267,354,381,381,477,477,477,576,576,576,576],"floor_reached":16,"language":"ENG","playtime":499,"items_purged":[],"score":248,"play_id":"171d7e67-d164-45a1-b800-d3a02523f77c","local_time":"20210119200201","daily_mods":["Red Cards","Green Cards","Blue Cards","Purple Cards","Colorless Cards","Heirloom","Flight","DeadlyEvents","Elite Swarm","Midas"],"is_ascension_mode":true,"campfire_choices":[{"floor":7,"key":"REST"},{"floor":10,"key":"REST"},{"floor":12,"key":"REST"},{"floor":13,"key":"REST"},{"floor":15,"key":"REST"}],"circlet_count":0,"master_deck":["AscendersBane","Strike_B","Strike_B","Strike_B","Strike_B","Defend_B","Defend_B","Defend_B","Defend_B","Zap+1","Dualcast","Acrobatics","Devotion","Alpha","Omniscience","Reaper"],"relics":["Cracked Core","Emotion Chip","Centennial Puzzle","Mango","Cables","Art of War","infinitespire:ShieldingShard","Smiling Mask"],"acts_visited":["Exordium"],"potions_floor_usage":[14,16,16],"damage_taken":[{"damage":2,"enemies":"2 Louse","floor":1,"turns":3},{"damage":7,"enemies":"Jaw Worm","floor":4,"turns":2},{"damage":47,"enemies":"Gremlin Nob","floor":6,"turns":4},{"damage":32,"enemies":"Lagavulin","floor":8,"turns":6},{"damage":36,"enemies":"Gremlin Nob","floor":11,"turns":4},{"damage":17,"enemies":"3 Sentries","floor":14,"turns":5},{"damage":77,"enemies":"Slime Boss","floor":16,"turns":8}],"seed_played":"3852723254465806224","potions_obtained":[{"floor":4,"key":"FearPotion"},{"floor":11,"key":"Fire Potion"},{"floor":14,"key":"FocusPotion"}],"is_trial":true,"path_per_floor":["M","?","?","M","?","E","R","E","T","R","E","R","R","E","R","B"],"character_chosen":"DEFECT","items_purchased":[],"campfire_rested":5,"item_purchase_floors":[],"current_hp_per_floor":[62,62,62,55,55,22,47,15,15,40,4,29,54,37,62,0,0],"gold":576,"neow_bonus":"","is_daily":false,"chose_seed":false,"campfire_upgraded":0,"win_rate":0.0,"timestamp":1611082921,"path_taken":["M","?","?","?","?","E","R","E","T","R","E","R","R","E","R","BOSS"],"items_purchased_type":[],"build_version":"2020-12-22","purchased_purges":0,"victory":false,"max_hp_per_floor":[71,71,71,71,71,85,85,85,85,85,85,85,85,85,85,85,85],"card_choices":[{"not_picked":["Reinforced Body","Darkness"],"picked":"SashWhip","floor":1},{"not_picked":["Whirlwind","BowlingBash"],"picked":"Acrobatics","floor":4},{"not_picked":["Creative AI","Amplify"],"picked":"Devotion","floor":6},{"not_picked":["Corpse Explosion","Limit Break"],"picked":"Alpha","floor":8},{"not_picked":["Berserk","Storm of Steel"],"picked":"Omniscience","floor":11},{"not_picked":["Feed","Judgement"],"picked":"Reaper","floor":14}],"player_experience":120273,"relics_obtained":[{"floor":6,"key":"Mango"},{"floor":8,"key":"Cables"},{"floor":9,"key":"Art of War"},{"floor":11,"key":"infinitespire:ShieldingShard"},{"floor":14,"key":"Smiling Mask"}],"event_choices":[{"damage_healed":0,"gold_gain":0,"player_choice":"Grow","damage_taken":0,"max_hp_gain":0,"max_hp_loss":0,"event_name":"Living Wall","floor":2,"gold_loss":0,"cards_upgraded":["Zap"]},{"cards_removed":["SashWhip"],"damage_healed":0,"gold_gain":0,"player_choice":"Gave Card","damage_taken":0,"relics_obtained":["Centennial Puzzle"],"max_hp_gain":0,"max_hp_loss":0,"event_name":"WeMeetAgain","floor":3,"gold_loss":0},{"damage_healed":0,"gold_gain":0,"player_choice":"Ignored","damage_taken":0,"max_hp_gain":0,"max_hp_loss":0,"event_name":"Shining Light","floor":5,"gold_loss":0}],"is_beta":false,"boss_relics":[],"items_purged_floors":[],"is_endless":false,"potions_floor_spawned":[4,11,14],"killed_by":"Slime Boss","ascension_level":20}}