{"host":"yyl3r9ibd7qwlswm","time":1611029686,"event":{"mods":["BaseMod","Minty Spire (QoL Compilation)","Quick Restart","StSLib"],"gold_per_floor":[111,126,145,145,165,13,13,13,13,13,28,28,67,90,90,189,189,203,218,233,246,270,313,313,313],"floor_reached":24,"language":"ZHS","playtime":850,"items_purged":[],"score":654,"play_id":"da7a1f07-2ce9-462f-bd6d-418a16aacf46","local_time":"20210119121446","daily_mods":["Vintage","Red Cards","Green Cards","Heirloom","Uncertain Future"],"is_ascension_mode":true,"campfire_choices":[{"data":"Trip","floor":8,"key":"SMITH"},{"data":"Neutralize","floor":10,"key":"SMITH"},{"floor":15,"key":"REST"}],"circlet_count":0,"master_deck":["AscendersBane","Strike_G","Strike_G","Strike_G","Strike_G","Strike_G","Defend_G","Defend_G+1","Defend_G","Defend_G","Defend_G","Survivor","Neutralize+1","Injury","Trip+1","Cleave+1","Infernal Blade","Offering","Dagger Spray"],"relics":["Ring of the Snake","Incense Burner","Mercury Hourglass","Pear","Strawberry","Golden Idol","Torii","Darkstone Periapt","Mummified Hand","Blood Vial","Snake Skull","Coffee Dripper","Centennial Puzzle","Mango","Oddly Smooth Stone","Boot","Ancient Tea Set","Red Mask"],"acts_visited":["Exordium","TheCity"],"potions_floor_usage":[13,16,16,19,22,24],"damage_taken":[{"damage":11,"enemies":"Jaw Worm","floor":1,"turns":4},{"damage":7,"enemies":"2 Louse","floor":2,"turns":3},{"damage":1,"enemies":"Cultist","floor":3,"turns":3},{"damage":1,"enemies":"Looter","floor":5,"turns":3},{"damage":0,"enemies":"2 Fungi Beasts","floor":11,"turns":2},{"damage":13,"enemies":"Lagavulin","floor":13,"turns":6},{"damage":0,"enemies":"Lots of Slimes","floor":14,"turns":1},{"damage":35,"enemies":"The Guardian","floor":16,"turns":17},{"damage":22,"enemies":"Shell Parasite","floor":18,"turns":5},{"damage":18,"enemies":"2 Thieves","floor":19,"turns":3},{"damage":14,"enemies":"Centurion and Healer","floor":20,"turns":4},{"damage":7,"enemies":"Sentry and Sphere","floor":21,"turns":5},{"damage":20,"enemies":"Shelled Parasite and Fungi","floor":22,"turns":4},{"damage":12,"enemies":"Masked Bandits","floor":23,"turns":3},{"damage":11,"enemies":"Slavers","floor":24,"turns":2}],"seed_played":"-4571147641376845996","potions_obtained":[{"floor":3,"key":"SpeedPotion"},{"floor":11,"key":"Weak Potion"},{"floor":14,"key":"Block Potion"},{"floor":19,"key":"Fruit Juice"},{"floor":21,"key":"GamblersBrew"},{"floor":23,"key":"Dexterity Potion"}],"is_trial":true,"path_per_floor":["M","M","M","?","M","$","?","R","T","R","M","?","E","M","R","B",null,"M","M","M","M","M","?","E"],"character_chosen":"THE_SILENT","items_purchased":["Trip","Cleave"],"campfire_rested":1,"item_purchase_floors":[6,6],"current_hp_per_floor":[48,51,57,57,56,56,31,31,31,31,31,31,20,22,46,13,66,46,49,37,32,14,4,0,0],"gold":313,"neow_bonus":"","is_daily":false,"chose_seed":false,"campfire_upgraded":2,"win_rate":0.0,"timestamp":1611029686,"path_taken":["M","M","M","?","M","$","?","R","T","R","M","?","E","M","R","BOSS","M","M","M","M","M","?","E"],"items_purchased_type":["Card","Card"],"build_version":"2020-12-22","purchased_purges":0,"victory":false,"max_hp_per_floor":[66,76,83,83,83,83,83,83,83,83,83,83,83,83,83,83,83,83,102,102,102,102,102,102,102],"card_choices":[{"not_picked":["Flechettes","Heavy Blade"],"picked":"Infernal Blade","floor":13},{"not_picked":["Bludgeon","Die Die Die"],"picked":"Offering","floor":16},{"not_picked":["Perfected Strike","Quick Slash"],"picked":"Dagger Spray","floor":23}],"player_experience":149746,"relics_obtained":[{"floor":1,"key":"Mercury Hourglass"},{"floor":2,"key":"Pear"},{"floor":3,"key":"Strawberry"},{"floor":5,"key":"Torii"},{"floor":9,"key":"Darkstone Periapt"},{"floor":11,"key":"Mummified Hand"},{"floor":12,"key":"Blood Vial"},{"floor":14,"key":"Snake Skull"},{"floor":18,"key":"Centennial Puzzle"},{"floor":19,"key":"Mango"},{"floor":20,"key":"Oddly Smooth Stone"},{"floor":21,"key":"Boot"},{"floor":22,"key":"Ancient Tea Set"},{"floor":23,"key":"Red Mask"}],"event_choices":[{"damage_healed":0,"gold_gain":0,"player_choice":"Take Wound","damage_taken":0,"relics_obtained":["Golden Idol"],"max_hp_gain":0,"max_hp_loss":0,"event_name":"Golden Idol","floor":4,"gold_loss":0,"cards_obtained":["Injury"]},{"damage_healed":0,"gold_gain":0,"player_choice":"Entered Light","damage_taken":25,"max_hp_gain":0,"max_hp_loss":0,"event_name":"Shining Light","floor":7,"gold_loss":0,"cards_upgraded":["Cleave","Defend_G"]},{"damage_healed":0,"gold_gain":0,"player_choice":"Relic","damage_taken":0,"max_hp_gain":0,"max_hp_loss":0,"event_name":"Wheel of Change","floor":12,"gold_loss":0},{"damage_healed":0,"gold_gain":0,"player_choice":"Fought Bandits","damage_taken":0,"max_hp_gain":0,"max_hp_loss":0,"event_name":"Masked Bandits","floor":23,"gold_loss":0}],"is_beta":false,"boss_relics":[{"not_picked":["Tiny House","HoveringKite"],"picked":"Coffee Dripper"}],"items_purged_floors":[],"is_endless":true,"potions_floor_spawned":[3,11,14,19,21,23],"killed_by":"Slavers","ascension_level":20}}