{"host":"8i4doyxqctgl5qb0","time":1611061184,"event":{"mods":["AchievementEnabler","BaseMod","Block Reminder","Colored Powertips","Downfall","Minty Spire (QoL Compilation)","Permanent Neow","Potion Indicator Mod","Rare Cards Sparkle","StSLib","SuperFastMode","The Jungle"],"gold_per_floor":[99,99,99,549,549,549,549,567,582,150,150,162,162,173,190,285,285,285,295,315,315,329,342,342,342,354,454,468,495,495,495,509,609,609,609,623,641,165,185,205,205,10,10,10,10],"floor_reached":43,"language":"ZHS","playtime":2079,"items_purged":["downfall:Icky","Guardian:Strike_Guardian","Guardian:Strike_Guardian"],"score":447,"play_id":"4371ff02-55be-4a46-881d-b92c73c13f10","local_time":"20210119205944","is_ascension_mode":false,"campfire_choices":[{"data":"Guardian:TwinSlam","floor":1.0,"key":"SMITH"},{"floor":11.0,"key":"REST"},{"data":"downfall:Icky","floor":13.0,"key":"PURGE"},{"data":"downfall:Icky","floor":18.0,"key":"PURGE"},{"floor":25.0,"key":"REST"},{"floor":30.0,"key":"REST"},{"data":"Guardian:FuturePlans","floor":35.0,"key":"SMITH"},{"floor":43,"key":"REST"}],"circlet_count":0,"master_deck":["Guardian:Strike_Guardian","Guardian:Strike_Guardian","Guardian:Defend_Guardian","Guardian:Defend_Guardian","Guardian:Defend_Guardian","Guardian:Defend_Guardian","Guardian:CurlUp","Guardian:TwinSlam+1","Guardian:Orbwalk","Guardian:Orbwalk","Guardian:ArmoredProtocol","Guardian:TemporalShield","Guardian:TimeCapacitor","Guardian:Planning","Guardian:EvasiveProtocol","Guardian:PolyBeam","Guardian:BronzeOrb","Guardian:PiercingHide","Guardian:FuturePlans+1","Guardian:TimeSifter","Guardian:VentSteam","Guardian:PrimingBeam+1","J.A.X.","Guardian:BronzeArmor","Guardian:Suspension","Guardian:SentryBeam","Guardian:Reroute+1","Guardian:AncientConstruct","CurseOfTheBell","Guardian:FuturePlans","Guardian:Suspension","Guardian:Planning","expansioncontent:StudyTheSpire","Guardian:SentryBeam","Guardian:Harden+1","Guardian:Incinerate+1","Guardian:Incinerate+1","Guardian:Repulse"],"relics":["Guardian:ModeShifter","Peace Pipe","Membership Card","Pantograph","Busted Crown","Mercury Hourglass","Red Mask","Nloth\u0027s Gift","Calling Bell","Regal Pillow","Darkstone Periapt","Pocketwatch","PreservedInsect","Centennial Puzzle","Meat on the Bone"],"acts_visited":["Exordium","TheCity","TheBeyond"],"potions_floor_usage":[42],"damage_taken":[{"damage":0.0,"enemies":"2 Louse","floor":2.0,"turns":1.0},{"damage":0.0,"enemies":"Cultist","floor":3.0,"turns":1.0},{"damage":0.0,"enemies":"Small Slimes","floor":6.0,"turns":1.0},{"damage":13.0,"enemies":"2 Fungi Beasts","floor":8.0,"turns":6.0},{"damage":16.0,"enemies":"Gremlin Gang","floor":9.0,"turns":7.0},{"damage":2.0,"enemies":"downfall:FleeingMerchant","floor":10.0,"turns":4.0},{"damage":8.0,"enemies":"Red Slaver","floor":12.0,"turns":3.0},{"damage":5.0,"enemies":"Exordium Thugs","floor":14.0,"turns":5.0},{"damage":0.0,"enemies":"2 Fungi Beasts","floor":15.0,"turns":4.0},{"damage":31.0,"enemies":"SI_SHIV_ARCHETYPE","floor":16.0,"turns":9.0},{"damage":11.0,"enemies":"3 Byrds","floor":19.0,"turns":4.0},{"damage":0.0,"enemies":"Snecko","floor":20.0,"turns":6.0},{"damage":26.0,"enemies":"Shelled Parasite and Fungi","floor":22.0,"turns":3.0},{"damage":6.0,"enemies":"Sentry and Sphere","floor":23.0,"turns":7.0},{"damage":2.0,"enemies":"Cultist and Chosen","floor":26.0,"turns":7.0},{"damage":0.0,"enemies":"Centurion and Healer","floor":28.0,"turns":7.0},{"damage":9.0,"enemies":"Masked Bandits","floor":29.0,"turns":5.0},{"damage":11.0,"enemies":"3 Cultists","floor":32.0,"turns":5.0},{"damage":29.0,"enemies":"WA_ARCHETYPE_CALM","floor":33.0,"turns":11.0},{"damage":15.0,"enemies":"3 Darklings","floor":36.0,"turns":6.0},{"damage":8.0,"enemies":"Orb Walker","floor":37.0,"turns":4.0},{"damage":10.0,"enemies":"downfall:FleeingMerchant","floor":38.0,"turns":4.0},{"damage":35.0,"enemies":"Writhing Mass","floor":39.0,"turns":8.0},{"damage":2.0,"enemies":"Sphere and 2 Shapes","floor":40.0,"turns":6.0},{"damage":0,"enemies":"downfall:FleeingMerchant","floor":42,"turns":4}],"seed_played":"5229259983534918645","potions_obtained":[{"floor":9.0,"key":"Fire Potion"},{"floor":15.0,"key":"Fire Potion"},{"floor":16.0,"key":"Fire Potion"},{"floor":20.0,"key":"SneckoOil"},{"floor":23.0,"key":"PowerPotion"},{"floor":26.0,"key":"Fire Potion"},{"floor":40.0,"key":"DistilledChaos"}],"is_trial":false,"path_per_floor":["R","M","M","?","?","M","T","M","M","$","R","M","R","M","M","B",null,"R","M","M","?","M","M","T","R","M","?","M","?","R","?","M","B",null,"R","M","M","$","M","M","T","$","R"],"character_chosen":"GUARDIAN","items_purchased":["Membership Card","Pantograph","Guardian:EvasiveProtocol","Guardian:PolyBeam","PowerPotion","Guardian:FuturePlans","Guardian:Suspension","Guardian:Planning","expansioncontent:StudyTheSpire","Guardian:SentryBeam","PreservedInsect","Centennial Puzzle","LiquidBronze","Guardian:Repulse","bronze:BurnAndBuffPotion","Guardian:Gem_Blue"],"campfire_rested":4,"item_purchase_floors":[10,10,10,10,10,38,38,38,38,38,38,38,38,42,42,42],"current_hp_per_floor":[80,80,80,80,80,80,80,67,51,49,73,65,65,60,60,49,80,80,69,69,69,43,37,37,61,59,59,59,50,74,74,63,51,80,80,65,57,47,12,10,10,22,61,61,61],"gold":10,"neow_bonus":"THREE_ENEMY_KILL","is_daily":false,"chose_seed":false,"campfire_upgraded":2,"win_rate":0.0,"timestamp":1611061184,"path_taken":["R","M","M","?","?","M","T","M","M","$","R","?","R","M","M","BOSS","R","M","M","?","M","M","T","R","M","?","M","?","R","?","M","BOSS","R","M","?","?","?","M","T","$","R"],"items_purchased_type":["Relic","Relic","Card","Card","Potion","Card","Card","Card","Card","Card","Relic","Relic","Potion","Card","Potion","Card"],"build_version":"2020-12-22","purchased_purges":3,"victory":false,"max_hp_per_floor":[80,80,80,80,80,80,80,80,80,80,80,80,80,80,80,80,80,80,80,80,80,80,80,80,80,80,80,80,80,80,80,80,80,80,80,80,80,80,80,80,80,80,80,80,80],"card_choices":[{"not_picked":["Guardian:RollAttack","Guardian:Recover"],"picked":"Guardian:Gem_Cyan","floor":2.0},{"not_picked":["Guardian:Reroute","Guardian:CrystalBeam"],"picked":"Guardian:Orbwalk","floor":3.0},{"not_picked":["Guardian:TemporalStrike","Guardian:Gem_Green"],"picked":"Guardian:ArmoredProtocol","floor":6.0},{"not_picked":["Guardian:Suspension","Guardian:HyperBeam_Guardian"],"picked":"Guardian:TemporalShield","floor":8.0},{"not_picked":["Guardian:Suspension","Guardian:Clone"],"picked":"Guardian:TimeCapacitor","floor":9.0},{"not_picked":["Guardian:Emergency","Guardian:BodySlam"],"picked":"Guardian:Planning","floor":10.0},{"not_picked":["Guardian:Emergency","Guardian:CrystalBeam"],"picked":"Guardian:BronzeOrb","floor":12.0},{"not_picked":["Guardian:Gem_Cyan","Guardian:Reroute"],"picked":"Guardian:PiercingHide","floor":14.0},{"not_picked":["Guardian:PrimingBeam","Guardian:Gem_Cyan"],"picked":"Guardian:FuturePlans","floor":15.0},{"not_picked":["Guardian:HyperBeam_Guardian","Guardian:ExploitGems"],"picked":"Guardian:TimeSifter","floor":16.0},{"not_picked":[],"picked":"Guardian:VentSteam","floor":19.0},{"not_picked":[],"picked":"Guardian:PrimingBeam+1","floor":20.0},{"not_picked":[],"picked":"Guardian:BronzeArmor","floor":22.0},{"not_picked":["Guardian:Incinerate"],"picked":"SKIP","floor":23.0},{"not_picked":[],"picked":"Guardian:Suspension","floor":26.0},{"not_picked":[],"picked":"Guardian:SentryBeam","floor":28.0},{"not_picked":[],"picked":"Guardian:Reroute+1","floor":32.0},{"not_picked":[],"picked":"Guardian:AncientConstruct","floor":33.0},{"not_picked":[],"picked":"Guardian:Gem_Red","floor":36.0},{"not_picked":[],"picked":"Guardian:Gem_Orange","floor":37.0},{"not_picked":["Guardian:Emergency"],"picked":"SKIP","floor":38.0},{"not_picked":[],"picked":"Guardian:Harden+1","floor":39.0},{"not_picked":[],"picked":"Guardian:Incinerate+1","floor":40.0},{"not_picked":[],"picked":"Guardian:Incinerate+1","floor":42}],"player_experience":212874,"relics_obtained":[{"floor":7.0,"key":"Peace Pipe"},{"floor":24.0,"key":"Mercury Hourglass"},{"floor":29.0,"key":"Red Mask"},{"floor":34.0,"key":"Regal Pillow"},{"floor":34.0,"key":"Darkstone Periapt"},{"floor":34.0,"key":"Pocketwatch"},{"floor":41.0,"key":"Meat on the Bone"}],"event_choices":[{"damage_healed":0.0,"max_hp_gain":0.0,"max_hp_loss":0.0,"gold_gain":0.0,"event_name":"Drug Dealer","player_choice":"Obtain J.A.X.","floor":21.0,"gold_loss":0.0,"damage_taken":0.0,"cards_obtained":["J.A.X."]},{"damage_healed":0.0,"max_hp_gain":0.0,"max_hp_loss":0.0,"gold_gain":0.0,"event_name":"Masked Bandits","player_choice":"Fought Bandits","floor":29.0,"gold_loss":0.0,"damage_taken":0.0}],"is_beta":false,"boss_relics":[{"not_picked":["Cursed Key","Guardian:StasisSlotReductionRelic"],"picked":"Busted Crown"},{"not_picked":["Empty Cage","SacredBark"],"picked":"Calling Bell"}],"items_purged_floors":[10,38,42],"is_endless":false,"potions_floor_spawned":[9,15,16,20,23,26,39,40],"ascension_level":0}}