{"host":"1a3cjta80tad0aqj","time":1611094038,"event":{"mods":["2.2 Compatiblity","AchievementEnabler","BaseMod","Colored Map","DeckTracker","KOR Keyword Fix","Keyboard Shortcuts","Minty Spire (QoL Compilation)","Permanent Neow","Quick Restart","Random Character Button","StSLib","SuperFastMode","everything is the same but u backflip on backflip"],"gold_per_floor":[113,113,124,124,134,134,160,160,160,170,13,23,36,48,48,125,125,136,136,98,98,98,98,128,128,154,170,170,200,96,21,21,95,95,108,108,45,95,108,108,128,128,128],"floor_reached":42,"language":"KOR","playtime":1986,"items_purged":["Defend_P","Defend_P","Meditate"],"score":968,"play_id":"cf1271fc-d527-4d1b-b1b6-ee707f40b207","local_time":"20210120070718","is_ascension_mode":true,"campfire_choices":[{"floor":6.0,"key":"REST"},{"floor":8.0,"key":"REST"},{"floor":15.0,"key":"REST"},{"floor":23.0,"key":"REST"},{"floor":28.0,"key":"REST"},{"floor":32.0,"key":"REST"},{"data":"Wallop","floor":40.0,"key":"SMITH"}],"circlet_count":0,"master_deck":["AscendersBane","Eruption+1","Vigilance","FlurryOfBlows","CutThroughFate","ClearTheMind","Adaptation+1","FearNoEvil","Tantrum","MentalFortress+1","MentalFortress+1","InnerPeace","Halt","Purity","Wallop+1"],"relics":["PureWater","Dream Catcher","Prayer Wheel","Frozen Egg 2","Membership Card","Empty Cage","Vajra","Pen Nib","Blood Vial","Pandora\u0027s Box"],"acts_visited":["Exordium","TheCity","TheBeyond"],"potions_floor_usage":[42],"damage_taken":[{"damage":12.0,"enemies":"Cultist","floor":1.0,"turns":3.0},{"damage":11.0,"enemies":"Jaw Worm","floor":3.0,"turns":4.0},{"damage":6.0,"enemies":"Small Slimes","floor":5.0,"turns":3.0},{"damage":27.0,"enemies":"3 Sentries","floor":7.0,"turns":6.0},{"damage":0.0,"enemies":"2 Fungi Beasts","floor":10.0,"turns":2.0},{"damage":10.0,"enemies":"Lots of Slimes","floor":12.0,"turns":5.0},{"damage":13.0,"enemies":"Exordium Thugs","floor":13.0,"turns":4.0},{"damage":3.0,"enemies":"Looter","floor":14.0,"turns":2.0},{"damage":34.0,"enemies":"Slime Boss","floor":16.0,"turns":10.0},{"damage":34.0,"enemies":"2 Thieves","floor":18.0,"turns":5.0},{"damage":18.0,"enemies":"Slavers","floor":24.0,"turns":5.0},{"damage":14.0,"enemies":"3 Byrds","floor":27.0,"turns":4.0},{"damage":23.0,"enemies":"Gremlin Leader","floor":29.0,"turns":4.0},{"damage":0.0,"enemies":"Champ","floor":33.0,"turns":7.0},{"damage":0.0,"enemies":"3 Shapes","floor":35.0,"turns":4.0},{"damage":12.0,"enemies":"Orb Walker","floor":39.0,"turns":3.0},{"damage":33.0,"enemies":"Sphere and 2 Shapes","floor":41.0,"turns":5.0},{"damage":0,"enemies":"Reptomancer","floor":42,"turns":3}],"seed_played":"-8911546290943993976","potions_obtained":[{"floor":3.0,"key":"AttackPotion"},{"floor":5.0,"key":"DuplicationPotion"},{"floor":14.0,"key":"LiquidBronze"},{"floor":16.0,"key":"BottledMiracle"}],"is_trial":false,"path_per_floor":["M","?","M","?","M","R","E","R","T","M","$","M","M","M","R","B",null,"M","?","$","?","?","R","E","?","T","M","R","E","$","?","R","B",null,"M","?","$","?","M","R","M","E"],"character_chosen":"WATCHER","items_purchased":["Membership Card","Purity"],"campfire_rested":6,"item_purchase_floors":[11,30],"current_hp_per_floor":[49,49,38,38,32,52,25,45,45,45,45,35,22,19,39,5,52,18,18,18,18,18,38,20,20,20,6,26,3,3,3,23,25,57,59,59,59,59,49,49,18,20,20],"gold":128,"neow_bonus":"RANDOM_COMMON_RELIC","is_daily":false,"chose_seed":false,"campfire_upgraded":1,"win_rate":0.0,"timestamp":1611094038,"path_taken":["M","?","M","?","M","R","E","R","T","M","$","M","M","M","R","BOSS","M","?","$","?","?","R","E","?","T","?","R","E","$","?","R","BOSS","M","?","$","?","M","R","M","E"],"items_purchased_type":["Relic","Card"],"build_version":"2020-12-22","purchased_purges":3,"victory":false,"max_hp_per_floor":[68,68,68,68,68,68,68,68,68,68,68,68,68,68,68,68,68,68,68,68,68,68,68,68,68,68,68,68,68,68,68,68,68,68,68,68,68,68,68,68,68,68,68],"card_choices":[{"not_picked":["EmptyBody","Prostrate"],"picked":"FlurryOfBlows","floor":1.0},{"not_picked":["ClearTheMind","SandsOfTime","FlurryOfBlows"],"picked":"SKIP","floor":3.0},{"not_picked":["Establishment","WaveOfTheHand"],"picked":"CutThroughFate","floor":5.0},{"not_picked":["Fasting2","Pray"],"picked":"ClearTheMind","floor":6.0},{"not_picked":["EmptyFist","CutThroughFate"],"picked":"Meditate","floor":7.0},{"not_picked":["Brilliance","Protect","Consecrate"],"picked":"SKIP","floor":10.0},{"not_picked":["Prostrate","Collect","Weave"],"picked":"SKIP","floor":10.0},{"not_picked":["JustLucky","Evaluate"],"picked":"Adaptation+1","floor":12.0},{"not_picked":["Indignation","CarveReality","EmptyBody"],"picked":"SKIP","floor":12.0},{"not_picked":["SignatureMove","WreathOfFlame"],"picked":"FearNoEvil","floor":13.0},{"not_picked":["DevaForm+1","Prostrate"],"picked":"Tantrum","floor":13.0},{"not_picked":["FollowUp","Wallop"],"picked":"MentalFortress+1","floor":14.0},{"not_picked":["CutThroughFate","ReachHeaven","Study+1"],"picked":"SKIP","floor":14.0},{"not_picked":["Evaluate","FlurryOfBlows"],"picked":"MentalFortress+1","floor":15.0},{"not_picked":["SashWhip","Prostrate"],"picked":"InnerPeace","floor":18.0},{"not_picked":["JustLucky","BowlingBash"],"picked":"Halt","floor":18.0},{"not_picked":["WindmillStrike","JustLucky","Perseverance"],"picked":"SKIP","floor":24.0},{"not_picked":["Fasting2+1","Consecrate","CutThroughFate+1"],"picked":"SKIP","floor":27.0},{"not_picked":["FlyingSleeves","DeceiveReality+1","LikeWater+1"],"picked":"SKIP","floor":27.0},{"not_picked":["ClearTheMind","Swivel","SpiritShield"],"picked":"SKIP","floor":29.0},{"not_picked":["Crescendo+1","EmptyFist","CutThroughFate"],"picked":"SKIP","floor":35.0},{"not_picked":["Indignation","EmptyBody+1","Wallop"],"picked":"SKIP","floor":35.0},{"not_picked":["Consecrate","Protect","WheelKick+1"],"picked":"SKIP","floor":39.0},{"not_picked":["BowlingBash+1","JustLucky+1","EmptyFist+1"],"picked":"SKIP","floor":39.0},{"not_picked":["Establishment+1","BowlingBash","Perseverance"],"picked":"SKIP","floor":41.0},{"not_picked":["InnerPeace","Crescendo","JustLucky"],"picked":"SKIP","floor":41.0}],"player_experience":794322,"relics_obtained":[{"floor":7.0,"key":"Prayer Wheel"},{"floor":9.0,"key":"Frozen Egg 2"},{"floor":24.0,"key":"Vajra"},{"floor":26.0,"key":"Pen Nib"},{"floor":29.0,"key":"Blood Vial"}],"event_choices":[{"damage_healed":0.0,"max_hp_gain":0.0,"max_hp_loss":0.0,"gold_gain":0.0,"event_name":"Liars Game","player_choice":"Ignored","floor":2.0,"gold_loss":0.0,"damage_taken":0.0},{"damage_healed":0.0,"max_hp_gain":0.0,"max_hp_loss":0.0,"gold_gain":0.0,"event_name":"Accursed Blacksmith","player_choice":"Forge","floor":4.0,"gold_loss":0.0,"damage_taken":0.0,"cards_upgraded":["Eruption"]},{"cards_removed":["Strike_P"],"damage_healed":0.0,"max_hp_gain":0.0,"max_hp_loss":0.0,"gold_gain":0.0,"event_name":"Back to Basics","player_choice":"Elegance","floor":19.0,"gold_loss":0.0,"damage_taken":0.0},{"damage_healed":0.0,"max_hp_gain":0.0,"max_hp_loss":0.0,"gold_gain":0.0,"event_name":"Cursed Tome","player_choice":"Ignored","floor":21.0,"gold_loss":0.0,"damage_taken":0.0},{"damage_healed":0.0,"max_hp_gain":0.0,"max_hp_loss":0.0,"gold_gain":0.0,"event_name":"Vampires","player_choice":"Ignored","floor":22.0,"gold_loss":0.0,"damage_taken":0.0},{"cards_removed":["Strike_P"],"damage_healed":0.0,"max_hp_gain":0.0,"max_hp_loss":0.0,"gold_gain":0.0,"event_name":"Bonfire Elementals","player_choice":"Offered Basic","floor":25.0,"gold_loss":0.0,"damage_taken":0.0},{"cards_removed":["Strike_P"],"damage_healed":0.0,"max_hp_gain":0.0,"max_hp_loss":0.0,"gold_gain":0.0,"event_name":"Beggar","player_choice":"Gave Gold","floor":31.0,"gold_loss":75.0,"damage_taken":0.0},{"damage_healed":0.0,"max_hp_gain":0.0,"max_hp_loss":0.0,"gold_gain":0.0,"event_name":"Tomb of Lord Red Mask","player_choice":"Ignored","floor":36.0,"gold_loss":0.0,"damage_taken":0.0},{"damage_healed":0.0,"max_hp_gain":0.0,"max_hp_loss":0.0,"gold_gain":50.0,"event_name":"Golden Shrine","player_choice":"Pray","floor":38.0,"gold_loss":0.0,"damage_taken":0.0}],"is_beta":false,"boss_relics":[{"not_picked":["SlaversCollar","Busted Crown"],"picked":"Empty Cage"},{"not_picked":["Tiny House","Runic Dome"],"picked":"Pandora\u0027s Box"}],"items_purged_floors":[20,30,37],"is_endless":false,"potions_floor_spawned":[3,5,14,16,24,29,33,39,41],"killed_by":"Reptomancer","ascension_level":20}}