{"host":"1c52r9kaxdyo25eq","time":1611045561,"event":{"mods":["AchievementEnabler","BaseMod","Minty Spire (QoL Compilation)","Rare Cards Sparkle","SuperFastMode","everything is the same but u backflip on backflip"],"gold_per_floor":[118,136,136,61,74,84,96,21,44,78,89,120,120,138,138,243,243,262,274,25,37,57,57,57,57,57,57,57,72,72,86,86,86,86],"floor_reached":33,"language":"KOR","playtime":703,"items_purged":["Defend_P","Defend_P"],"score":261,"play_id":"22eb3858-f2aa-4b78-827f-8edb17f0dd12","local_time":"20210119173921","is_ascension_mode":false,"campfire_choices":[{"floor":13.0,"key":"REST"},{"floor":15.0,"key":"RECALL"},{"floor":23.0,"key":"REST"},{"floor":27,"key":"REST"},{"floor":32,"key":"REST"}],"circlet_count":0,"master_deck":["Strike_P+1","Strike_P+1","Strike_P","Strike_P","Defend_P","Defend_P","Eruption","Vigilance","FlurryOfBlows","EmptyFist","MentalFortress","InnerPeace","Vault","LessonLearned+1","Decay"],"relics":["Fusion Hammer"],"acts_visited":["Exordium","TheCity"],"potions_floor_usage":[],"damage_taken":[{"damage":5.0,"enemies":"Small Slimes","floor":1.0,"turns":3.0},{"damage":5.0,"enemies":"Jaw Worm","floor":2.0,"turns":4.0},{"damage":0.0,"enemies":"Cultist","floor":5.0,"turns":2.0},{"damage":0.0,"enemies":"Looter","floor":6.0,"turns":2.0},{"damage":6.0,"enemies":"Exordium Wildlife","floor":7.0,"turns":3.0},{"damage":11.0,"enemies":"Lagavulin","floor":10.0,"turns":4.0},{"damage":17.0,"enemies":"Exordium Thugs","floor":11.0,"turns":3.0},{"damage":14.0,"enemies":"Gremlin Nob","floor":12.0,"turns":4.0},{"damage":0.0,"enemies":"Gremlin Gang","floor":14.0,"turns":3.0},{"damage":11.0,"enemies":"Slime Boss","floor":16.0,"turns":8.0},{"damage":38.0,"enemies":"2 Thieves","floor":18.0,"turns":4.0},{"damage":2.0,"enemies":"3 Byrds","floor":19.0,"turns":7.0},{"damage":16.0,"enemies":"Snake Plant","floor":21.0,"turns":8.0},{"damage":5.0,"enemies":"Centurion and Healer","floor":22.0,"turns":9.0},{"damage":17,"enemies":"Chosen and Byrds","floor":29,"turns":6},{"damage":30,"enemies":"Snecko","floor":31,"turns":5},{"damage":25,"enemies":"Automaton","floor":33,"turns":6}],"seed_played":"7876264767989340227","potions_obtained":[{"floor":1.0,"key":"Block Potion"},{"floor":7.0,"key":"Strength Potion"},{"floor":10.0,"key":"DistilledChaos"},{"floor":14.0,"key":"Swift Potion"},{"floor":16.0,"key":"AttackPotion"},{"floor":21.0,"key":"Dexterity Potion"},{"floor":31,"key":"Weak Potion"}],"is_trial":false,"path_per_floor":["M","M","?","$","M","M","M","$","T","E","M","E","R","M","R","B",null,"M","M","$","M","M","R","$","?","T","R","$","M","?","M","R","B"],"character_chosen":"WATCHER","items_purchased":["MentalFortress","LessonLearned"],"campfire_rested":4,"item_purchase_floors":[8,20],"current_hp_per_floor":[67,62,67,67,67,67,61,61,61,50,33,19,42,42,42,31,77,39,37,37,21,16,39,39,39,39,62,62,45,45,15,38,13,13],"gold":86,"neow_bonus":"BOSS_RELIC","is_daily":false,"chose_seed":false,"campfire_upgraded":0,"win_rate":0.0,"timestamp":1611045561,"path_taken":["M","M","?","$","M","M","M","?","T","E","M","E","R","?","R","BOSS","M","M","$","M","M","R","$","?","T","R","$","M","?","M","R","BOSS"],"items_purchased_type":["Card","Card"],"build_version":"2020-12-22","purchased_purges":2,"victory":false,"max_hp_per_floor":[72,72,77,77,77,77,77,77,77,77,77,77,77,77,77,77,77,77,77,77,77,77,77,77,77,77,77,77,77,77,77,77,77,77],"card_choices":[{"not_picked":["WreathOfFlame","Evaluate","CrushJoints"],"picked":"SKIP","floor":1.0},{"not_picked":["WaveOfTheHand","ThirdEye"],"picked":"FlurryOfBlows","floor":2.0},{"not_picked":["Wallop","BowlingBash","SignatureMove"],"picked":"SKIP","floor":5.0},{"not_picked":["ClearTheMind","Crescendo"],"picked":"EmptyFist","floor":6.0},{"not_picked":["CrushJoints","JustLucky","Meditate"],"picked":"SKIP","floor":7.0},{"not_picked":["Omniscience","CutThroughFate","EmptyBody"],"picked":"SKIP","floor":10.0},{"not_picked":["Halt","CutThroughFate"],"picked":"InnerPeace","floor":11.0},{"not_picked":["PathToVictory","EmptyBody","Crescendo"],"picked":"SKIP","floor":12.0},{"not_picked":["Meditate","Prostrate","SashWhip"],"picked":"SKIP","floor":14.0},{"not_picked":["ConjureBlade","MasterReality"],"picked":"Vault","floor":16.0},{"not_picked":["Halt","FlyingSleeves","FollowUp+1"],"picked":"SKIP","floor":18.0},{"not_picked":["SashWhip","BowlingBash+1","Consecrate"],"picked":"SKIP","floor":19.0},{"not_picked":["Indignation+1","FearNoEvil","DeceiveReality"],"picked":"SKIP","floor":21.0},{"not_picked":["ThirdEye","ForeignInfluence","FlyingSleeves"],"picked":"SKIP","floor":22.0},{"not_picked":["EmptyBody+1","Crescendo","Fasting2"],"picked":"SKIP","floor":29},{"not_picked":["SignatureMove","FearNoEvil","WheelKick"],"picked":"SKIP","floor":31}],"player_experience":596708,"relics_obtained":[],"event_choices":[{"damage_healed":0.0,"max_hp_gain":5.0,"max_hp_loss":0.0,"gold_gain":0.0,"event_name":"Big Fish","player_choice":"Donut","floor":3.0,"gold_loss":0.0,"damage_taken":0.0},{"damage_healed":0,"gold_gain":0,"player_choice":"Ignored","damage_taken":0,"max_hp_gain":0,"max_hp_loss":0,"event_name":"The Mausoleum","floor":25,"gold_loss":0},{"damage_healed":0,"gold_gain":0,"player_choice":"Cursed","damage_taken":0,"max_hp_gain":0,"max_hp_loss":0,"event_name":"Wheel of Change","floor":30,"gold_loss":0,"cards_obtained":["Decay"]}],"is_beta":false,"boss_relics":[{"not_picked":["Velvet Choker","Busted Crown","Coffee Dripper"]}],"items_purged_floors":[4,20],"is_endless":false,"potions_floor_spawned":[1,7,10,14,16,21,31],"killed_by":"Automaton","ascension_level":0}}