{"host":"la6t950uoatqs0xt","time":1611028851,"event":{"mods":["AchievementEnabler","BaseMod","Colored Powertips","Minty Spire (QoL Compilation)","Quick Restart","Rare Cards Sparkle"],"gold_per_floor":[115,115,36,49,61,61,96,96,122,122,122,139,139,171,171,270,270,284,298,71,82,7,7,33,33,33,33,8,8,19,35,35,136,136,153,78,91,105,105,105],"floor_reached":39,"language":"ENG","playtime":1270,"items_purged":["Bash"],"score":475,"play_id":"41f6d88f-6ae9-488b-ba54-2e41cc79143d","local_time":"20210118230051","is_ascension_mode":true,"campfire_choices":[{"floor":6,"key":"REST"},{"data":"Demon Form","floor":8,"key":"SMITH"},{"floor":10,"key":"REST"},{"data":"Perfected Strike","floor":13,"key":"SMITH"},{"floor":15,"key":"REST"},{"floor":23,"key":"REST"},{"data":"Limit Break","floor":29,"key":"SMITH"},{"data":"Seeing Red","floor":32,"key":"SMITH"}],"circlet_count":0,"master_deck":["Strike_R","Strike_R","Strike_R","Strike_R","Strike_R","Defend_R+1","Defend_R","Defend_R+1","Perfected Strike+1","Spot Weakness+1","Twin Strike","Demon Form+1","Seeing Red+1","Pommel Strike","Limit Break+1","Flex","Perfected Strike","Pommel Strike","Twin Strike","Infernal Blade+1"],"relics":["Burning Blood","Pen Nib","War Paint","Omamori","Cursed Key","Toy Ornithopter","Strawberry","InkBottle"],"acts_visited":["Exordium","TheCity","TheBeyond"],"potions_floor_usage":[16,24,24,35],"damage_taken":[{"damage":13,"enemies":"Jaw Worm","floor":1,"turns":5},{"damage":0,"enemies":"2 Louse","floor":4,"turns":3},{"damage":16,"enemies":"Cultist","floor":5,"turns":4},{"damage":47,"enemies":"Lagavulin","floor":7,"turns":11},{"damage":3,"enemies":"Looter","floor":12,"turns":2},{"damage":24,"enemies":"3 Sentries","floor":14,"turns":5},{"damage":43,"enemies":"The Guardian","floor":16,"turns":11},{"damage":30,"enemies":"3 Byrds","floor":18,"turns":4},{"damage":8,"enemies":"Chosen","floor":19,"turns":4},{"damage":43,"enemies":"Shelled Parasite and Fungi","floor":21,"turns":4},{"damage":53,"enemies":"Gremlin Leader","floor":24,"turns":4},{"damage":16,"enemies":"3 Cultists","floor":30,"turns":5},{"damage":15,"enemies":"Sentry and Sphere","floor":31,"turns":3},{"damage":42,"enemies":"Automaton","floor":33,"turns":6},{"damage":41,"enemies":"3 Darklings","floor":35,"turns":4},{"damage":32,"enemies":"3 Shapes","floor":37,"turns":3},{"damage":36,"enemies":"Jaw Worm Horde","floor":38,"turns":4},{"damage":15,"enemies":"4 Shapes","floor":39,"turns":3}],"seed_played":"7736644707627697430","potions_obtained":[{"floor":1,"key":"SkillPotion"},{"floor":7,"key":"Fruit Juice"},{"floor":21,"key":"Energy Potion"},{"floor":31,"key":"SmokeBomb"},{"floor":33,"key":"LiquidBronze"},{"floor":37,"key":"GamblersBrew"}],"is_trial":false,"path_per_floor":["M","?","$","M","M","R","E","R","T","R","?","M","R","E","R","B",null,"M","M","$","M","$","R","E","?","T","?","$","R","M","M","R","B",null,"M","$","M","M","M"],"character_chosen":"IRONCLAD","items_purchased":["Inflame","Flex","Perfected Strike","Toy Ornithopter","Twin Strike","EssenceOfSteel"],"campfire_rested":4,"item_purchase_floors":[3,20,20,20,28,36],"current_hp_per_floor":[81,63,63,69,59,85,44,44,44,70,70,73,73,55,81,44,88,64,62,62,25,25,51,26,26,26,100,100,100,90,81,81,45,100,70,70,44,14,0,0],"gold":105,"neow_bonus":"TEN_PERCENT_HP_BONUS","is_daily":false,"chose_seed":false,"campfire_upgraded":4,"win_rate":0.0,"timestamp":1611028851,"path_taken":["M","?","$","M","M","R","E","R","T","R","?","?","R","E","R","BOSS","M","M","$","M","$","R","E","?","T","?","$","R","M","M","R","BOSS","M","$","M","M","M"],"items_purchased_type":["Card","Card","Card","Relic","Card","Potion"],"build_version":"2020-12-22","purchased_purges":1,"victory":false,"max_hp_per_floor":[88,88,88,88,88,88,88,88,88,88,88,88,88,88,88,88,88,88,88,88,88,88,88,100,100,100,100,100,100,100,100,100,100,100,100,100,100,100,100,100],"card_choices":[{"not_picked":["Whirlwind","Intimidate"],"picked":"Perfected Strike","floor":1},{"not_picked":["Warcry","Bloodletting"],"picked":"Spot Weakness","floor":4},{"not_picked":["Body Slam","Clash"],"picked":"Twin Strike","floor":5},{"not_picked":["Wild Strike","Headbutt"],"picked":"Demon Form","floor":7},{"not_picked":["Clash","Battle Trance"],"picked":"Pommel Strike","floor":12},{"not_picked":["Pummel","Thunderclap","Reckless Charge"],"picked":"SKIP","floor":14},{"not_picked":["Brutality","Immolate"],"picked":"Limit Break","floor":16},{"not_picked":["Havoc","Warcry","Reckless Charge+1"],"picked":"SKIP","floor":18},{"not_picked":["Sword Boomerang","Shrug It Off","Pummel+1"],"picked":"SKIP","floor":19},{"not_picked":["Clash","Anger"],"picked":"Pommel Strike","floor":21},{"not_picked":["Combust","Evolve","Infernal Blade"],"picked":"SKIP","floor":24},{"not_picked":["Wild Strike+1","Iron Wave"],"picked":"Infernal Blade+1","floor":30},{"not_picked":["Headbutt+1","Rage","Warcry"],"picked":"SKIP","floor":31},{"not_picked":["Disarm+1","Pommel Strike","Flex"],"picked":"SKIP","floor":35},{"not_picked":["Dual Wield+1","Reckless Charge","Armaments"],"picked":"SKIP","floor":37},{"not_picked":["Clash","Armaments+1","Power Through"],"picked":"SKIP","floor":38}],"player_experience":265901,"relics_obtained":[{"floor":7,"key":"Pen Nib"},{"floor":9,"key":"War Paint"},{"floor":14,"key":"Omamori"},{"floor":24,"key":"Strawberry"},{"floor":26,"key":"InkBottle"}],"event_choices":[{"damage_healed":0,"gold_gain":0,"player_choice":"Entered Light","damage_taken":18,"max_hp_gain":0,"max_hp_loss":0,"event_name":"Shining Light","floor":2,"gold_loss":0,"cards_upgraded":["Defend_R","Defend_R"]},{"damage_healed":0,"gold_gain":0,"cards_transformed":["Defend_R"],"player_choice":"Transformed","damage_taken":0,"max_hp_gain":0,"max_hp_loss":0,"event_name":"Transmorgrifier","floor":11,"gold_loss":0,"cards_obtained":["Seeing Red"]},{"damage_healed":0,"gold_gain":0,"player_choice":"Ignored","damage_taken":0,"max_hp_gain":0,"max_hp_loss":0,"event_name":"Vampires","floor":25,"gold_loss":0},{"cards_removed":["Inflame"],"damage_healed":74,"gold_gain":0,"player_choice":"Offered Uncommon","damage_taken":0,"max_hp_gain":0,"max_hp_loss":0,"event_name":"Bonfire Elementals","floor":27,"gold_loss":0}],"is_beta":false,"boss_relics":[{"not_picked":["Ectoplasm","Busted Crown"],"picked":"Cursed Key"},{"not_picked":["Snecko Eye","Pandora\u0027s Box","Coffee Dripper"]}],"items_purged_floors":[22],"is_endless":false,"potions_floor_spawned":[1,7,16,21,31,33,37,38],"killed_by":"4 Shapes","ascension_level":2}}