{"host":"7fyy23rucerupe6i","time":1611038233,"event":{"mods":["AchievementEnabler","Act Like it!","BaseMod","BetterRewards","Colored Map","Colored Powertips","Conspire","Custom Start","Downfall","Marisa£®ÏF”Í°°ƒß¿Ì…≥£©","Minty Spire (QoL Compilation)","Quick Restart","Shop Mod","Spicy Shops","StSLib","SuperFastMode","The Factory","The Jungle","UnlockEverythingMod"],"gold_per_floor":[111,111,124,139,149,177,177,203,203,203,221,249,95,176,176,274,274,292,304,336,353,364,364,364],"floor_reached":23,"language":"ZHS","playtime":754,"items_purged":[],"score":354,"play_id":"9a88b120-8b3c-400d-9ace-ff2ed472176c","local_time":"20210119143713","is_ascension_mode":true,"campfire_choices":[{"data":"ManaRampage","floor":7,"key":"SMITH"},{"data":"FinalSpark","floor":15,"key":"SMITH"}],"circlet_count":0,"master_deck":["Strike_MRS","Strike_MRS","Strike_MRS","Strike_MRS","Defend_MRS","Defend_MRS","Defend_MRS","Defend_MRS","MasterSpark","UpSweep","6A","PropBag","Acceleration","FinalSpark+1","ManaRampage+1","Singularity","PowerUp","CollectingQuirk","EarthLightRay+1"],"relics":["MiniHakkero","NeowsBlessing","WarpedTongs","bronze:BronzeIdol","BreadOfAWashokuLover","AmplifyWand","Spirit Poop","hexamod:CandleOfCauterizing","Chemical X","Question Card","Busted Crown","Red Mask"],"acts_visited":["Exordium","TheCity"],"potions_floor_usage":[6,16,19,23],"damage_taken":[{"damage":0,"enemies":"Jaw Worm","floor":1,"turns":1},{"damage":0,"enemies":"Cultist","floor":3,"turns":1},{"damage":0,"enemies":"2 Louse","floor":4,"turns":1},{"damage":17,"enemies":"2 Fungi Beasts","floor":5,"turns":3},{"damage":25,"enemies":"3 Sentries","floor":6,"turns":5},{"damage":8,"enemies":"Lagavulin","floor":8,"turns":5},{"damage":2,"enemies":"Large Slime","floor":11,"turns":4},{"damage":18,"enemies":"Gremlin Nob","floor":12,"turns":4},{"damage":0,"enemies":"Slime Boss","floor":16,"turns":2},{"damage":0,"enemies":"Spheric Guardian","floor":18,"turns":1},{"damage":15,"enemies":"3 Byrds","floor":19,"turns":3},{"damage":2,"enemies":"Masked Bandits","floor":20,"turns":2},{"damage":0,"enemies":"Centurion and Healer","floor":21,"turns":2},{"damage":15,"enemies":"3 Cultists","floor":22,"turns":4},{"damage":38,"enemies":"Slavers","floor":23,"turns":3}],"seed_played":"-395965689955498925","potions_obtained":[{"floor":1,"key":"Energy Potion"},{"floor":5,"key":"Regen Potion"},{"floor":8,"key":"Fire Potion"},{"floor":12,"key":"PowerPotion"},{"floor":18,"key":"BottledSpark"},{"floor":19,"key":"Guardian:BlockOnCardUsePotion"}],"is_trial":false,"path_per_floor":["M","?","M","M","M","E","R","E","T","?","M","E","$","T","R","B",null,"M","M","?","M","M","E"],"character_chosen":"MARISA","items_purchased":["Chemical X"],"campfire_rested":0,"item_purchase_floors":[13],"current_hp_per_floor":[68,68,68,68,51,38,38,30,30,30,28,10,10,10,10,22,62,62,47,45,45,30,0,0],"gold":364,"neow_bonus":"THREE_ENEMY_KILL","is_daily":false,"chose_seed":false,"campfire_upgraded":2,"win_rate":0.0,"timestamp":1611038233,"path_taken":["M","?","M","?","M","E","R","E","T","?","?","E","$","?","R","BOSS","M","M","?","M","M","E"],"items_purchased_type":["Relic"],"build_version":"2020-12-22","purchased_purges":0,"victory":false,"max_hp_per_floor":[75,75,75,75,75,75,75,75,75,75,75,75,75,75,75,75,75,75,75,75,75,75,75,75],"card_choices":[{"not_picked":["AsteroidBelt","DC"],"picked":"6A","floor":1},{"not_picked":["SporeBomb","EarthLightRay"],"picked":"PropBag","floor":3},{"not_picked":["DoubleSpark","ShootingEcho"],"picked":"Acceleration","floor":4},{"not_picked":["NonDirectionalLaser","LuminesStrike"],"picked":"FinalSpark","floor":5},{"not_picked":["MaximisePower","MagicChant"],"picked":"ManaRampage","floor":6},{"not_picked":["IllusionStar","Orbital"],"picked":"Singularity","floor":8},{"not_picked":["NonDirectionalLaser","Robbery"],"picked":"PowerUp","floor":11},{"not_picked":["GravityBeat","IllusionStar","Singularity"],"picked":"SKIP","floor":12},{"not_picked":["EscapeVelocity","MaximisePower","BlazingStar"],"picked":"CollectingQuirk","floor":16},{"not_picked":["WitchOfGreed","UnstableBomb"],"picked":"SKIP","floor":18},{"not_picked":["ManaConvection","GalacticHalo"],"picked":"SKIP","floor":19},{"not_picked":["GalacticHalo","Acceleration"],"picked":"SKIP","floor":21},{"not_picked":["DeepEcoloBomb+1"],"picked":"EarthLightRay+1","floor":22}],"player_experience":349442,"relics_obtained":[{"floor":6,"key":"bronze:BronzeIdol"},{"floor":8,"key":"BreadOfAWashokuLover"},{"floor":9,"key":"AmplifyWand"},{"floor":12,"key":"hexamod:CandleOfCauterizing"},{"floor":14,"key":"Question Card"},{"floor":20,"key":"Red Mask"}],"event_choices":[{"damage_healed":0,"gold_gain":0,"player_choice":"Rummage","damage_taken":0,"relics_obtained":["WarpedTongs"],"max_hp_gain":0,"max_hp_loss":0,"event_name":"Accursed Blacksmith","floor":2,"gold_loss":0,"cards_obtained":["Pain"]},{"cards_removed":["Pain"],"damage_healed":0,"gold_gain":0,"player_choice":"Offered Curse","damage_taken":0,"relics_obtained":["Spirit Poop"],"max_hp_gain":0,"max_hp_loss":0,"event_name":"Bonfire Elementals","floor":10,"gold_loss":0},{"damage_healed":0,"gold_gain":0,"player_choice":"Fought Bandits","damage_taken":0,"max_hp_gain":0,"max_hp_loss":0,"event_name":"Masked Bandits","floor":20,"gold_loss":0}],"is_beta":false,"boss_relics":[{"not_picked":["Runic Dome","Philosopher\u0027s Stone"],"picked":"Busted Crown"}],"items_purged_floors":[],"is_endless":false,"potions_floor_spawned":[1,5,8,12,18,19,20],"killed_by":"Slavers","ascension_level":7}}