{"host":"56ghxnzsglgdq727","time":1611031204,"event":{"mods":["AchievementEnabler","BaseMod","Downfall","Duelist Mod","Minty Spire (QoL Compilation)","Rare Cards Sparkle","StSLib","The Bug Knight","The Exalted","The Senshi","The Wild Card"],"gold_per_floor":[135,151,151,165,18,18,18,18,18,18,32,32,64,64,64,162,162,179,179,192,192,192,192,223,238,238,255,255,255],"floor_reached":28,"language":"ENG","playtime":883,"items_purged":[],"score":330,"play_id":"a31875ba-fe5a-4150-9afe-ba32131e4891","local_time":"20210118234004","is_ascension_mode":true,"campfire_choices":[{"data":"theDuelist:GravityLash","floor":6,"key":"SMITH"},{"data":"theDuelist:YamataDragon","floor":8,"key":"SMITH"},{"data":"theDuelist:LesserDragon","floor":10,"key":"SMITH"},{"floor":15,"key":"REST"},{"floor":23,"key":"REST"}],"circlet_count":0,"master_deck":["theDuelist:BabyDragon","theDuelist:CastleWalls","theDuelist:CaveDragon","theDuelist:CaveDragon","theDuelist:LesserDragon+1","theDuelist:LesserDragon","theDuelist:Sparks","theDuelist:YamataDragon+1","theDuelist:GravityLash+1","theDuelist:FireDarts","theDuelist:CyberDragonInfinity","theDuelist:VampireCurse","theDuelist:BlueEyesUltimate"],"relics":["theDuelist:MillenniumPuzzle","theDuelist:CardPoolRelic","theDuelist:CardPoolBasicRelic","theDuelist:BoosterPackPoolRelic","theDuelist:CardPoolAddRelic","theDuelist:CardPoolMinusRelic","theDuelist:CardPoolSaveRelic","theDuelist:CardPoolOptionsRelic","theDuelist:MillenniumRing","Gremlin Horn","Empty Cage","Enchiridion","theDuelist:MillenniumArmor","theDuelist:ArmorPlateA","Bromod:ArcaneNullifier"],"acts_visited":["Exordium","TheCity"],"potions_floor_usage":[16,20,28,28],"damage_taken":[{"damage":0,"enemies":"2 Louse","floor":1,"turns":2},{"damage":5,"enemies":"Cultist","floor":2,"turns":3},{"damage":3,"enemies":"Small Slimes","floor":4,"turns":3},{"damage":11,"enemies":"Exordium Thugs","floor":11,"turns":4},{"damage":31,"enemies":"HollowMod:MossKnight","floor":13,"turns":4},{"damage":7,"enemies":"The Guardian","floor":16,"turns":15},{"damage":17,"enemies":"Shell Parasite","floor":18,"turns":4},{"damage":2,"enemies":"3 Byrds","floor":20,"turns":3},{"damage":4,"enemies":"theDuelist:KaibaA2","floor":24,"turns":6},{"damage":0,"enemies":"Snecko","floor":25,"turns":5},{"damage":5,"enemies":"Snake Plant","floor":27,"turns":4},{"damage":63,"enemies":"Book of Stabbing","floor":28,"turns":5}],"seed_played":"-4609223084443351415","potions_obtained":[{"floor":2,"key":"theDuelist:ElectricPotion"},{"floor":13,"key":"theDuelist:OrbBottle"},{"floor":18,"key":"Swift Potion"},{"floor":24,"key":"theDuelist:WhiteBottle"}],"is_trial":false,"path_per_floor":["M","M","?","M","$","R","?","R","T","R","M","$","E","$","R","B",null,"M","?","M","?","?","R","E","M","T","M","E"],"character_chosen":"THE_DUELIST","items_purchased":["ClockworkSouvenir"],"campfire_rested":2,"item_purchase_floors":[5],"current_hp_per_floor":[80,75,75,72,72,72,72,72,72,72,61,61,30,30,56,49,78,61,61,59,43,43,69,65,65,65,60,0,0],"gold":255,"neow_bonus":"TEN_PERCENT_HP_BONUS","is_daily":false,"chose_seed":false,"campfire_upgraded":3,"win_rate":0.0,"timestamp":1611031204,"path_taken":["M","M","?","?","$","R","?","R","T","R","M","?","E","$","R","BOSS","M","?","?","?","?","R","E","?","T","M","E"],"items_purchased_type":["Relic"],"build_version":"2020-12-22","purchased_purges":0,"victory":false,"max_hp_per_floor":[88,88,88,88,88,88,88,88,88,88,88,88,88,88,88,88,88,88,88,88,88,88,88,88,88,88,88,88,88],"card_choices":[{"not_picked":["theDuelist:YamataDragon","theDuelist:Pyrorex","theDuelist:RedRisingDragon","theDuelist:Freezadon","theDuelist:CyberDragonDrei"],"picked":"SKIP","floor":1},{"not_picked":["theDuelist:EyeTimaeus","theDuelist:DefenseDraw","theDuelist:CyberDragonNachster","theDuelist:BlackBrachios"],"picked":"theDuelist:GravityLash","floor":2},{"not_picked":["theDuelist:VeilDarkness","theDuelist:EvilMind","theDuelist:DarkDriceratops","theDuelist:TrihornedDragon","theDuelist:BlackVeloci"],"picked":"SKIP","floor":4},{"not_picked":["theDuelist:SafeZone","theDuelist:DragonCaptureJar","theDuelist:DefenseZone+1","theDuelist:DragonShield+1"],"picked":"theDuelist:FireDarts","floor":11},{"not_picked":["theDuelist:JurassicImpact","theDuelist:DragonCaptureJar","theDuelist:DefenseDraw","theDuelist:Berserking","theDuelist:BackupSoldier"],"picked":"SKIP","floor":13},{"not_picked":["theDuelist:TailSwipe","theDuelist:FiveHeaded","theDuelist:ArmedProtectorDragon","theDuelist:GravityLash"],"picked":"theDuelist:CyberDragonInfinity","floor":16},{"not_picked":["theDuelist:MegafleetDragon","theDuelist:LavaDragon","theDuelist:HazyFlameHydra+1","theDuelist:AncientPixieDragon","theDuelist:CoralDragon"],"picked":"SKIP","floor":18},{"not_picked":["theDuelist:Kabazauls","theDuelist:Hydrogeddon","theDuelist:DarkHorus+1","theDuelist:BlackStego","theDuelist:ThunderDragon"],"picked":"SKIP","floor":20},{"not_picked":["theDuelist:SpiralSpearStrike+1","theDuelist:FireDarts","theDuelist:DragonShield+1","theDuelist:DragonCaptureJar","theDuelist:DefenseZone+1"],"picked":"SKIP","floor":24},{"not_picked":["Bandage Up+1","Dramatic Entrance+1","Enlightenment","Madness+1"],"picked":"SKIP","floor":25},{"not_picked":["theDuelist:MadFlameKaiju","theDuelist:GaiaDragonChamp+1"],"picked":"theDuelist:BlueEyesUltimate","floor":27}],"player_experience":287610,"relics_obtained":[{"floor":9,"key":"theDuelist:MillenniumRing"},{"floor":13,"key":"Gremlin Horn"},{"floor":21,"key":"Enchiridion"},{"floor":24,"key":"theDuelist:ArmorPlateA"},{"floor":26,"key":"Bromod:ArcaneNullifier"}],"event_choices":[{"damage_healed":0,"gold_gain":0,"player_choice":"Leave","duelist":true,"damage_taken":0,"max_hp_gain":0,"max_hp_loss":0,"event_name":"Battle City","floor":3,"gold_loss":0},{"damage_healed":0,"gold_gain":0,"player_choice":"Scored: 2494","duelist":true,"damage_taken":0,"max_hp_gain":0,"max_hp_loss":0,"event_name":"Visit from Anubis","floor":7,"gold_loss":0},{"damage_healed":0,"gold_gain":0,"player_choice":"Leave","duelist":true,"damage_taken":0,"max_hp_gain":0,"max_hp_loss":0,"event_name":"Relic Duplicator","floor":19,"gold_loss":0},{"damage_healed":0,"gold_gain":0,"player_choice":"Obtained Book","damage_taken":16,"max_hp_gain":0,"max_hp_loss":0,"event_name":"Cursed Tome","floor":21,"gold_loss":0},{"damage_healed":0,"gold_gain":0,"player_choice":"Took item - Received: Millennium Armor","duelist":true,"damage_taken":0,"max_hp_gain":0,"max_hp_loss":0,"event_name":"Millennium Items","floor":22,"gold_loss":0}],"is_beta":false,"boss_relics":[{"not_picked":["Mark of Pain","Astrolabe"],"picked":"Empty Cage"}],"items_purged_floors":[],"is_endless":false,"potions_floor_spawned":[2,13,18,24],"killed_by":"Book of Stabbing","ascension_level":8}}