{"host":"axrdhsaugr8t8srp","time":1611051738,"event":{"mods":["BaseMod","Minty Spire (QoL Compilation)","StSLib"],"gold_per_floor":[114,132,57,57,57,57,85,85,85,112,12,12,50,74,74,74,74],"floor_reached":16,"language":"ENG","playtime":416,"items_purged":["Strike_R","Regret"],"score":254,"play_id":"e2abeb8f-35df-4089-9e2f-fd6ff4e2b6ec","local_time":"20210119212218","is_ascension_mode":true,"campfire_choices":[{"data":"Bash","floor":6,"key":"SMITH"},{"data":"Shrug It Off","floor":8,"key":"SMITH"},{"data":"Bloodletting","floor":15,"key":"SMITH"}],"circlet_count":0,"master_deck":["AscendersBane","Strike_R","Strike_R","Strike_R","Strike_R","Defend_R","Defend_R","Defend_R","Defend_R","Bash+1","Shrug It Off+1","Anger","Bloodletting+1","Twin Strike"],"relics":["Burning Blood","NeowsBlessing","Kunai","Lantern","Letter Opener","Anchor","CeramicFish"],"acts_visited":["Exordium"],"potions_floor_usage":[10,13],"damage_taken":[{"damage":0,"enemies":"Jaw Worm","floor":1,"turns":1},{"damage":0,"enemies":"2 Louse","floor":2,"turns":1},{"damage":0,"enemies":"Lagavulin","floor":7,"turns":1},{"damage":39,"enemies":"3 Sentries","floor":10,"turns":12},{"damage":24,"enemies":"Gremlin Nob","floor":13,"turns":5},{"damage":0,"enemies":"Cultist","floor":14,"turns":3},{"damage":31,"enemies":"Slime Boss","floor":16,"turns":9}],"seed_played":"3031499041850221715","potions_obtained":[{"floor":7,"key":"Swift Potion"},{"floor":12,"key":"Ancient Potion"},{"floor":12,"key":"FearPotion"},{"floor":13,"key":"Ancient Potion"}],"is_trial":false,"path_per_floor":["M","M","$","?","$","R","E","R","T","E","$","?","E","M","R","B"],"character_chosen":"IRONCLAD","items_purchased":[],"campfire_rested":0,"item_purchase_floors":[],"current_hp_per_floor":[74,75,75,75,75,75,75,75,75,42,42,42,24,30,30,0,0],"gold":74,"neow_bonus":"THREE_ENEMY_KILL","is_daily":false,"chose_seed":false,"campfire_upgraded":3,"win_rate":0.0,"timestamp":1611051738,"path_taken":["M","M","$","?","$","R","E","R","T","E","$","?","E","M","R","BOSS"],"items_purchased_type":[],"build_version":"2020-12-22","purchased_purges":2,"victory":false,"max_hp_per_floor":[75,75,75,75,75,75,75,75,75,75,75,75,75,75,75,75,75],"card_choices":[{"not_picked":["Pommel Strike","Perfected Strike"],"picked":"Shrug It Off","floor":1},{"not_picked":["Clash","Warcry","Sword Boomerang"],"picked":"SKIP","floor":2},{"not_picked":["Wild Strike","Twin Strike","Iron Wave"],"picked":"SKIP","floor":7},{"not_picked":["Bludgeon","Armaments"],"picked":"Anger","floor":10},{"not_picked":["Heavy Blade","Whirlwind"],"picked":"Bloodletting","floor":13},{"not_picked":["Havoc","True Grit"],"picked":"Twin Strike","floor":14}],"player_experience":796410,"relics_obtained":[{"floor":7,"key":"Lantern"},{"floor":9,"key":"Letter Opener"},{"floor":10,"key":"Anchor"},{"floor":13,"key":"CeramicFish"}],"event_choices":[{"damage_healed":0,"gold_gain":0,"player_choice":"Box","damage_taken":0,"relics_obtained":["Kunai"],"max_hp_gain":0,"max_hp_loss":0,"event_name":"Big Fish","floor":4,"gold_loss":0,"cards_obtained":["Regret"]},{"damage_healed":0,"gold_gain":0,"player_choice":"Got Potions","damage_taken":0,"max_hp_gain":0,"max_hp_loss":0,"event_name":"Lab","floor":12,"gold_loss":0}],"is_beta":false,"boss_relics":[],"items_purged_floors":[3,11],"is_endless":false,"potions_floor_spawned":[7,13],"killed_by":"Slime Boss","ascension_level":16}}