{"host":"u7y6mp3waw4jt65j","time":1611054043,"event":{"mods":["ATMod(°¢èªMod)","Aspiration","BaseMod","Conspire","Dota2Spire","Jedi Mod","Minty Spire (QoL Compilation)","Replay The Spire","StSLib","¡¾ÒÅÎï¿¨ÅÆ¡¿REMEMod"],"gold_per_floor":[115,190,190,190,201,201,201,227,298,298,316,331,331,378,378,378,378],"floor_reached":16,"language":"ZHS","playtime":501,"items_purged":[],"score":167,"play_id":"cb290ac1-4f4a-4af7-a9e9-8475239c29ce","local_time":"20210119190043","is_ascension_mode":true,"campfire_choices":[{"data":"AT_OneInchPunch","floor":6,"key":"SMITH"},{"data":"Blasphemy","floor":10,"key":"SMITH"},{"floor":13,"key":"REST"},{"data":"Evolve","floor":15,"key":"SMITH"}],"circlet_count":0,"master_deck":["AscendersBane","Strike_R","Strike_R","Strike_R","Strike_R","Strike_R","Defend_R","Defend_R","Defend_R","Defend_R","Bash","Blasphemy+1","AT_OneInchPunch+1","Thunderclap","Regret","Cleave","Evolve+1"],"relics":["Burning Blood","AT_ATBox","REME_ComplimentaryCards","aspiration:Nostalgia","Cracked Core","Tiny Chest","FaceOfCleric","Pear","Vajra"],"acts_visited":["Exordium"],"potions_floor_usage":[16],"damage_taken":[{"damage":7,"enemies":"Jaw Worm","floor":1,"turns":2},{"damage":12,"enemies":"Small Slimes","floor":5,"turns":2},{"damage":27,"enemies":"3 Sentries","floor":8,"turns":5},{"damage":0,"enemies":"Cultist","floor":11,"turns":2},{"damage":11,"enemies":"Exordium Thugs","floor":12,"turns":2},{"damage":91,"enemies":"Fading Forest","floor":16,"turns":9}],"seed_played":"4820987139536989468","potions_obtained":[{"floor":12,"key":"AttackPotion"}],"is_trial":false,"path_per_floor":["M","?","?","?","M","R","?","E","T","R","M","M","R","T","R","B"],"character_chosen":"IRONCLAD","items_purchased":[],"campfire_rested":1,"item_purchase_floors":[],"current_hp_per_floor":[67,56,56,56,50,50,50,40,40,40,47,43,69,69,69,0,0],"gold":378,"neow_bonus":"NOSTALGIA","is_daily":false,"chose_seed":false,"campfire_upgraded":3,"win_rate":0.0,"timestamp":1611054043,"path_taken":["M","?","?","?","?","R","?","E","T","R","?","M","R","?","R","BOSS"],"items_purchased_type":[],"build_version":"2020-12-22","purchased_purges":0,"victory":false,"max_hp_per_floor":[75,75,75,75,75,75,75,86,86,86,87,88,88,88,88,88,88],"card_choices":[{"not_picked":["Replay:Undeath\u0027s Touch","Clash"],"picked":"Thunderclap","floor":1},{"not_picked":["AT_ManFootWork","Warcry","Run Through"],"picked":"SKIP","floor":5},{"not_picked":["Twin Strike","jedi:hate"],"picked":"Cleave","floor":8},{"not_picked":["Clothesline","Sever Soul","Anger"],"picked":"SKIP","floor":11},{"not_picked":["conspire:ExplosiveBarrier","Wild Strike"],"picked":"Evolve","floor":12}],"player_experience":137361,"relics_obtained":[{"floor":8,"key":"Pear"},{"floor":14,"key":"Vajra"}],"event_choices":[{"damage_healed":0,"gold_gain":75,"player_choice":"Gather Gold","damage_taken":11,"max_hp_gain":0,"max_hp_loss":0,"event_name":"World of Goop","floor":2,"gold_loss":0},{"damage_healed":0,"gold_gain":0,"player_choice":"Leave","damage_taken":0,"max_hp_gain":0,"max_hp_loss":0,"event_name":"conspire:Investor","floor":3,"gold_loss":0},{"damage_healed":0,"gold_gain":0,"player_choice":"Box","damage_taken":0,"relics_obtained":["Tiny Chest"],"max_hp_gain":0,"max_hp_loss":0,"event_name":"Big Fish","floor":4,"gold_loss":0,"cards_obtained":["Regret"]},{"damage_healed":0,"gold_gain":0,"player_choice":"Trade","damage_taken":0,"relics_obtained":["FaceOfCleric"],"max_hp_gain":0,"max_hp_loss":0,"event_name":"FaceTrader","floor":7,"gold_loss":0}],"is_beta":false,"boss_relics":[],"items_purged_floors":[],"is_endless":false,"potions_floor_spawned":[12],"killed_by":"Fading Forest","ascension_level":14}}