{"host":"exhp4inpfmbngj23","time":1611022250,"event":{"mods":["Abigail Mod","BaseMod","Beaked The Cultist","Downfall","Friendly Minions","Gremlin Mod","Kiyohime????","Minty Spire (QoL Compilation)","StSLib","The Alterego"],"gold_per_floor":[99,99,114,99,112,131,179,79,91,91,101,1,15,47,58,153,153,53,64,81,94,112,112,135,135,154,154,56,56,56,200,213,310,310,310,327,273,285,285,285,285,285,285,296,312,45,45,45,63,63,63,63],"floor_reached":50,"language":"ENG","playtime":3536,"items_purged":[],"score":546,"play_id":"e6599170-51f3-4990-9bc6-2af28e36dd77","local_time":"20210118181050","is_ascension_mode":false,"campfire_choices":[{"floor":1,"key":"RECALL"},{"data":"Guardian:CurlUp","floor":8,"key":"SMITH"},{"data":"Guardian:TwinSlam","floor":10,"key":"SMITH"},{"data":"Guardian:SpikerProtocol","floor":12,"key":"SMITH"},{"data":"Guardian:StasisStrike","floor":18,"key":"SMITH"},{"data":"Guardian:PrismaticBeam","floor":23,"key":"SMITH"},{"data":"Guardian:SpikerProtocol","floor":25,"key":"SMITH"},{"data":"Guardian:BodySlam","floor":27,"key":"SMITH"},{"data":"Guardian:BaubleBeam","floor":35,"key":"SMITH"},{"data":"expansioncontent:AwakenDeath","floor":43,"key":"SMITH"}],"circlet_count":0,"master_deck":["Guardian:Strike_Guardian","Guardian:Strike_Guardian","Guardian:Strike_Guardian","Guardian:Strike_Guardian","Guardian:Defend_Guardian","Guardian:Defend_Guardian","Guardian:Defend_Guardian","Guardian:Defend_Guardian","Guardian:CurlUp+1","Guardian:TwinSlam+1","Guardian:BronzeArmor","Guardian:SpikerProtocol+1","Guardian:PrismaticBeam+1","Guardian:BodySlam+1","Guardian:StasisStrike+1","Guardian:RollAttack","Guardian:SpikerProtocol+1","Guardian:ShieldCharger","Guardian:Preprogram+1","Guardian:PrimingBeam","expansioncontent:AwakenDeath+1","Guardian:ChargeCore","Guardian:ShieldCharger","Guardian:Harden","Guardian:ExploitGems","Guardian:PrimingBeam+1","Guardian:ArmoredProtocol","Guardian:BaubleBeam+1","Guardian:RollAttack+1","Guardian:CrystalBeam","Guardian:Recover","Guardian:MultiBeam","Guardian:WalkerClaw","Guardian:EvasiveProtocol+1","Guardian:TemporalStrike+1"],"relics":["Guardian:ModeShifter","downfall:HeartBlessingRed","downfall:HeartBlessingBlue","Boot","Busted Crown","downfall:HeartBlessingGreen","Bag of Preparation","MutagenicStrength","Orrery","Black Star","Letter Opener","beaked:ShinyBauble"],"acts_visited":["Exordium","TheCity","TheBeyond"],"potions_floor_usage":[14,14,50,50,50],"damage_taken":[{"damage":10,"enemies":"Jaw Worm","floor":3,"turns":5},{"damage":0,"enemies":"downfall:FleeingMerchant","floor":4,"turns":4},{"damage":1,"enemies":"Cultist","floor":5,"turns":4},{"damage":0,"enemies":"2 Louse","floor":6,"turns":3},{"damage":0,"enemies":"Exordium Wildlife","floor":9,"turns":4},{"damage":0,"enemies":"Red Slaver","floor":11,"turns":3},{"damage":2,"enemies":"Exordium Thugs","floor":13,"turns":3},{"damage":9,"enemies":"Lagavulin","floor":14,"turns":7},{"damage":6,"enemies":"Large Slime","floor":15,"turns":7},{"damage":45,"enemies":"IC_STATUS_ARCHETYPE","floor":16,"turns":10},{"damage":12,"enemies":"Shell Parasite","floor":19,"turns":4},{"damage":0,"enemies":"Chosen","floor":20,"turns":4},{"damage":1,"enemies":"Snake Plant","floor":21,"turns":3},{"damage":6,"enemies":"Snecko","floor":22,"turns":7},{"damage":10,"enemies":"Shelled Parasite and Fungi","floor":26,"turns":4},{"damage":0,"enemies":"downfall:FleeingMerchant","floor":28,"turns":4},{"damage":0,"enemies":"downfall:FleeingMerchant","floor":31,"turns":4},{"damage":21,"enemies":"Snake Plant","floor":32,"turns":3},{"damage":0,"enemies":"WA_ARCHETYPE_CALM","floor":33,"turns":8},{"damage":10,"enemies":"3 Shapes","floor":36,"turns":4},{"damage":9,"enemies":"Orb Walker","floor":38,"turns":3},{"damage":9,"enemies":"Sphere and 2 Shapes","floor":44,"turns":3},{"damage":2,"enemies":"Jaw Worm Horde","floor":45,"turns":5},{"damage":8,"enemies":"Writhing Mass","floor":49,"turns":7},{"damage":93,"enemies":"DF_ARCHETYPE_ORBS","floor":50,"turns":13}],"seed_played":"-5992820396222355780","potions_obtained":[{"floor":5,"key":"DuplicationPotion"},{"floor":6,"key":"Block Potion"},{"floor":13,"key":"Fire Potion"},{"floor":15,"key":"BlessingOfTheForge"},{"floor":20,"key":"Guardian:AcceleratePotion"}],"is_trial":false,"path_per_floor":["R","?","M","$","M","M","T","R","M","R","M","R","M","E","M","B",null,"R","M","M","M","M","R","T","R","M","R","$","?","?","$","M","B",null,"R","M","$","M","?","?","T","?","R","M","M","$","?","?","M","B"],"character_chosen":"GUARDIAN","items_purchased":["expansioncontent:AwakenDeath","Orrery","Guardian:ArmoredProtocol","Guardian:CrystalBeam","Guardian:Gem_Red","Guardian:MultiBeam","Guardian:WalkerClaw","Guardian:PiercingHide","Guardian:EvasiveProtocol"],"campfire_rested":0,"item_purchase_floors":[28,31,31,37,46,46,46,46,46],"current_hp_per_floor":[88,88,78,78,77,77,77,77,77,77,77,87,85,76,70,25,98,98,86,86,85,79,79,79,79,69,69,69,69,69,69,48,48,98,98,88,88,79,79,79,79,79,79,70,68,68,68,68,60,0,0,0],"gold":63,"neow_bonus":"TEN_PERCENT_HP_BONUS","is_daily":false,"chose_seed":false,"campfire_upgraded":9,"win_rate":0.0,"timestamp":1611022250,"path_taken":["R","?","M","?","M","M","T","R","M","R","M","R","?","E","M","BOSS","R","M","M","M","M","R","T","R","M","R","$","?","?","?","M","BOSS","R","M","?","M","?","?","T","?","R","?","M","$","?","?","M","BOSS"],"items_purchased_type":["Card","Relic","Card","Card","Card","Card","Card","Card","Card"],"build_version":"2020-12-22","purchased_purges":0,"victory":false,"max_hp_per_floor":[88,88,88,88,88,88,88,88,88,88,88,98,98,98,98,98,98,98,98,98,98,98,98,98,98,98,98,98,98,98,98,98,98,98,98,98,98,98,98,98,98,98,98,98,98,98,98,98,98,98,98,98],"card_choices":[{"not_picked":["Guardian:Repulse","Guardian:RefractedBeam"],"picked":"Guardian:Gem_Lightblue","floor":3},{"not_picked":["Guardian:VentSteam","Guardian:Reroute"],"picked":"Guardian:Gem_Lightblue","floor":4},{"not_picked":["Guardian:Incinerate","Guardian:DonusPower"],"picked":"Guardian:Gem_Cyan","floor":5},{"not_picked":["Guardian:WalkerClaw","Guardian:PolyBeam"],"picked":"Guardian:BronzeArmor","floor":6},{"not_picked":["Guardian:PrismaticBarrier","Guardian:Reroute"],"picked":"Guardian:SpikerProtocol","floor":9},{"not_picked":["Guardian:PrismaticBarrier","Guardian:Recover"],"picked":"Guardian:Gem_Orange","floor":11},{"not_picked":["Guardian:Recover","Guardian:PiercingHide"],"picked":"Guardian:PrismaticBeam","floor":13},{"not_picked":["Guardian:Suspension","Guardian:ShieldCharger"],"picked":"Guardian:Gem_Red","floor":14},{"not_picked":["Guardian:Clone","Guardian:VentSteam"],"picked":"Guardian:BodySlam","floor":15},{"not_picked":["Guardian:TimeSifter","Guardian:SphericShield"],"picked":"Guardian:StasisStrike","floor":16},{"not_picked":[],"picked":"Guardian:RollAttack","floor":19},{"not_picked":[],"picked":"Guardian:SpikerProtocol","floor":20},{"not_picked":[],"picked":"Guardian:ShieldCharger","floor":21},{"not_picked":[],"picked":"Guardian:Preprogram+1","floor":22},{"not_picked":[],"picked":"Guardian:PrimingBeam","floor":26},{"not_picked":["Guardian:VentSteam"],"picked":"SKIP","floor":28},{"not_picked":[],"picked":"Guardian:ChargeCore","floor":31},{"not_picked":[],"picked":"Guardian:Gem_Purple","floor":31},{"not_picked":[],"picked":"Guardian:ShieldCharger","floor":31},{"not_picked":[],"picked":"Guardian:Harden","floor":31},{"not_picked":[],"picked":"Guardian:ExploitGems","floor":31},{"not_picked":[],"picked":"Guardian:PrimingBeam+1","floor":31},{"not_picked":[],"picked":"Guardian:Gem_Green","floor":32},{"not_picked":[],"picked":"Guardian:BaubleBeam","floor":33},{"not_picked":[],"picked":"Guardian:RollAttack+1","floor":36},{"not_picked":[],"picked":"Guardian:Gem_Blue","floor":38},{"not_picked":[],"picked":"Guardian:Recover","floor":44},{"not_picked":["Guardian:ChargeCore"],"picked":"SKIP","floor":45},{"not_picked":[],"picked":"Guardian:TemporalStrike+1","floor":49}],"player_experience":1996385,"relics_obtained":[{"floor":14,"key":"Boot"},{"floor":24,"key":"Bag of Preparation"},{"floor":39,"key":"Letter Opener"},{"floor":41,"key":"beaked:ShinyBauble"}],"event_choices":[{"damage_healed":0,"gold_gain":0,"player_choice":"Ignored","damage_taken":0,"max_hp_gain":0,"max_hp_loss":0,"event_name":"Ghosts","floor":29,"gold_loss":0},{"damage_healed":0,"gold_gain":0,"player_choice":"Inject Mutagens","damage_taken":0,"relics_obtained":["MutagenicStrength"],"max_hp_gain":0,"max_hp_loss":0,"event_name":"Drug Dealer","floor":30,"gold_loss":0}],"is_beta":false,"boss_relics":[{"not_picked":["Cursed Key","Philosopher\u0027s Stone"],"picked":"Busted Crown"},{"not_picked":["Sozu","Runic Pyramid"],"picked":"Black Star"}],"items_purged_floors":[],"is_endless":false,"potions_floor_spawned":[5,6,13,15,20,22,26,36],"killed_by":"DF_ARCHETYPE_ORBS","ascension_level":0}}