{"host":"odz7g4gpgch153rb","time":1611023170,"event":{"mods":["AchievementEnabler","BaseMod","Better Match","Better Third Choice","BetterRewards","GifTheSpireLib","Infinite Spire","Jedi Mod","Minty Spire (QoL Compilation)","Quick Restart","Replay The Spire","Spikes Relics","StSLib","Stuff the Spire","The Blue Laboratory","Trackpad"],"gold_per_floor":[110,110,125,137,48,48,82,82,82,102,102,117,134,164,164,164,164],"floor_reached":16,"language":"ENG","playtime":640,"items_purged":[],"score":296,"play_id":"402f11f7-bf36-4998-83d9-039dcc659ebb","local_time":"20210118212610","is_ascension_mode":true,"campfire_choices":[{"data":"Footwork","floor":6,"key":"SMITH"},{"data":"jedi:pocketpoison","floor":15,"key":"SMITH"}],"circlet_count":0,"master_deck":["AscendersBane","Strike_G","Strike_G","Strike_G","Strike_G","Defend_G","Defend_G","Defend_G","Defend_G","Defend_G","Survivor","Neutralize","jedi:pocketpoison+1","Deflect","Deflect","Footwork+1","jedi:pocketpoison+1"],"relics":["Ring of the Snake","NeowsBlessing","infinitespire:CursedDice","trackpad:ByrdBGone","Du-Vu Doll"],"acts_visited":["Exordium"],"potions_floor_usage":[7,13],"damage_taken":[{"damage":0,"enemies":"Jaw Worm","floor":1,"turns":1},{"damage":0,"enemies":"Cultist","floor":3,"turns":1},{"damage":0,"enemies":"2 Louse","floor":4,"turns":1},{"damage":0,"enemies":"Lagavulin","floor":7,"turns":2},{"damage":0,"enemies":"Large Slime","floor":10,"turns":9},{"damage":0,"enemies":"3 Louse","floor":12,"turns":5},{"damage":0,"enemies":"Blue Slaver","floor":13,"turns":5},{"damage":0,"enemies":"Slime Boss","floor":16,"turns":3}],"seed_played":"5110010766275102787","potions_obtained":[{"floor":1,"key":"jedi:StrikingPotion"},{"floor":3,"key":"jedi:mysterypotion"},{"floor":7,"key":"blueLaboratory:StoneskinPotion"}],"is_trial":false,"path_per_floor":["M","?","M","M","$","R","E","?","T","M","?","M","M","?","R","B"],"character_chosen":"THE_SILENT","items_purchased":["Footwork"],"campfire_rested":0,"item_purchase_floors":[5],"current_hp_per_floor":[59,59,59,59,59,59,59,59,59,59,59,59,59,59,59,59,59],"gold":164,"neow_bonus":"THREE_ENEMY_KILL","is_daily":false,"chose_seed":false,"campfire_upgraded":2,"win_rate":0.0,"timestamp":1611023170,"path_taken":["M","?","?","M","$","R","E","?","T","M","?","M","M","?","R","BOSS"],"items_purchased_type":["Card"],"build_version":"2020-12-22","purchased_purges":0,"victory":false,"max_hp_per_floor":[66,66,66,66,66,66,66,66,66,66,66,66,66,66,66,66,66],"card_choices":[{"not_picked":["Blade Dance","Deflect"],"picked":"jedi:pocketpoison","floor":1},{"not_picked":["StuffTheSpire:Injection","Acrobatics"],"picked":"Deflect","floor":3},{"not_picked":["StuffTheSpire:Injection","Dagger Spray"],"picked":"Deflect","floor":4},{"not_picked":["Dodge and Roll","Underhanded Strike","Skewer"],"picked":"SKIP","floor":7},{"not_picked":["Dodge and Roll","Flying Knee","StuffTheSpire:Sprint"],"picked":"SKIP","floor":10},{"not_picked":["Draining Mist","Reflex","Outmaneuver"],"picked":"SKIP","floor":12},{"not_picked":["Dash","Doppelganger"],"picked":"jedi:pocketpoison","floor":13}],"player_experience":1059122,"relics_obtained":[{"floor":7,"key":"infinitespire:CursedDice"},{"floor":9,"key":"trackpad:ByrdBGone"}],"event_choices":[{"cards_removed":["Strike_G"],"damage_healed":0,"gold_gain":0,"player_choice":"Purged","damage_taken":0,"max_hp_gain":0,"max_hp_loss":0,"event_name":"Purifier","floor":2,"gold_loss":0},{"damage_healed":0,"gold_gain":0,"player_choice":"Grow","damage_taken":0,"max_hp_gain":0,"max_hp_loss":0,"event_name":"Living Wall","floor":8,"gold_loss":0,"cards_upgraded":["jedi:pocketpoison"]},{"damage_healed":0,"gold_gain":0,"player_choice":"Ignored","damage_taken":102,"max_hp_gain":0,"max_hp_loss":0,"event_name":"betterThird:BetterSerpent","floor":11,"gold_loss":0},{"damage_healed":0,"gold_gain":30,"player_choice":"Searched \u00273\u0027 times","damage_taken":0,"relics_obtained":["Du-Vu Doll"],"max_hp_gain":0,"max_hp_loss":0,"event_name":"Dead Adventurer","floor":14,"gold_loss":0}],"is_beta":false,"boss_relics":[],"items_purged_floors":[],"is_endless":false,"potions_floor_spawned":[1,3,7],"killed_by":"Slime Boss","ascension_level":19}}