{"host":"jyuuog6ydc2s7nd8","time":1611069699,"event":{"mods":["BaseMod","Better Vampires","Minty Spire (QoL Compilation)","Shop Mod","StSLib","The Hierophant","The Servant 0.9.4","TheBandit","[IsaacMod]ÒÔÈö¼âËþ"],"gold_per_floor":[111,161,236,250,262,262,273,307,307,337,262,262,287,287,287,386,386,420,320,360,360,401,401,442,481,508,305,305,155,155,190,190,279,279,310,135,174,237,272,272,272,272,272,272,72,106,106,146,146,146,146,146,146,55,88,95],"floor_reached":57,"language":"ZHS","playtime":1941,"items_purged":["Strike_G","Strike_G","Strike_G","Strike_G","Defend_G","Defend_G","Defend_G","Defend_G"],"score":4036,"play_id":"f2dd92b0-9d42-4691-b30d-ed1b684900d8","local_time":"20210119232139","is_ascension_mode":true,"campfire_choices":[{"data":"Cloak And Dagger","floor":6.0,"key":"SMITH"},{"data":"Blade Dance","floor":12.0,"key":"SMITH"},{"data":"Accuracy","floor":15.0,"key":"SMITH"},{"data":"Tactician","floor":23,"key":"SMITH"},{"data":"Reflex","floor":30,"key":"SMITH"},{"data":"Acrobatics","floor":32,"key":"SMITH"},{"data":"Choke","floor":40,"key":"SMITH"},{"data":"Terror","floor":42,"key":"SMITH"},{"data":"After Image","floor":44,"key":"SMITH"},{"data":"Neutralize","floor":47,"key":"SMITH"},{"floor":49,"key":"RECALL"},{"data":"Night Terror","floor":53,"key":"SMITH"}],"circlet_count":0,"master_deck":["AscendersBane","Survivor","Neutralize+1","Cloak And Dagger+1","Footwork","Blade Dance+1","Backflip+1","Acrobatics+1","Accuracy+1","Adrenaline+1","Tactician+1","Choke+1","Blur+1","Reflex+1","Terror+1","After Image+1","Flash of Steel","Night Terror+1","Madness"],"relics":["Ring of the Snake","HushsDoor","DeathBook","Question Card","Snake Skull","DoctorsRemote","Gambling Chip","SatanicBible","Akabeko","Golden Idol","ChampionBelt","GuppysHead","Leech","Eternal Feather","Bottled Tornado","Blood Vial","Lizard Tail","Lantern","BookofShadows","SlaversCollar","Damocles","NineLifeCat","Omamori","Dream Catcher","Ginger","SalivaCoin","TheBible","HowToJump","War Paint","TuHaoJin","GnawedLeaf","PillsDrop","Sundial","Centennial Puzzle","Mummified Hand","Kunai","Ninja Scroll"],"acts_visited":["Exordium","TheCity","TheBeyond","TheEnding"],"potions_floor_usage":[22,56],"damage_taken":[{"damage":11.0,"enemies":"Jaw Worm","floor":1.0,"turns":7.0},{"damage":2.0,"enemies":"Hiden Room Battle","floor":2.0,"turns":2.0},{"damage":1.0,"enemies":"Cultist","floor":4.0,"turns":4.0},{"damage":1.0,"enemies":"Small Slimes","floor":5.0,"turns":3.0},{"damage":0.0,"enemies":"Blue Slaver","floor":7.0,"turns":5.0},{"damage":4.0,"enemies":"Lagavulin","floor":8.0,"turns":5.0},{"damage":0.0,"enemies":"3 Sentries","floor":10.0,"turns":5.0},{"damage":3.0,"enemies":"Gremlin Nob","floor":13.0,"turns":3.0},{"damage":0,"enemies":"Slime Boss","floor":16,"turns":4},{"damage":0,"enemies":"Gremlin Leader","floor":18,"turns":3},{"damage":4,"enemies":"Book of Stabbing","floor":20,"turns":3},{"damage":2,"enemies":"Slavers","floor":22,"turns":2},{"damage":0,"enemies":"Gremlin Leader","floor":24,"turns":3},{"damage":8,"enemies":"Book of Stabbing","floor":25,"turns":3},{"damage":5,"enemies":"Slavers","floor":31,"turns":3},{"damage":0,"enemies":"Automaton","floor":33,"turns":5},{"damage":0,"enemies":"Giant Head","floor":35,"turns":2},{"damage":0,"enemies":"Reptomancer","floor":37,"turns":2},{"damage":0,"enemies":"Hiden Room Battle","floor":38,"turns":2},{"damage":0,"enemies":"Nemesis","floor":39,"turns":1},{"damage":0,"enemies":"Giant Head","floor":46,"turns":1},{"damage":0,"enemies":"Reptomancer","floor":48,"turns":1},{"damage":0,"enemies":"Awakened One","floor":50,"turns":3},{"damage":0,"enemies":"Time Eater","floor":51,"turns":4},{"damage":0,"enemies":"Shield and Spear","floor":55,"turns":1},{"damage":0,"enemies":"The Heart","floor":56,"turns":4}],"seed_played":"4640447461960973715","potions_obtained":[{"floor":1.0,"key":"CunningPotion"},{"floor":8.0,"key":"BlessingOfTheForge"},{"floor":10.0,"key":"SpeedPotion"},{"floor":16,"key":"Fire Potion"},{"floor":18,"key":"Explosive Potion"},{"floor":25,"key":"DuplicationPotion"}],"is_trial":false,"path_per_floor":["M","?","?","M","M","R","M","E","T","E","$","R","E","?","R","B",null,"M","$","M","?","M","R","E","M","T","$","?","$","R","M","R","B",null,"M","$","M","?","M","R","?","R","T","R","$","M","R","E","R","B","B",null,"R","$","E","B",null],"character_chosen":"THE_SILENT","items_purchased":["Tactician","GuppysHead","Bomb","Reflex","Damocles","NineLifeCat","Flash of Steel","Madness"],"campfire_rested":0,"item_purchase_floors":[17,17,17,27,34,34,34,54],"current_hp_per_floor":[48,31,20,19,18,18,18,14,14,14,14,14,11,11,11,11,33,33,33,32,32,32,40,40,33,33,33,33,33,40,36,40,40,1,1,1,1,1,1,1,1,1,1,1,1,1,1,4,4,4,4,4,4,4,4,4],"gold":95,"neow_bonus":"REMOVE_CARD","is_daily":false,"chose_seed":false,"campfire_upgraded":11,"win_rate":0.0,"timestamp":1611069699,"path_taken":["M","?","?","M","M","R","M","E","T","E","$","R","E","?","R","BOSS","M","$","M","?","M","R","E","M","T","$","?","$","R","M","R","BOSS","M","$","?","?","M","R","?","R","T","R","$","M","R","E","R","BOSS","BOSS","R","$","E","BOSS"],"items_purchased_type":["Card","Relic","Card","Card","Relic","Relic","Card","Card"],"build_version":"2020-12-22","purchased_purges":8,"victory":true,"max_hp_per_floor":[66,66,66,66,66,66,66,66,66,66,66,66,66,60,60,60,40,40,40,40,40,40,40,40,40,40,40,40,40,40,40,40,40,1,1,1,1,1,1,1,1,1,1,1,1,1,1,4,4,4,4,4,4,4,4,4],"card_choices":[{"not_picked":["Sucker Punch","Slice"],"picked":"Cloak And Dagger","floor":1.0},{"not_picked":["Flying Knee","PiercingWail"],"picked":"Footwork","floor":2.0},{"not_picked":["Distraction","PiercingWail","Dodge and Roll"],"picked":"Blade Dance","floor":4.0},{"not_picked":["Cloak And Dagger","Deflect","Quick Slash"],"picked":"Backflip","floor":5.0},{"not_picked":["Poisoned Stab","Die Die Die","Cloak And Dagger","Dagger Throw"],"picked":"SKIP","floor":7.0},{"not_picked":["Underhanded Strike","Doppelganger","Backflip"],"picked":"Acrobatics","floor":8.0},{"not_picked":["Poisoned Stab","Dagger Spray","Crippling Poison"],"picked":"Accuracy","floor":10.0},{"not_picked":["PiercingWail","Underhanded Strike","Dagger Spray","Escape Plan"],"picked":"SKIP","floor":13.0},{"not_picked":["A Thousand Cuts","Malaise","Envenom"],"picked":"Adrenaline","floor":16},{"not_picked":["Slice","Expertise","Heel Hook"],"picked":"Choke","floor":18},{"not_picked":["Deflect","Dagger Spray","Leg Sweep","Deadly Poison"],"picked":"SKIP","floor":20},{"not_picked":["Quick Slash","Dagger Throw","Slice","Infinite Blades"],"picked":"SKIP","floor":22},{"not_picked":["Poisoned Stab","Catalyst","Skewer"],"picked":"Blur+1","floor":24},{"not_picked":["Skewer","Sucker Punch","Distraction","Poisoned Stab"],"picked":"SKIP","floor":25},{"not_picked":["Tools of the Trade","Dash","Dagger Throw","Crippling Poison"],"picked":"SKIP","floor":31},{"not_picked":["Wraith Form v2","Corpse Explosion","Adrenaline"],"picked":"After Image","floor":33},{"not_picked":["Blade Dance+1","Catalyst","Endless Agony","Caltrops"],"picked":"SKIP","floor":35},{"not_picked":["Choke","Sucker Punch","Dash","Acrobatics"],"picked":"SKIP","floor":37},{"not_picked":["Flechettes","Blade Dance","Dagger Throw+1","Riddle With Holes"],"picked":"SKIP","floor":39},{"not_picked":["Die Die Die","Venomology","Underhanded Strike","Acrobatics+1"],"picked":"SKIP","floor":46},{"not_picked":["Die Die Die","Venomology","Underhanded Strike","Acrobatics+1"],"picked":"SKIP","floor":46},{"not_picked":["Bane","Eviscerate","Dagger Throw"],"picked":"Night Terror","floor":48},{"not_picked":["Noxious Fumes","Dagger Throw","Cloak And Dagger","Sucker Punch"],"picked":"SKIP","floor":55}],"player_experience":1852531,"relics_obtained":[{"floor":2.0,"key":"Question Card"},{"floor":2.0,"key":"Snake Skull"},{"floor":8.0,"key":"DoctorsRemote"},{"floor":9.0,"key":"Gambling Chip"},{"floor":10.0,"key":"SatanicBible"},{"floor":13.0,"key":"Akabeko"},{"floor":18,"key":"Leech"},{"floor":20,"key":"Eternal Feather"},{"floor":22,"key":"Bottled Tornado"},{"floor":24,"key":"Blood Vial"},{"floor":25,"key":"Lizard Tail"},{"floor":26,"key":"Lantern"},{"floor":31,"key":"BookofShadows"},{"floor":35,"key":"Omamori"},{"floor":35,"key":"Dream Catcher"},{"floor":37,"key":"Ginger"},{"floor":37,"key":"SalivaCoin"},{"floor":38,"key":"TheBible"},{"floor":38,"key":"HowToJump"},{"floor":38,"key":"War Paint"},{"floor":39,"key":"TuHaoJin"},{"floor":39,"key":"GnawedLeaf"},{"floor":46,"key":"PillsDrop"},{"floor":46,"key":"Sundial"},{"floor":48,"key":"Centennial Puzzle"},{"floor":48,"key":"Mummified Hand"},{"floor":55,"key":"Kunai"},{"floor":55,"key":"Ninja Scroll"}],"event_choices":[{"damage_healed":0.0,"max_hp_gain":0.0,"max_hp_loss":0.0,"gold_gain":0.0,"event_name":"HidenRoomEvent","player_choice":"Fight","floor":2.0,"gold_loss":0.0,"damage_taken":0.0},{"damage_healed":0.0,"max_hp_gain":0.0,"max_hp_loss":0.0,"gold_gain":75.0,"event_name":"World of Goop","player_choice":"Gather Gold","floor":3.0,"gold_loss":0.0,"damage_taken":11.0},{"damage_healed":0.0,"max_hp_gain":0.0,"max_hp_loss":6.0,"gold_gain":0.0,"event_name":"Golden Idol","player_choice":"Lose Max HP","floor":14.0,"gold_loss":0.0,"damage_taken":0.0,"relics_obtained":["Golden Idol"]},{"damage_healed":0,"gold_gain":0,"player_choice":"Ignored","damage_taken":0,"max_hp_gain":0,"max_hp_loss":0,"event_name":"Cursed Tome","floor":21,"gold_loss":0},{"damage_healed":0,"gold_gain":0,"player_choice":"Read","damage_taken":0,"max_hp_gain":0,"max_hp_loss":0,"event_name":"The Library","floor":28,"gold_loss":0,"cards_obtained":["Terror"]},{"damage_healed":0,"gold_gain":0,"player_choice":"Fight","damage_taken":0,"max_hp_gain":0,"max_hp_loss":0,"event_name":"HidenRoomEvent","floor":38,"gold_loss":0},{"cards_removed":["Defend_G"],"damage_healed":0,"gold_gain":0,"player_choice":"Removed Skill","damage_taken":0,"max_hp_gain":0,"max_hp_loss":0,"event_name":"Falling","floor":41,"gold_loss":0}],"is_beta":false,"boss_relics":[{"not_picked":["Pandora\u0027s Box","Busted Crown"],"picked":"ChampionBelt"},{"not_picked":[]},{"not_picked":["Fusion Hammer","Calling Bell"],"picked":"SlaversCollar"},{"not_picked":[]}],"items_purged_floors":[11,17,19,27,29,34,36,45],"is_endless":false,"potions_floor_spawned":[1,8,10,16,18,20,25,38],"ascension_level":20}}