{"host":"i09pxcjttd31eh4q","time":1611063751,"event":{"mods":["AchievementEnabler","BaseMod","Colored Map","Keyboard Shortcuts","Minty Spire (QoL Compilation)","StSLib","SuperFastMode"],"gold_per_floor":[117,167,15,15,26,60,60,60,60,74,74,74,74,93,93,93,93],"floor_reached":16,"language":"KOR","playtime":215,"items_purged":["Defend_G"],"score":246,"play_id":"9c41aa9c-7e37-4f47-80b6-2f252dd772fe","local_time":"20210119224231","is_ascension_mode":true,"campfire_choices":[{"data":"Noxious Fumes","floor":11,"key":"SMITH"},{"data":"Footwork","floor":13,"key":"SMITH"},{"data":"Masterful Stab","floor":15,"key":"SMITH"}],"circlet_count":0,"master_deck":["AscendersBane","Strike_G","Strike_G","Strike_G","Defend_G","Defend_G","Defend_G","Defend_G","Survivor","Neutralize","Leg Sweep","Die Die Die","Footwork+1","Noxious Fumes+1","Backflip","Masterful Stab+1"],"relics":["Ring of the Snake","NeowsBlessing","Toy Ornithopter","Kunai"],"acts_visited":["Exordium"],"potions_floor_usage":[16,16],"damage_taken":[{"damage":0,"enemies":"2 Louse","floor":1,"turns":1},{"damage":0,"enemies":"Cultist","floor":5,"turns":1},{"damage":0,"enemies":"3 Sentries","floor":6,"turns":1},{"damage":2,"enemies":"Small Slimes","floor":10,"turns":4},{"damage":9,"enemies":"3 Louse","floor":14,"turns":2},{"damage":50,"enemies":"Slime Boss","floor":16,"turns":10}],"seed_played":"-1857303324811219597","potions_obtained":[{"floor":1,"key":"SmokeBomb"},{"floor":5,"key":"Poison Potion"},{"floor":10,"key":"Weak Potion"}],"is_trial":false,"path_per_floor":["M","?","$","$","M","E","?","?","T","M","R","?","R","M","R","B"],"character_chosen":"THE_SILENT","items_purchased":["Die Die Die"],"campfire_rested":0,"item_purchase_floors":[3],"current_hp_per_floor":[59,59,59,59,59,59,59,52,52,50,50,50,50,41,41,1,1],"gold":93,"neow_bonus":"THREE_ENEMY_KILL","is_daily":false,"chose_seed":false,"campfire_upgraded":3,"win_rate":0.0,"timestamp":1611063751,"path_taken":["M","?","?","$","M","E","?","?","T","M","R","?","R","M","R","BOSS"],"items_purchased_type":["Card"],"build_version":"2020-12-22","purchased_purges":1,"victory":false,"max_hp_per_floor":[66,66,66,66,66,66,66,66,66,66,66,66,66,66,66,66,66],"card_choices":[{"not_picked":["Riddle With Holes","Bane"],"picked":"Leg Sweep","floor":1},{"not_picked":["Flying Knee","Slice"],"picked":"Footwork","floor":5},{"not_picked":["Slice","Bane","Deadly Poison"],"picked":"SKIP","floor":6},{"not_picked":["Caltrops","Underhanded Strike"],"picked":"Backflip","floor":10},{"not_picked":["Poisoned Stab","Backflip"],"picked":"Masterful Stab","floor":14}],"player_experience":871379,"relics_obtained":[{"floor":6,"key":"Toy Ornithopter"},{"floor":9,"key":"Kunai"}],"event_choices":[{"damage_healed":0,"gold_gain":50,"player_choice":"Pray","damage_taken":0,"max_hp_gain":0,"max_hp_loss":0,"event_name":"Golden Shrine","floor":2,"gold_loss":0},{"damage_healed":0,"gold_gain":0,"cards_transformed":["Strike_G"],"player_choice":"Change","damage_taken":0,"max_hp_gain":0,"max_hp_loss":0,"event_name":"Living Wall","floor":7,"gold_loss":0,"cards_obtained":["Noxious Fumes"]},{"cards_removed":["Strike_G"],"damage_healed":0,"gold_gain":0,"player_choice":"Card Removal","damage_taken":7,"max_hp_gain":0,"max_hp_loss":0,"event_name":"Golden Wing","floor":8,"gold_loss":0},{"damage_healed":0,"gold_gain":0,"player_choice":"Leave","damage_taken":0,"max_hp_gain":0,"max_hp_loss":0,"event_name":"The Cleric","floor":12,"gold_loss":0}],"is_beta":false,"boss_relics":[],"items_purged_floors":[3],"is_endless":false,"potions_floor_spawned":[1,5,10],"killed_by":"Slime Boss","ascension_level":20}}