{"host":"e3fr1g3um1afn0bb","time":1611018592,"event":{"mods":["2.2 Compatiblity","Act Like it!","Arknights The Spire","BaseMod","CapriCore","Colored Map","Custom Start","Hermit","Luminous","Marisa£¨Ùöéë¡¡Øª×âÞÞ£©","Minty Spire (QoL Compilation)","Prisma Mod","Rare Cards Sparkle","Shade Mod","StSLib","Td1madao Mod","The Alterego","The Animator","The Dragon Tamer","The Fake Hero","The Jungle","TheHero","WarShipGirlsR/??á´Ò³R mod","Yakumo Yukari mod"],"gold_per_floor":[114,114,189,213,213,213,228,249,276,276,276,307,307,323,323,323,323],"floor_reached":16,"language":"KOR","playtime":686,"items_purged":[],"score":100,"play_id":"95dc6345-04c8-4e55-bb1a-0003d2ac75af","local_time":"20210119100952","is_ascension_mode":false,"campfire_choices":[{"data":"ats:Chain Hook","floor":6,"key":"SMITH"},{"floor":10,"key":"REST"},{"floor":13,"key":"REST"},{"floor":15,"key":"REST"}],"circlet_count":0,"master_deck":["ats:Strike C","ats:Strike G","ats:Strike S","ats:Strike V","ats:Armor Crushing Shot","ats:Defend","ats:Defend","ats:Defend","ats:Defend","ats:Emotion Absorption","ats:Chain Hook+1","ats:Curse Doll","ats:Poison Spread","ats:Cat Scratch","ats:Explosion Area Strengthen","ats:Closed Bolt Burst Fire"],"relics":["ats:Sanity","Golden Idol","ats:Spiritual Recovery","ats:Originium","Blue Candle"],"acts_visited":["Exordium"],"potions_floor_usage":[12,12,14],"damage_taken":[{"damage":1,"enemies":"Jaw Worm","floor":1,"turns":5},{"damage":5,"enemies":"2 Louse","floor":4,"turns":3},{"damage":2,"enemies":"Small Slimes","floor":7,"turns":4},{"damage":17,"enemies":"3 Louse","floor":8,"turns":4},{"damage":46,"enemies":"3 Sentries","floor":12,"turns":9},{"damage":13,"enemies":"Blue Slaver","floor":14,"turns":4},{"damage":38,"enemies":"The Guardian","floor":16,"turns":8}],"seed_played":"-1392997354065338395","potions_obtained":[{"floor":4,"key":"Strength Potion"},{"floor":7,"key":"FearPotion"},{"floor":12,"key":"ColorlessPotion"}],"is_trial":false,"path_per_floor":["M","?","?","M","?","R","M","M","T","R","?","E","R","M","R","B"],"character_chosen":"DOCTOR_CLASS","items_purchased":[],"campfire_rested":3,"item_purchase_floors":[],"current_hp_per_floor":[78,78,67,62,55,55,53,36,36,59,47,1,24,11,34,0,0],"gold":323,"neow_bonus":"TEN_PERCENT_HP_BONUS","is_daily":false,"chose_seed":false,"campfire_upgraded":1,"win_rate":0.0,"timestamp":1611018592,"path_taken":["M","?","?","M","?","R","M","M","T","R","?","E","R","M","R","BOSS"],"items_purchased_type":[],"build_version":"2020-12-22","purchased_purges":0,"victory":false,"max_hp_per_floor":[79,79,79,79,79,79,79,79,79,79,79,79,79,79,79,79,79],"card_choices":[{"not_picked":["ats:Consecutive Shot Auto","ats:Childhood Dance"],"picked":"ats:Chain Hook","floor":1},{"not_picked":["ats:Assault Order","ats:Shell Defense"],"picked":"ats:Curse Doll","floor":4},{"not_picked":["ats:Apocalypse","ats:Childhood Dance"],"picked":"ats:Poison Spread","floor":7},{"not_picked":["ats:Curse Doll","ats:Hook Shot"],"picked":"ats:Cat Scratch","floor":8},{"not_picked":["ats:Curse Doll","ats:Durian"],"picked":"ats:Explosion Area Strengthen","floor":12},{"not_picked":["ats:Curse Doll","ats:Childhood Dance"],"picked":"ats:Closed Bolt Burst Fire","floor":14}],"player_experience":201938,"relics_obtained":[{"floor":12,"key":"ats:Originium"},{"floor":12,"key":"Blue Candle"}],"event_choices":[{"damage_healed":0,"gold_gain":0,"player_choice":"Take Wound","damage_taken":0,"relics_obtained":["Golden Idol"],"max_hp_gain":0,"max_hp_loss":0,"event_name":"Golden Idol","floor":2,"gold_loss":0,"cards_obtained":["Injury"]},{"damage_healed":0,"gold_gain":75,"player_choice":"Gather Gold","damage_taken":11,"max_hp_gain":0,"max_hp_loss":0,"event_name":"World of Goop","floor":3,"gold_loss":0},{"cards_removed":["Injury"],"damage_healed":0,"gold_gain":0,"player_choice":"Card Removal","damage_taken":7,"max_hp_gain":0,"max_hp_loss":0,"event_name":"Golden Wing","floor":5,"gold_loss":0},{"damage_healed":0,"gold_gain":0,"player_choice":"Success","damage_taken":12,"relics_obtained":["ats:Spiritual Recovery"],"max_hp_gain":0,"max_hp_loss":0,"event_name":"Scrap Ooze","floor":11,"gold_loss":0}],"is_beta":false,"boss_relics":[],"items_purged_floors":[],"is_endless":false,"potions_floor_spawned":[4,7,12],"killed_by":"The Guardian","ascension_level":0}}