{"host":"1tl36azeqm6yhdgj","time":1611084837,"event":{"mods":["AchievementEnabler","BaseMod","Minty Spire (QoL Compilation)","StSLib","The IronCluck","everything is the same but u backflip on backflip"],"gold_per_floor":[17,27,44,57,74,103,103,103,103,103,103,103],"floor_reached":11,"language":"ENG","playtime":304,"items_purged":[],"score":146,"play_id":"93b20a26-6eb6-4e84-b8b9-fe8a01f1ca11","local_time":"20210119143357","is_ascension_mode":true,"campfire_choices":[{"floor":7,"key":"REST"},{"data":"Double Tap","floor":10,"key":"SMITH"}],"circlet_count":0,"master_deck":["AscendersBane","Strike_R","Strike_R","Strike_R","Strike_R","Defend_R","Defend_R","Defend_R","Defend_R","Bash","Clash","Shrug It Off","Headbutt","Double Tap+1","Fire Breathing","Anger","Evolve"],"relics":["Burning Blood","StoneCalendar","Bag of Marbles"],"acts_visited":["Exordium"],"potions_floor_usage":[6],"damage_taken":[{"damage":19.0,"enemies":"Small Slimes","floor":1.0,"turns":5.0},{"damage":3.0,"enemies":"2 Louse","floor":2.0,"turns":3.0},{"damage":13.0,"enemies":"Jaw Worm","floor":3.0,"turns":6.0},{"damage":15.0,"enemies":"Exordium Thugs","floor":4.0,"turns":6.0},{"damage":13.0,"enemies":"2 Fungi Beasts","floor":5.0,"turns":3.0},{"damage":15,"enemies":"3 Sentries","floor":6,"turns":4},{"damage":67,"enemies":"Gremlin Nob","floor":11,"turns":4}],"seed_played":"-6831216859341295178","potions_obtained":[{"floor":2.0,"key":"PowerPotion"},{"floor":4.0,"key":"DuplicationPotion"}],"is_trial":false,"path_per_floor":["M","M","M","M","M","E","R","?","T","R","E"],"character_chosen":"IRONCLAD","items_purchased":[],"campfire_rested":1,"item_purchase_floors":[],"current_hp_per_floor":[55,58,51,42,35,26,48,48,48,48,0,0],"gold":103,"neow_bonus":"ONE_RARE_RELIC","is_daily":false,"chose_seed":false,"campfire_upgraded":1,"win_rate":0.0,"timestamp":1611084837,"path_taken":["M","M","M","M","M","E","R","?","T","R","E"],"items_purchased_type":[],"build_version":"2020-12-22","purchased_purges":0,"victory":false,"max_hp_per_floor":[75,75,75,75,75,75,75,75,75,75,75,75],"card_choices":[{"not_picked":["Warcry","Heavy Blade"],"picked":"Clash","floor":1.0},{"not_picked":["Flex","Burning Pact"],"picked":"Shrug It Off","floor":2.0},{"not_picked":["Pommel Strike","Havoc"],"picked":"Headbutt","floor":3.0},{"not_picked":["Metallicize","Flex"],"picked":"Double Tap","floor":4.0},{"not_picked":["Seeing Red","Cleave"],"picked":"Fire Breathing","floor":5.0},{"not_picked":["Exhume","Shrug It Off"],"picked":"Anger","floor":6}],"player_experience":2001455,"relics_obtained":[{"floor":6,"key":"Bag of Marbles"}],"event_choices":[{"damage_healed":0,"gold_gain":0,"cards_transformed":["Strike_R"],"player_choice":"Change","damage_taken":0,"max_hp_gain":0,"max_hp_loss":0,"event_name":"Living Wall","floor":8,"gold_loss":0,"cards_obtained":["Evolve"]}],"is_beta":false,"boss_relics":[],"items_purged_floors":[],"is_endless":false,"potions_floor_spawned":[2,4],"killed_by":"Gremlin Nob","ascension_level":19}}