{"host":"4myl0piycjadqnwl","time":1611092390,"event":{"mods":["BaseMod","Colored Map","Downfall","Minty Spire (QoL Compilation)","StSLib"],"gold_per_floor":[349,368,388,388,406,422,422,448,463,494,509,409,684,704,724,724,724,724],"floor_reached":16,"language":"ENG","playtime":1187,"items_purged":[],"score":106,"play_id":"e257e18d-8d9e-48f0-a7ca-52809ae9a9da","local_time":"20210119223950","is_ascension_mode":false,"campfire_choices":[{"floor":1.0,"key":"RECALL"},{"data":"bronze:Optimize","floor":12.0,"key":"SMITH"}],"circlet_count":0,"master_deck":["bronze:Strike","bronze:Strike","bronze:Strike","bronze:Strike","bronze:Defend","bronze:Defend","bronze:Defend","bronze:Defend","bronze:Replicate","bronze:Goto","bronze:ChosenStrike","bronze:CutThrough","bronze:Flail","bronze:WhirlingStrike","bronze:Repair","bronze:Frontload","bronze:Optimize+1","Regret","bronze:FineTuning","bronze:Fortify"],"relics":["bronze:BronzeCore","bronze:SilverBullet","Odd Mushroom","Letter Opener","downfall:HeartBlessingRed"],"acts_visited":["Exordium"],"potions_floor_usage":[16,16,16],"damage_taken":[{"damage":5.0,"enemies":"Small Slimes","floor":2.0,"turns":3.0},{"damage":1.0,"enemies":"Cultist","floor":3.0,"turns":3.0},{"damage":6.0,"enemies":"2 Louse","floor":5.0,"turns":2.0},{"damage":7.0,"enemies":"2 Fungi Beasts","floor":6.0,"turns":3.0},{"damage":7.0,"enemies":"The Mushroom Lair","floor":8.0,"turns":3.0},{"damage":6.0,"enemies":"Lots of Slimes","floor":9.0,"turns":5.0},{"damage":32.0,"enemies":"Lagavulin","floor":10.0,"turns":6.0},{"damage":0.0,"enemies":"Exordium Wildlife","floor":11.0,"turns":2.0},{"damage":0.0,"enemies":"Gremlin Gang","floor":14.0,"turns":3.0},{"damage":0.0,"enemies":"Blue Slaver","floor":15.0,"turns":3.0},{"damage":44,"enemies":"SI_SHIV_ARCHETYPE","floor":16,"turns":9}],"seed_played":"-6542154387051366131","potions_obtained":[{"floor":5.0,"key":"Dexterity Potion"},{"floor":9.0,"key":"Block Potion"},{"floor":10.0,"key":"GamblersBrew"}],"is_trial":false,"path_per_floor":["R","M","M","?","M","M","T","?","M","E","M","R","?","M","M","B"],"character_chosen":"THE_AUTOMATON","items_purchased":[],"campfire_rested":0,"item_purchase_floors":[],"current_hp_per_floor":[63,58,57,57,51,44,44,37,31,6,13,13,13,23,34,0,0,0],"gold":724,"neow_bonus":"TWO_FIFTY_GOLD","is_daily":false,"chose_seed":false,"campfire_upgraded":1,"win_rate":0.0,"timestamp":1611092390,"path_taken":["R","M","M","?","?","M","T","?","M","E","M","R","?","?","M","BOSS"],"items_purchased_type":[],"build_version":"2020-12-22","purchased_purges":0,"victory":false,"max_hp_per_floor":[63,63,63,63,63,63,63,63,63,63,63,63,63,63,63,63,63,63],"card_choices":[{"not_picked":["bronze:BitShift","bronze:Repulsor"],"picked":"bronze:ChosenStrike","floor":2.0},{"not_picked":["bronze:NullPointer","bronze:Boost"],"picked":"bronze:CutThrough","floor":3.0},{"not_picked":["bronze:DelayedGuard","bronze:Iterate"],"picked":"bronze:Flail","floor":5.0},{"not_picked":["bronze:BitShift","bronze:DarkDash"],"picked":"bronze:WhirlingStrike","floor":6.0},{"not_picked":["bronze:Flail","bronze:BuggyMess"],"picked":"bronze:Repair","floor":8.0},{"not_picked":["bronze:BitShift","bronze:Allocate","bronze:Deprecate"],"picked":"SKIP","floor":9.0},{"not_picked":["bronze:WildBeam","bronze:Overload"],"picked":"bronze:Frontload","floor":10.0},{"not_picked":["bronze:BronzeArmor","bronze:ForLoop"],"picked":"bronze:Optimize","floor":11.0},{"not_picked":["bronze:Deprecate","bronze:DigitalCarnage"],"picked":"bronze:FineTuning","floor":14.0},{"not_picked":["bronze:BurnOut","bronze:ChosenStrike"],"picked":"bronze:Fortify","floor":15.0}],"player_experience":1430029,"relics_obtained":[{"floor":7.0,"key":"bronze:SilverBullet"},{"floor":8.0,"key":"Odd Mushroom"},{"floor":10.0,"key":"Letter Opener"}],"event_choices":[{"damage_healed":0.0,"max_hp_gain":0.0,"max_hp_loss":0.0,"gold_gain":0.0,"event_name":"NoteForYourself","player_choice":"Ignored","floor":4.0,"gold_loss":0.0,"damage_taken":0.0},{"damage_healed":0.0,"max_hp_gain":0.0,"max_hp_loss":0.0,"gold_gain":0.0,"event_name":"Mushrooms","player_choice":"Fought Mushrooms","floor":8.0,"gold_loss":0.0,"damage_taken":0.0}],"is_beta":false,"boss_relics":[],"items_purged_floors":[],"is_endless":false,"potions_floor_spawned":[5,9,10,11,15],"killed_by":"SI_SHIV_ARCHETYPE","ascension_level":0}}