{"host":"xp5rvh2jwe2ejyfm","time":1611071177,"event":{"mods":["BaseMod","Hermit","Minty Spire (QoL Compilation)","Replay The Spire","StSLib","The Construct","The Cursed","The Disciple","The Hierophant","The Necromancer","The Runesmith"],"gold_per_floor":[119,119,135,22,43,43,78,78,101,125,151,151,177,202,202,308,308,334,274,299,323,335,335,335,39,109,109,109,109],"floor_reached":28,"language":"ENG","playtime":1276,"items_purged":[],"score":242,"play_id":"84e3e6a2-94f1-4399-9225-e84dd7aea768","local_time":"20210119104617","is_ascension_mode":false,"campfire_choices":[{"data":"TheCursedMod:CursedWand","floor":6,"key":"SMITH"},{"floor":8,"key":"REST"},{"floor":12,"key":"REST"},{"data":"TheCursedMod:Strike_TheCursed","floor":15,"key":"SMITH"}],"circlet_count":0,"master_deck":["TheCursedMod:Strike_TheCursed+1","TheCursedMod:Strike_TheCursed+1","TheCursedMod:Strike_TheCursed+1","TheCursedMod:Strike_TheCursed+1","TheCursedMod:Defend_TheCursed+1","TheCursedMod:Defend_TheCursed+1","TheCursedMod:Defend_TheCursed+1","TheCursedMod:CursedWand+1","TheCursedMod:CleanUpWorkshop","TheCursedMod:Dregs","TheCursedMod:CursedAmulet","TheCursedMod:SpitefulStrike","ReplayTheSpireMod:Restless Dread","TheCursedMod:LuckyCharm","TheCursedMod:SmokeScreen","TheCursedMod:EmpowerCircles","TheCursedMod:SaltUponWound","TheCursedMod:CursedBlade","TheCursedMod:FleshFromBone","TheCursedMod:CircleOfBlood","TheCursedMod:RapidMovement","TheCursedMod:StunningStrike","TheCursedMod:SmokeScreen","TheCursedMod:Wield","TheCursedMod:SpitefulStrike","TheCursedMod:CircleOfBlood","TheCursedMod:CircleOfBlood","TheCursedMod:ManaBullet","Finesse+1"],"relics":["construct:WeddingRing","ReplayTheSpireMod:CursedCoin","CeramicFish","Strawberry","Blue Doll","Busted Crown","Regal Pillow","Golden Egg"],"acts_visited":["Exordium","TheCity"],"potions_floor_usage":[7,16,20,21,23],"damage_taken":[{"damage":0,"enemies":"Small Slimes","floor":1,"turns":4},{"damage":0,"enemies":"Cultist","floor":3,"turns":3},{"damage":0,"enemies":"2 Louse","floor":5,"turns":3},{"damage":53,"enemies":"Gremlin Nob","floor":7,"turns":8},{"damage":0,"enemies":"Exordium Wildlife","floor":10,"turns":5},{"damage":15,"enemies":"2 Fungi Beasts","floor":11,"turns":2},{"damage":0,"enemies":"Large Slime","floor":13,"turns":7},{"damage":2,"enemies":"Red Slaver","floor":14,"turns":3},{"damage":9,"enemies":"The Guardian","floor":16,"turns":9},{"damage":15,"enemies":"Shell Parasite","floor":18,"turns":6},{"damage":0,"enemies":"Chosen","floor":20,"turns":6},{"damage":35,"enemies":"Snecko","floor":21,"turns":7},{"damage":15,"enemies":"Centurion and Healer","floor":22,"turns":14},{"damage":0,"enemies":"Slavers","floor":23,"turns":1},{"damage":36,"enemies":"Gremlin Leader","floor":28,"turns":5}],"seed_played":"3973290944994531427","potions_obtained":[{"floor":1,"key":"LiquidMemories"},{"floor":3,"key":"BlessingOfTheForge"},{"floor":7,"key":"Swift Potion"},{"floor":11,"key":"SmokeBomb"},{"floor":20,"key":"PowerPotion"},{"floor":21,"key":"SneckoOil"}],"is_trial":false,"path_per_floor":["M","?","M","$","M","R","E","R","T","M","M","R","M","M","R","B",null,"M","?","M","M","M","E","?","$","T","?","E"],"character_chosen":"THE_CURSED","items_purchased":["ReplayTheSpireMod:CursedCoin","CeramicFish","TheCursedMod:LuckyCharm","TheCursedMod:SmokeScreen","TheCursedMod:CircleOfBlood","Regal Pillow","TheCursedMod:ManaBullet","Finesse+1"],"campfire_rested":2,"item_purchase_floors":[4,4,4,4,25,25,25,25],"current_hp_per_floor":[75,75,75,75,75,75,29,53,53,53,38,62,62,62,62,55,82,67,67,71,38,25,25,25,25,25,25,0,0],"gold":109,"neow_bonus":"BOSS_RELIC","is_daily":false,"chose_seed":false,"campfire_upgraded":2,"win_rate":0.0,"timestamp":1611071177,"path_taken":["M","?","M","?","M","R","E","R","T","M","M","R","M","M","R","BOSS","M","?","M","M","M","E","?","$","T","?","E"],"items_purchased_type":["Relic","Relic","Card","Card","Card","Relic","Card","Card"],"build_version":"2020-12-22","purchased_purges":0,"victory":false,"max_hp_per_floor":[75,75,75,75,75,75,82,82,82,82,82,82,82,82,82,82,82,82,82,82,82,82,82,82,82,82,82,82,82],"card_choices":[{"not_picked":["TheCursedMod:Evocation","TheCursedMod:DoubleShield"],"picked":"TheCursedMod:CursedAmulet","floor":1},{"not_picked":["TheCursedMod:CursedSpellbook","TheCursedMod:Stretching"],"picked":"TheCursedMod:SpitefulStrike","floor":3},{"not_picked":["TheCursedMod:Torture","TheCursedMod:VitalStrike"],"picked":"TheCursedMod:EmpowerCircles","floor":5},{"not_picked":["TheCursedMod:CircleOfAmplification","TheCursedMod:LuckyCharm"],"picked":"TheCursedMod:SaltUponWound","floor":7},{"not_picked":["TheCursedMod:CursedShiv","TheCursedMod:Wield"],"picked":"TheCursedMod:CursedBlade","floor":10},{"not_picked":["TheCursedMod:CursedAmulet","TheCursedMod:Stretching"],"picked":"TheCursedMod:FleshFromBone","floor":11},{"not_picked":["TheCursedMod:RapidMovement","TheCursedMod:CursedAmulet"],"picked":"TheCursedMod:CircleOfBlood","floor":13},{"not_picked":["TheCursedMod:CircleOfFocus","TheCursedMod:EmpowerCircles"],"picked":"TheCursedMod:RapidMovement","floor":14},{"not_picked":["TheCursedMod:ManaCirculation","TheCursedMod:Neurasthenia"],"picked":"TheCursedMod:StunningStrike","floor":16},{"not_picked":[],"picked":"TheCursedMod:SmokeScreen","floor":18},{"not_picked":[],"picked":"TheCursedMod:Wield","floor":20},{"not_picked":[],"picked":"TheCursedMod:SpitefulStrike","floor":21},{"not_picked":["TheCursedMod:RavingStaff"],"picked":"SKIP","floor":22}],"player_experience":251932,"relics_obtained":[{"floor":7,"key":"Strawberry"},{"floor":9,"key":"Blue Doll"},{"floor":26,"key":"Golden Egg"}],"event_choices":[{"cards_removed":["TheCursedMod:Defend_TheCursed"],"damage_healed":0,"gold_gain":0,"player_choice":"Card Removal","damage_taken":0,"max_hp_gain":0,"max_hp_loss":0,"event_name":"Wheel of Change","floor":2,"gold_loss":0},{"damage_healed":0,"gold_gain":0,"player_choice":"Ignored","damage_taken":0,"max_hp_gain":0,"max_hp_loss":0,"event_name":"Ghosts","floor":24,"gold_loss":0},{"damage_healed":0,"gold_gain":0,"player_choice":"Simplicity","damage_taken":0,"max_hp_gain":0,"max_hp_loss":0,"event_name":"Back to Basics","floor":27,"gold_loss":0,"cards_upgraded":["TheCursedMod:Strike_TheCursed","TheCursedMod:Strike_TheCursed","TheCursedMod:Strike_TheCursed","TheCursedMod:Defend_TheCursed","TheCursedMod:Defend_TheCursed","TheCursedMod:Defend_TheCursed"]}],"is_beta":false,"boss_relics":[{"not_picked":["SacredBark","Abe\u0027s Treasure"],"picked":"Busted Crown"}],"items_purged_floors":[],"is_endless":false,"potions_floor_spawned":[1,3,7,11,20,21],"killed_by":"Gremlin Leader","ascension_level":0}}