{"host":"sy0sbf0rsk5t5kf4","time":1611046041,"event":{"mods":["BaseMod","Downfall","Minty Spire (QoL Compilation)","StSLib"],"gold_per_floor":[99,99,99,99,99,129,129,156,173,273,334,354,354,54,72,175,175,175,190,205,215,232,232,232,232,265,280,293,293,309,341,367,474,486,498,524,556,35,51,64,64,49,82,146,173,30,61,111,111,111,111],"floor_reached":49,"language":"ZHS","playtime":3733,"items_purged":["Slimebound:Defend_Slimebound","Slimebound:Strike_Slimebound","Parasite","Slimebound:Strike_Slimebound"],"score":732,"play_id":"f0500198-06a7-4429-9e05-dffa2df0c97b","local_time":"20210119164721","is_ascension_mode":true,"campfire_choices":[{"data":"Slimebound:Split","floor":1,"key":"SMITH"},{"floor":13,"key":"REST"},{"data":"expansioncontent:QuickStudy","floor":18,"key":"SMITH"},{"data":"Slimebound:GrowthPunch","floor":23,"key":"SMITH"},{"data":"Slimebound:GrowthPunch","floor":25,"key":"SMITH"},{"data":"Slimebound:Gluttony","floor":29,"key":"SMITH"},{"data":"Slimebound:DouseInSlime","floor":35,"key":"SMITH"}],"circlet_count":0,"master_deck":["Slimebound:Strike_Slimebound","Slimebound:Tackle","Slimebound:Defend_Slimebound","Slimebound:Split+1","Slimebound:CorrosiveSpit","Slimebound:Gluttony+1","Slimebound:Schlurp","Slimebound:GoopSpray","Slimebound:GoopSpray","Slimebound:DouseInSlime+1","Slimebound:SlimeSpikes","Slimebound:Schlurp","Slimebound:GoopSpray","Slimebound:GoopSpray","Slimebound:GoopSpray","expansioncontent:QuickStudy+1","Slimebound:GrowthPunch+1","Slimebound:Grow","Slimebound:LeechLife","Slimebound:LeechingTouch+1","Slimebound:GrowthPunch+1","Slimebound:AcidTongue+1","Slimebound:SamplingLick","Slimebound:SamplingLick+1","Slimebound:SlimeSpikes","Slimebound:LivingWall","Slimebound:LivingWall+1","Slimebound:GoopSpray","Slimebound:RainOfGoop","Slimebound:OozeBath","Slimebound:ItLooksTasty+1","Slimebound:ItLooksTasty","Slimebound:SlimeSpikes+1","Slimebound:Schlurp","Slimebound:Gluttony","expansioncontent:QuickStudy+1","expansioncontent:Chronoboost","Panache","Slimebound:LivingWall+1","Slimebound:AcidTongue+1","Slimebound:TongueLash+1","Slimebound:Recycling+1","Slimebound:SpikyOuterGoop+1","Slimebound:ViciousTackle+1","Slimebound:ViciousTackle+1","Slimebound:LeechingTouch+1","Slimebound:PressTheAttack+1"],"relics":["Slimebound:AbsorbEndCombat","downfall:HeartsMalice","downfall:ShatteredFragment","Nunchaku","HornCleat","Akabeko","downfall:CloakOfManyFaces","CultistMask","FaceOfCleric","NlothsMask","GremlinMask","SsserpentHead","Empty Cage","Smiling Mask","MawBank","Sozu","DollysMirror","Frozen Egg 2","Molten Egg 2","Frozen Eye","Meat on the Bone","Potion Belt"],"acts_visited":["Exordium","TheCity","TheBeyond"],"potions_floor_usage":[10,16,20,27,31,32],"damage_taken":[{"damage":0,"enemies":"Small Slimes","floor":2,"turns":1},{"damage":0,"enemies":"Jaw Worm","floor":3,"turns":1},{"damage":0,"enemies":"Cultist","floor":5,"turns":1},{"damage":31,"enemies":"Gremlin Nob","floor":6,"turns":4},{"damage":16,"enemies":"Lagavulin","floor":8,"turns":7},{"damage":1,"enemies":"2 Fungi Beasts","floor":9,"turns":2},{"damage":5,"enemies":"downfall:FaceTrader","floor":10,"turns":6},{"damage":16,"enemies":"Large Slime","floor":11,"turns":2},{"damage":0,"enemies":"Red Slaver","floor":12,"turns":3},{"damage":0,"enemies":"downfall:FleeingMerchant","floor":14,"turns":4},{"damage":0,"enemies":"Blue Slaver","floor":15,"turns":3},{"damage":44,"enemies":"SI_SHIV_ARCHETYPE","floor":16,"turns":9},{"damage":2,"enemies":"Shell Parasite","floor":19,"turns":5},{"damage":0,"enemies":"Spheric Guardian","floor":20,"turns":3},{"damage":16,"enemies":"Centurion and Healer","floor":21,"turns":6},{"damage":25,"enemies":"Sentry and Sphere","floor":22,"turns":6},{"damage":4,"enemies":"Gremlin Leader","floor":26,"turns":4},{"damage":5,"enemies":"Shelled Parasite and Fungi","floor":27,"turns":5},{"damage":4,"enemies":"Cultist and Chosen","floor":28,"turns":5},{"damage":15,"enemies":"Centurion and Healer","floor":30,"turns":6},{"damage":46,"enemies":"Slavers","floor":31,"turns":8},{"damage":6,"enemies":"Shelled Parasite and Fungi","floor":32,"turns":7},{"damage":68,"enemies":"IC_MUSHROOM_ARCHETYPE","floor":33,"turns":9},{"damage":0,"enemies":"3 Shapes","floor":36,"turns":4},{"damage":0,"enemies":"3 Darklings","floor":37,"turns":6},{"damage":0,"enemies":"downfall:FleeingMerchant","floor":38,"turns":4},{"damage":0,"enemies":"Writhing Mass","floor":39,"turns":5},{"damage":10,"enemies":"4 Shapes","floor":40,"turns":3},{"damage":0,"enemies":"downfall:FleeingMerchant","floor":42,"turns":4},{"damage":27,"enemies":"Nemesis","floor":43,"turns":9},{"damage":0,"enemies":"downfall:FleeingMerchant","floor":44,"turns":1},{"damage":11,"enemies":"Giant Head","floor":45,"turns":7},{"damage":60,"enemies":"Nemesis","floor":47,"turns":7},{"damage":50,"enemies":"Transient","floor":49,"turns":3}],"seed_played":"2190283254376220486","potions_obtained":[{"floor":6,"key":"Energy Potion"},{"floor":8,"key":"Strength Potion"},{"floor":12,"key":"SpeedPotion"},{"floor":15,"key":"Fire Potion"},{"floor":19,"key":"Energy Potion"},{"floor":21,"key":"GamblersBrew"},{"floor":22,"key":"Fire Potion"},{"floor":28,"key":"Block Potion"},{"floor":31,"key":"GamblersBrew"}],"is_trial":false,"path_per_floor":["R","M","M","?","M","E","T","E","M","?","M","M","R","$","M","B",null,"R","M","M","M","M","R","T","R","E","M","M","R","M","E","M","B",null,"R","M","M","?","M","M","T","$","E","$","E","$","E","?","M"],"character_chosen":"SLIMEBOUND","items_purchased":["expansioncontent:QuickStudy","Slimebound:GrowthPunch","Slimebound:Schlurp","Slimebound:Gluttony","DollysMirror","expansioncontent:Chronoboost","Panache","Frozen Eye","Slimebound:SpikyOuterGoop+1","Slimebound:ViciousTackle+1","Slimebound:LeechingTouch+1"],"campfire_rested":1,"item_purchase_floors":[14,14,38,38,38,38,38,44,44,46,46],"current_hp_per_floor":[65,65,65,47,47,24,24,16,19,22,11,16,36,43,52,17,70,70,69,72,63,68,68,68,68,73,71,77,77,63,26,80,21,81,81,82,83,84,85,81,81,87,61,66,64,64,25,25,0,0,0],"gold":111,"neow_bonus":"THREE_ENEMY_KILL","is_daily":false,"chose_seed":false,"campfire_upgraded":6,"win_rate":0.0,"timestamp":1611046041,"path_taken":["R","M","M","?","M","E","T","E","M","?","?","M","R","$","M","BOSS","R","M","M","M","M","R","T","R","E","M","M","R","M","E","M","BOSS","R","M","M","?","M","M","T","$","E","$","E","$","E","?","M"],"items_purchased_type":["Card","Card","Card","Card","Relic","Card","Card","Relic","Card","Card","Card"],"build_version":"2020-12-22","purchased_purges":4,"victory":false,"max_hp_per_floor":[65,65,65,65,65,65,65,65,65,65,66,67,67,68,69,70,70,70,71,72,73,74,74,74,74,75,76,77,77,78,79,80,81,81,81,82,83,84,85,86,86,87,88,86,87,87,88,88,88,88,88],"card_choices":[{"not_picked":["Slimebound:LeechingTouch","Slimebound:Equalize"],"picked":"Slimebound:Gluttony","floor":2},{"not_picked":["Slimebound:Prepare","Slimebound:Equalize"],"picked":"Slimebound:Schlurp","floor":3},{"not_picked":["Slimebound:RejuvenatingLick","Slimebound:GrowthPunch"],"picked":"Slimebound:GoopSpray","floor":5},{"not_picked":["Slimebound:RollThrough","Slimebound:FinishingTackle"],"picked":"Slimebound:GoopSpray","floor":6},{"not_picked":["Slimebound:SamplingLick","Slimebound:PressTheAttack"],"picked":"Slimebound:DouseInSlime","floor":8},{"not_picked":["Slimebound:SplitBruiser","Slimebound:Chomp"],"picked":"Slimebound:SlimeSpikes","floor":9},{"not_picked":["Slimebound:SlimeTap","Slimebound:GoopTackle"],"picked":"Slimebound:Schlurp","floor":10},{"not_picked":["Slimebound:Prepare","Slimebound:SlimeBrawl"],"picked":"Slimebound:GoopSpray","floor":11},{"not_picked":["Slimebound:SplitAcid","Slimebound:SlimeSpikes"],"picked":"Slimebound:GoopSpray","floor":12},{"not_picked":["Slimebound:FirmFortitude","Slimebound:Repurpose"],"picked":"Slimebound:GoopSpray","floor":14},{"not_picked":["Slimebound:GoopSpray","Slimebound:ItLooksTasty"],"picked":"Slimebound:Grow","floor":15},{"not_picked":["Slimebound:DuplicatedForm","Slimebound:PrepareCrush"],"picked":"Slimebound:LeechLife","floor":16},{"not_picked":["Slimebound:Replication","Slimebound:SlimeSpikes"],"picked":"Slimebound:LeechingTouch+1","floor":19},{"not_picked":["Slimebound:Prepare+1","Slimebound:RollThrough"],"picked":"Slimebound:GrowthPunch","floor":20},{"not_picked":["Slimebound:RollThrough+1","Slimebound:GoopTackle"],"picked":"Slimebound:AcidTongue+1","floor":21},{"not_picked":["Slimebound:Prepare","Slimebound:SlimeTap+1"],"picked":"Slimebound:SamplingLick","floor":22},{"not_picked":["Slimebound:Equalize","Slimebound:SplitAcid+1"],"picked":"Slimebound:SamplingLick+1","floor":26},{"not_picked":["Slimebound:SplitMire","Slimebound:Equalize"],"picked":"Slimebound:SlimeSpikes","floor":27},{"not_picked":["Slimebound:Gluttony","Slimebound:SplitBruiser"],"picked":"Slimebound:LivingWall","floor":28},{"not_picked":["Slimebound:SamplingLick","Slimebound:PressTheAttack+1"],"picked":"Slimebound:LivingWall+1","floor":30},{"not_picked":["Slimebound:SlimeBarrage+1","Slimebound:ComboTackle"],"picked":"Slimebound:GoopSpray","floor":31},{"not_picked":["Slimebound:Teamwork","Slimebound:GoopSpray"],"picked":"Slimebound:RainOfGoop","floor":32},{"not_picked":["Slimebound:RallyTheTroops","Slimebound:PrepareCrush"],"picked":"Slimebound:OozeBath","floor":33},{"not_picked":["Slimebound:SplitBruiser+1","Slimebound:FinishingTackle"],"picked":"Slimebound:ItLooksTasty+1","floor":36},{"not_picked":["Slimebound:MegaLick","Slimebound:GoopTackle+1"],"picked":"Slimebound:ItLooksTasty","floor":37},{"not_picked":["Slimebound:SplitBruiser+1","Slimebound:MinionMaster"],"picked":"Slimebound:SlimeSpikes+1","floor":38},{"not_picked":["Slimebound:SplitAcid+1","Slimebound:HungryTackle"],"picked":"Slimebound:LivingWall+1","floor":39},{"not_picked":["Slimebound:SplitMire","Slimebound:ForwardTackle+1"],"picked":"Slimebound:AcidTongue+1","floor":40},{"not_picked":["Slimebound:ServeAndProtect","Slimebound:SplitSpecialist+1","Slimebound:Prepare+1"],"picked":"SKIP","floor":42},{"not_picked":["Slimebound:GoopTackle+1","Slimebound:ComboTackle+1"],"picked":"Slimebound:TongueLash+1","floor":43},{"not_picked":["Slimebound:Prepare","Slimebound:SplitSpecialist+1"],"picked":"Slimebound:Recycling+1","floor":44},{"not_picked":["Slimebound:Repurpose+1","Slimebound:LeechEnergy+1"],"picked":"Slimebound:ViciousTackle+1","floor":45},{"not_picked":["Slimebound:ComboTackle+1","Slimebound:DivideAndConquer+1"],"picked":"Slimebound:PressTheAttack+1","floor":47}],"player_experience":177608,"relics_obtained":[{"floor":6,"key":"Nunchaku"},{"floor":7,"key":"HornCleat"},{"floor":8,"key":"Akabeko"},{"floor":10,"key":"downfall:CloakOfManyFaces"},{"floor":26,"key":"Smiling Mask"},{"floor":31,"key":"MawBank"},{"floor":41,"key":"Frozen Egg 2"},{"floor":43,"key":"Molten Egg 2"},{"floor":45,"key":"Meat on the Bone"},{"floor":47,"key":"Potion Belt"}],"event_choices":[],"is_beta":false,"boss_relics":[{"not_picked":["Velvet Choker","Black Star"],"picked":"Empty Cage"},{"not_picked":["Fusion Hammer","Runic Pyramid"],"picked":"Sozu"}],"items_purged_floors":[14,38,44,46],"is_endless":false,"potions_floor_spawned":[6,8,12,15,19,21,22,28,31,40,43,45,47],"killed_by":"Transient","ascension_level":1}}