{"host":"sdjng9zhqonqi3uc","time":1611082585,"event":{"mods":["2.2 Compatiblity","AchievementEnabler","BaseMod","Better Third Choice","BetterRewards","Colored Powertips","Downfall","Hero for Fun","Minty Spire (QoL Compilation)","Quick Restart","Shop Mod","Spicy Shops","StSLib","Td1madao Mod","The Animator","The Cursed","The Servant 0.9.4"],"gold_per_floor":[14,26,37,312,327,352,352,381,381,181,191,205,234,244,244,347,347,362,362,362,372,385,412,412,447,447,372,322,341,341,351,351,452,452,464,464,476,487,144,176,0,34,58,73,73,119,119,134,134,134],"floor_reached":51,"language":"ENG","playtime":422,"items_purged":["Defend_Y","Defend_Y","Defend_Y","Defend_Y","Defend_Y","Regret","Strike_Y"],"score":1908,"play_id":"455151d4-8af0-46bf-834a-4f812ec021f6","local_time":"20210119195625","is_ascension_mode":true,"campfire_choices":[{"data":"Slap","floor":7,"key":"SMITH"},{"data":"Slap","floor":15,"key":"SMITH"},{"data":"Slap","floor":24,"key":"SMITH"},{"data":"Strike_Y","floor":32,"key":"SMITH"},{"data":"1","floor":45,"key":"LIFT"},{"data":"2","floor":47,"key":"LIFT"},{"data":"3","floor":49,"key":"LIFT"}],"circlet_count":0,"master_deck":["Strike_Y","Strike_Y","Slap+1","Slap+1","Slap+1","Slap","Consecutive_Normal_Punch+1"],"relics":["Cape","Bag of Preparation","Lantern","Happy Flower","Ancient Tea Set","InkBottle","Bottled Flame","Busted Crown","Shuriken","Smiling Mask","Blue Candle","Runic Pyramid","Girya","Turnip","Red Mask","Anchor","Toy Ornithopter","Calipers"],"acts_visited":["Exordium","TheCity","TheBeyond"],"potions_floor_usage":[44],"damage_taken":[{"damage":0,"enemies":"2 Louse","floor":1,"turns":1},{"damage":0,"enemies":"Cultist","floor":2,"turns":1},{"damage":0,"enemies":"Jaw Worm","floor":3,"turns":1},{"damage":0,"enemies":"Large Slime","floor":5,"turns":1},{"damage":0,"enemies":"Lagavulin","floor":6,"turns":1},{"damage":0,"enemies":"3 Sentries","floor":8,"turns":1},{"damage":0,"enemies":"Exordium Wildlife","floor":11,"turns":1},{"damage":0,"enemies":"Looter","floor":12,"turns":1},{"damage":0,"enemies":"Lagavulin","floor":13,"turns":1},{"damage":0,"enemies":"3 Louse","floor":14,"turns":1},{"damage":0,"enemies":"Slime Boss","floor":16,"turns":1},{"damage":0,"enemies":"3 Byrds","floor":18,"turns":1},{"damage":0,"enemies":"Chosen","floor":21,"turns":1},{"damage":0,"enemies":"Snake Plant","floor":22,"turns":1},{"damage":0,"enemies":"Book of Stabbing","floor":23,"turns":1},{"damage":0,"enemies":"Slavers","floor":25,"turns":1},{"damage":0,"enemies":"Shelled Parasite and Fungi","floor":29,"turns":1},{"damage":0,"enemies":"Sentry and Sphere","floor":30,"turns":1},{"damage":0,"enemies":"3 Cultists","floor":31,"turns":1},{"damage":0,"enemies":"Champ","floor":33,"turns":1},{"damage":0,"enemies":"3 Darklings","floor":35,"turns":1},{"damage":0,"enemies":"Orb Walker","floor":37,"turns":1},{"damage":0,"enemies":"4 Shapes","floor":38,"turns":1},{"damage":0,"enemies":"Giant Head","floor":40,"turns":1},{"damage":0,"enemies":"Reptomancer","floor":42,"turns":1},{"damage":0,"enemies":"Sphere and 2 Shapes","floor":44,"turns":1},{"damage":0,"enemies":"2 Orb Walkers","floor":46,"turns":1},{"damage":0,"enemies":"Jaw Worm Horde","floor":48,"turns":1},{"damage":0,"enemies":"Time Eater","floor":50,"turns":1}],"seed_played":"-3498754750407800523","potions_obtained":[{"floor":6,"key":"Ancient Potion"},{"floor":29,"key":"Slimebound:ThreeZeroPotion"},{"floor":42,"key":"Guardian:BlockOnCardUsePotion"},{"floor":44,"key":"hexamod:SoulburnPotion"}],"is_trial":false,"path_per_floor":["M","M","M","?","M","E","R","E","T","$","M","M","E","M","R","B",null,"M","?","?","M","M","E","R","E","T","?","$","M","M","M","R","B",null,"M","?","M","M","$","E","?","E","T","M","R","?","R","M","R","B",null],"character_chosen":"OPM","items_purchased":["Slap","Slap","Bag of Preparation","Lantern","Slap","Girya","Slap"],"campfire_rested":0,"item_purchase_floors":[0,0,0,0,0,39,39],"current_hp_per_floor":[899,899,899,899,899,899,899,899,899,899,899,899,899,899,899,899,974,974,999,999,999,999,999,999,999,999,999,999,999,999,999,999,999,999,999,999,999,999,999,999,999,999,999,999,999,999,999,999,999,999],"gold":134,"neow_bonus":"","is_daily":false,"chose_seed":false,"campfire_upgraded":4,"win_rate":0.0,"timestamp":1611082585,"path_taken":["M","M","M","?","M","E","R","E","T","$","M","?","E","M","R","BOSS","M","?","?","?","M","E","R","E","T","?","?","M","M","M","R","BOSS","M","?","M","M","$","E","?","E","T","M","R","?","R","?","R","BOSS"],"items_purchased_type":["Card","Card","Relic","Relic","Card","Relic","Card"],"build_version":"2020-12-22","purchased_purges":7,"victory":true,"max_hp_per_floor":[999,999,999,999,999,999,999,999,999,999,999,999,999,999,999,999,999,999,999,999,999,999,999,999,999,999,999,999,999,999,999,999,999,999,999,999,999,999,999,999,999,999,999,999,999,999,999,999,999,999],"card_choices":[{"not_picked":["Toss_Stone","Do_Nothing","Wear_Disguise"],"picked":"SKIP","floor":1},{"not_picked":["Slap","Wear_Disguise","Ignore"],"picked":"SKIP","floor":2},{"not_picked":["Hop","Wear_Disguise","Slap"],"picked":"SKIP","floor":3},{"not_picked":["Side_Hop","Ignore","Yawn"],"picked":"SKIP","floor":5},{"not_picked":["Toss_Stone","Side_Hop","Terrifying_Presence"],"picked":"SKIP","floor":6},{"not_picked":["Slap","Ignore","Serious_Side_Hops"],"picked":"SKIP","floor":8},{"not_picked":["Wear_Disguise","Slap","Toss_Stone"],"picked":"SKIP","floor":11},{"not_picked":["Slap","Yawn","Side_Hop"],"picked":"SKIP","floor":12},{"not_picked":["Wear_Disguise","Slap","Ignore"],"picked":"SKIP","floor":13},{"not_picked":["Normal_Punch","Do_Nothing","Yawn"],"picked":"SKIP","floor":14},{"not_picked":["Ignore+1"],"picked":"SKIP","floor":18},{"not_picked":["Normal_Punch"],"picked":"SKIP","floor":21},{"not_picked":["Slap"],"picked":"SKIP","floor":22},{"not_picked":["Yawn+1"],"picked":"SKIP","floor":23},{"not_picked":["Wear_Disguise"],"picked":"SKIP","floor":25},{"not_picked":["Normal_Punch"],"picked":"SKIP","floor":29},{"not_picked":["Side_Hop"],"picked":"SKIP","floor":30},{"not_picked":["Side_Hop"],"picked":"SKIP","floor":31},{"not_picked":["Ignore"],"picked":"SKIP","floor":35},{"not_picked":["Hop"],"picked":"SKIP","floor":37},{"not_picked":["Wear_Disguise+1"],"picked":"SKIP","floor":38},{"not_picked":["Wear_Disguise+1"],"picked":"SKIP","floor":40},{"not_picked":["Hop"],"picked":"SKIP","floor":42},{"not_picked":[],"picked":"Consecutive_Normal_Punch+1","floor":44},{"not_picked":["Toss_Stone+1"],"picked":"SKIP","floor":48}],"player_experience":343942,"relics_obtained":[{"floor":6,"key":"Happy Flower"},{"floor":8,"key":"Ancient Tea Set"},{"floor":9,"key":"InkBottle"},{"floor":13,"key":"Bottled Flame"},{"floor":23,"key":"Shuriken"},{"floor":25,"key":"Smiling Mask"},{"floor":26,"key":"Blue Candle"},{"floor":40,"key":"Turnip"},{"floor":42,"key":"Anchor"},{"floor":43,"key":"Toy Ornithopter"},{"floor":46,"key":"Calipers"}],"event_choices":[{"damage_healed":0,"gold_gain":275,"player_choice":"Desecrate","damage_taken":0,"max_hp_gain":0,"max_hp_loss":0,"event_name":"Golden Shrine","floor":4,"gold_loss":0,"cards_obtained":["Regret"]},{"damage_healed":330,"gold_gain":0,"player_choice":"Heal","damage_taken":0,"max_hp_gain":0,"max_hp_loss":0,"event_name":"The Library","floor":19,"gold_loss":0},{"cards_removed":["Strike_Y"],"damage_healed":0,"gold_gain":0,"player_choice":"Gave Gold","damage_taken":0,"max_hp_gain":0,"max_hp_loss":0,"event_name":"Beggar","floor":27,"gold_loss":75},{"cards_removed":["Strike_Y"],"damage_healed":0,"gold_gain":0,"player_choice":"Removed Attack","damage_taken":0,"max_hp_gain":0,"max_hp_loss":0,"event_name":"Falling","floor":36,"gold_loss":0},{"damage_healed":0,"gold_gain":0,"player_choice":"Paid","damage_taken":0,"relics_obtained":["Red Mask"],"max_hp_gain":0,"max_hp_loss":0,"event_name":"Tomb of Lord Red Mask","floor":41,"gold_loss":176},{"damage_healed":0,"gold_gain":0,"player_choice":"Fight","damage_taken":0,"max_hp_gain":0,"max_hp_loss":0,"event_name":"Mysterious Sphere","floor":46,"gold_loss":0}],"is_beta":false,"boss_relics":[{"not_picked":["bronze:MakeshiftBattery","Empty Cage"],"picked":"Busted Crown"},{"not_picked":["Snecko Eye","Pandora\u0027s Box"],"picked":"Runic Pyramid"}],"items_purged_floors":[0,0,0,0,0,10,28],"is_endless":false,"potions_floor_spawned":[2,3,6,8,12,14,16,21,22,23,29,35,42,44,48],"ascension_level":7}}