{"host":"928gv66myv2vlnsd","time":1611090149,"event":{"mods":["BaseMod","Minty Spire (QoL Compilation)","StSLib"],"gold_per_floor":[111,129,141,151,167,196,196,231,231,231,231,242,18,32,32,130,130,141,155,169,169,245,277,277,310,310,310,330,362,287,386,386,486,486,498,498,518,538,549,549,582,143,190,229,241,266,278,305,317,329,341,353,162,187,187],"floor_reached":56,"language":"ENG","playtime":3982,"items_purged":["Regret","Pain"],"score":1971,"play_id":"e8c9a886-51a7-4b09-9512-3a15463e5833","local_time":"20210119160229","is_ascension_mode":true,"campfire_choices":[{"data":"Well Laid Plans","floor":7,"key":"SMITH"},{"data":"Crippling Poison","floor":11,"key":"SMITH"},{"data":"Neutralize","floor":15,"key":"SMITH"},{"floor":24,"key":"REST"},{"floor":27,"key":"REST"},{"floor":32,"key":"REST"},{"data":"Wraith Form v2","floor":40,"key":"SMITH"},{"data":"Tools of the Trade","floor":45,"key":"SMITH"},{"data":"Wraith Form v2","floor":47,"key":"SMITH"},{"floor":49,"key":"RECALL"},{"data":"Tools of the Trade","floor":52,"key":"SMITH"}],"circlet_count":0,"master_deck":["AscendersBane","Strike_G","Strike_G","Strike_G","Strike_G","Defend_G","Defend_G","Defend_G","Defend_G","Defend_G","Survivor","Neutralize+1","Crippling Poison+1","Dash","Well Laid Plans+1","Underhanded Strike","Underhanded Strike","All Out Attack","Flying Knee","Blade Dance","Leg Sweep","Tools of the Trade+1","Eviscerate","Tactician","Necronomicurse","Reflex","Tools of the Trade+1","Wraith Form v2+1","Blade Dance","Wraith Form v2+1","Reflex","Wraith Form v2+1","Wraith Form v2"],"relics":["Ring of the Serpent","FossilizedHelix","Shuriken","Bottled Lightning","Smiling Mask","Medical Kit","Necronomicon","Singing Bowl","Vajra","Meat on the Bone","Oddly Smooth Stone","HoveringKite","WarpedTongs","Bronze Scales","Incense Burner","Orrery","MawBank","Snake Skull","DollysMirror","Pen Nib"],"acts_visited":["Exordium","TheCity","TheBeyond","TheEnding"],"potions_floor_usage":[4,6,8,16,23,25,33,44,53],"damage_taken":[{"damage":0,"enemies":"Cultist","floor":1,"turns":5},{"damage":7,"enemies":"Jaw Worm","floor":2,"turns":5},{"damage":3,"enemies":"2 Louse","floor":3,"turns":3},{"damage":2,"enemies":"Exordium Thugs","floor":4,"turns":4},{"damage":1,"enemies":"Looter","floor":5,"turns":3},{"damage":16,"enemies":"Gremlin Nob","floor":6,"turns":5},{"damage":10,"enemies":"3 Sentries","floor":8,"turns":9},{"damage":0,"enemies":"2 Fungi Beasts","floor":12,"turns":3},{"damage":0,"enemies":"Exordium Wildlife","floor":14,"turns":2},{"damage":0,"enemies":"The Guardian","floor":16,"turns":13},{"damage":13,"enemies":"Spheric Guardian","floor":18,"turns":4},{"damage":4,"enemies":"Shell Parasite","floor":19,"turns":6},{"damage":0,"enemies":"Snecko","floor":20,"turns":4},{"damage":13,"enemies":"Slavers","floor":23,"turns":6},{"damage":11,"enemies":"Gremlin Leader","floor":25,"turns":6},{"damage":22,"enemies":"Sentry and Sphere","floor":28,"turns":5},{"damage":0,"enemies":"Book of Stabbing","floor":29,"turns":3},{"damage":15,"enemies":"Collector","floor":33,"turns":9},{"damage":21,"enemies":"3 Darklings","floor":35,"turns":4},{"damage":13,"enemies":"3 Shapes","floor":37,"turns":7},{"damage":0,"enemies":"Spire Growth","floor":38,"turns":4},{"damage":0,"enemies":"Maw","floor":39,"turns":7},{"damage":25,"enemies":"Nemesis","floor":41,"turns":7},{"damage":6,"enemies":"Reptomancer","floor":44,"turns":6},{"damage":0,"enemies":"4 Shapes","floor":46,"turns":5},{"damage":3,"enemies":"Spire Growth","floor":48,"turns":5},{"damage":21,"enemies":"Awakened One","floor":50,"turns":10},{"damage":11,"enemies":"Shield and Spear","floor":54,"turns":7},{"damage":39,"enemies":"The Heart","floor":55,"turns":10}],"seed_played":"-1783306694662980047","potions_obtained":[{"floor":2,"key":"Explosive Potion"},{"floor":5,"key":"CunningPotion"},{"floor":6,"key":"Dexterity Potion"},{"floor":8,"key":"EssenceOfSteel"},{"floor":16,"key":"Energy Potion"},{"floor":18,"key":"Strength Potion"},{"floor":23,"key":"SmokeBomb"},{"floor":28,"key":"BlessingOfTheForge"},{"floor":33,"key":"EntropicBrew"},{"floor":44,"key":"EntropicBrew"}],"is_trial":false,"path_per_floor":["M","M","M","M","M","E","R","E","T","?","R","M","$","M","R","B",null,"M","M","M","?","T","E","R","E","T","R","M","E","?","?","R","B",null,"M","?","M","M","M","R","E","$","T","E","R","M","R","M","R","B",null,"R","$","E","B",null],"character_chosen":"THE_SILENT","items_purchased":["Blade Dance","Medical Kit","Incense Burner","Orrery","DollysMirror"],"campfire_rested":3,"item_purchase_floors":[13,13,42,42,53],"current_hp_per_floor":[63,56,53,51,50,34,34,24,24,24,24,24,24,24,24,24,59,46,42,42,26,26,13,34,25,25,46,38,38,38,38,60,45,67,46,46,47,49,51,51,40,46,46,54,54,56,56,55,55,46,82,82,82,71,44],"gold":187,"neow_bonus":"THREE_CARDS","is_daily":false,"chose_seed":false,"campfire_upgraded":7,"win_rate":0.0,"timestamp":1611090149,"path_taken":["M","M","?","M","M","E","R","E","T","?","R","M","$","M","R","BOSS","M","M","M","?","?","E","R","E","T","R","M","E","?","?","R","BOSS","M","?","M","M","M","R","E","$","T","E","R","?","R","M","R","BOSS","R","$","E","BOSS"],"items_purchased_type":["Card","Relic","Relic","Relic","Relic"],"build_version":"2020-12-22","purchased_purges":2,"victory":true,"max_hp_per_floor":[70,70,70,70,70,70,70,70,70,70,70,70,70,70,70,70,70,70,70,70,70,70,70,70,72,72,72,74,74,74,74,74,74,74,74,74,76,78,80,80,82,88,88,90,90,92,92,94,94,94,94,94,94,94,94],"card_choices":[{"not_picked":["Quick Slash","Prepared"],"picked":"Crippling Poison","floor":0},{"not_picked":["Backflip","Flechettes"],"picked":"Dash","floor":1},{"not_picked":["Expertise","Flying Knee"],"picked":"Well Laid Plans","floor":2},{"not_picked":["Dash","Dagger Throw"],"picked":"Underhanded Strike","floor":3},{"not_picked":["Flying Knee","Choke"],"picked":"Underhanded Strike","floor":4},{"not_picked":["PiercingWail","Quick Slash"],"picked":"All Out Attack","floor":5},{"not_picked":["Dodge and Roll","Concentrate"],"picked":"Flying Knee","floor":6},{"not_picked":["Doppelganger","Quick Slash","Bane"],"picked":"SKIP","floor":8},{"not_picked":["Backflip","Well Laid Plans","Sucker Punch"],"picked":"SKIP","floor":12},{"not_picked":["Endless Agony","Sucker Punch","Leg Sweep"],"picked":"SKIP","floor":14},{"not_picked":["Endless Agony","Sucker Punch"],"picked":"Leg Sweep","floor":14},{"not_picked":["Envenom","Adrenaline"],"picked":"Tools of the Trade","floor":16},{"not_picked":["Heel Hook","Quick Slash","Choke"],"picked":"SKIP","floor":18},{"not_picked":["Outmaneuver","Deadly Poison"],"picked":"Eviscerate","floor":19},{"not_picked":["PiercingWail+1","Underhanded Strike"],"picked":"Tactician","floor":20},{"not_picked":["Footwork","Expertise"],"picked":"Reflex","floor":23},{"not_picked":["Flying Knee","Acrobatics","Skewer"],"picked":"Singing Bowl","floor":25},{"not_picked":["Sucker Punch","Backflip+1","Bane"],"picked":"Singing Bowl","floor":28},{"not_picked":["Riddle With Holes","Deflect"],"picked":"Tools of the Trade","floor":29},{"not_picked":["Grand Finale","After Image"],"picked":"Wraith Form v2","floor":33},{"not_picked":["Riddle With Holes","Slice"],"picked":"Blade Dance","floor":35},{"not_picked":["Sucker Punch","Skewer","Distraction+1"],"picked":"Singing Bowl","floor":37},{"not_picked":["Heel Hook+1","Cloak And Dagger","Slice"],"picked":"Singing Bowl","floor":38},{"not_picked":["Sucker Punch","Backflip+1","Dagger Spray+1"],"picked":"Singing Bowl","floor":39},{"not_picked":["PiercingWail","Underhanded Strike","Bane+1"],"picked":"Singing Bowl","floor":41},{"not_picked":["Quick Slash","Dagger Throw"],"picked":"Wraith Form v2","floor":42},{"not_picked":["Sucker Punch","Eviscerate+1","Deflect"],"picked":"Singing Bowl","floor":42},{"not_picked":["Dodge and Roll","Bullet Time","Endless Agony+1"],"picked":"Singing Bowl","floor":42},{"not_picked":["After Image","Dagger Spray+1","Sucker Punch"],"picked":"Singing Bowl","floor":42},{"not_picked":["Glass Knife","Bouncing Flask+1"],"picked":"Reflex","floor":42},{"not_picked":["Deflect","Well Laid Plans","Blade Dance"],"picked":"Singing Bowl","floor":44},{"not_picked":["Slice+1","Expertise","Flying Knee"],"picked":"Singing Bowl","floor":46},{"not_picked":["Poisoned Stab","Acrobatics","Slice"],"picked":"Singing Bowl","floor":48},{"not_picked":["Sucker Punch","Setup"],"picked":"Wraith Form v2","floor":54}],"player_experience":1260354,"relics_obtained":[{"floor":6,"key":"FossilizedHelix"},{"floor":8,"key":"Shuriken"},{"floor":9,"key":"Bottled Lightning"},{"floor":21,"key":"Necronomicon"},{"floor":23,"key":"Singing Bowl"},{"floor":25,"key":"Vajra"},{"floor":26,"key":"Meat on the Bone"},{"floor":29,"key":"Oddly Smooth Stone"},{"floor":41,"key":"Bronze Scales"},{"floor":43,"key":"MawBank"},{"floor":44,"key":"Snake Skull"},{"floor":54,"key":"Pen Nib"}],"event_choices":[{"damage_healed":0,"gold_gain":0,"player_choice":"Box","damage_taken":0,"relics_obtained":["Smiling Mask"],"max_hp_gain":0,"max_hp_loss":0,"event_name":"Big Fish","floor":10,"gold_loss":0,"cards_obtained":["Regret"]},{"damage_healed":0,"gold_gain":0,"player_choice":"Obtained Book","damage_taken":16,"max_hp_gain":0,"max_hp_loss":0,"event_name":"Cursed Tome","floor":21,"gold_loss":0},{"cards_removed":["Strike_G"],"damage_healed":0,"gold_gain":0,"player_choice":"Gave Gold","damage_taken":0,"max_hp_gain":0,"max_hp_loss":0,"event_name":"Beggar","floor":30,"gold_loss":75},{"damage_healed":0,"gold_gain":99,"player_choice":"Stole From Cult","damage_taken":0,"max_hp_gain":0,"max_hp_loss":0,"event_name":"Nest","floor":31,"gold_loss":0},{"damage_healed":0,"gold_gain":0,"player_choice":"Rummage","damage_taken":0,"relics_obtained":["WarpedTongs"],"max_hp_gain":0,"max_hp_loss":0,"event_name":"Accursed Blacksmith","floor":36,"gold_loss":0,"cards_obtained":["Pain"]}],"is_beta":false,"boss_relics":[{"not_picked":["Philosopher\u0027s Stone","Tiny House"],"picked":"Ring of the Serpent"},{"not_picked":["Runic Pyramid","Velvet Choker"],"picked":"HoveringKite"}],"items_purged_floors":[13,53],"is_endless":false,"potions_floor_spawned":[2,5,6,8,16,18,23,28,33,37,41,44,54],"ascension_level":12}}