{"host":"skr63qsdfgeey3it","time":1611086507,"event":{"mods":["BaseMod","Colored Map","Hubris","Minty Spire (QoL Compilation)","Replay The Spire","Spicy Shops","StSLib"],"gold_per_floor":[118,118,130,205,53,53,82,7,7,7,38,38,52,62,62,133,133,144,144,144,164,214,214,239,249,249,249,19,19,39,39,39,39,39],"floor_reached":33,"language":"ENG","playtime":1251,"items_purged":["Strike_R"],"score":596,"play_id":"a6baa95e-c80e-4b7c-8e7d-e593e64e66a1","local_time":"20210119140147","is_ascension_mode":true,"campfire_choices":[{"data":"Immolate","floor":6,"key":"SMITH"},{"data":"Evolve","floor":12,"key":"SMITH"},{"data":"Bash","floor":12,"key":"SMITH"},{"data":"ReplayTheSpireMod:Stacked","floor":15,"key":"SMITH"},{"data":"Defend_R","floor":15,"key":"SMITH"},{"floor":23,"key":"REST"},{"floor":27,"key":"REST"},{"floor":32,"key":"DIG"}],"circlet_count":0,"master_deck":["AscendersBane","Defend_R+1","Defend_R","Defend_R","Defend_R","Bash+1","Battle Trance","Immolate+1","ReplayTheSpireMod:LeadingStrike+1","Evolve+1","ReplayTheSpireMod:Stacked+1","Battle Trance","Limit Break","Rampage","True Grit","Bite","Bite","Bite","Bite","Bite","Fire Breathing","Reckless Charge","Shrug It Off","Armaments+1","Shrug It Off+1","Fire Breathing"],"relics":["Burning Blood","Bird Faced Urn","Quantum Egg","Strawberry","hubris:ScarierMask","hubris:IronBody","Oddly Smooth Stone","StrikeDummy","TheAbacus","Nloth\u0027s Gift","hubris:BundleOfHerbs"],"acts_visited":["Exordium","TheCity"],"potions_floor_usage":[3,11,16,18,25,33],"damage_taken":[{"damage":1,"enemies":"2 Louse","floor":1,"turns":3},{"damage":1,"enemies":"Cultist","floor":3,"turns":3},{"damage":35,"enemies":"Lagavulin","floor":7,"turns":5},{"damage":0,"enemies":"Gremlin Nob","floor":11,"turns":2},{"damage":4,"enemies":"Jaw Worm","floor":13,"turns":3},{"damage":15,"enemies":"Exordium Thugs","floor":14,"turns":3},{"damage":0,"enemies":"Slime Boss","floor":16,"turns":4},{"damage":49,"enemies":"Chosen","floor":18,"turns":6},{"damage":7,"enemies":"3 Byrds","floor":21,"turns":4},{"damage":47,"enemies":"Replay:Snechameleon","floor":24,"turns":6},{"damage":20,"enemies":"Shelled Parasite and Fungi","floor":25,"turns":8},{"damage":0,"enemies":"3 Cultists","floor":30,"turns":5},{"damage":131,"enemies":"Collector","floor":33,"turns":7}],"seed_played":"-2072826476547030713","potions_obtained":[{"floor":1,"key":"Energy Potion"},{"floor":7,"key":"Fire Potion"},{"floor":11,"key":"ColorlessPotion"},{"floor":16,"key":"GamblersBrew"},{"floor":18,"key":"FairyPotion"},{"floor":21,"key":"BlessingOfTheForge"},{"floor":25,"key":"BloodPotion"}],"is_trial":false,"path_per_floor":["M","?","M","?","$","R","E","$","T","?","E","R","M","M","R","B",null,"M","?","?","M","?","R","E","M","T","R","$","?","M","?","R_BF","B"],"character_chosen":"IRONCLAD","items_purchased":["Immolate","TheAbacus","Fire Breathing"],"campfire_rested":2,"item_purchase_floors":[5,28,28],"current_hp_per_floor":[72,72,72,65,65,65,36,36,36,36,49,49,53,46,46,54,73,30,30,30,35,22,38,11,23,23,39,39,39,55,55,55,0,0],"gold":39,"neow_bonus":"ONE_RARE_RELIC","is_daily":false,"chose_seed":false,"campfire_upgraded":5,"win_rate":0.0,"timestamp":1611086507,"path_taken":["M","?","?","?","$","R","E","?","T","?","E","R","M","?","R","BOSS","M","?","?","?","?","R","E","M","T","R","$","?","M","?","R_BF","BOSS"],"items_purchased_type":["Card","Relic","Card"],"build_version":"2020-12-22","purchased_purges":1,"victory":false,"max_hp_per_floor":[72,72,72,72,72,72,72,72,72,72,79,79,79,79,79,79,79,79,79,55,55,55,55,55,55,55,55,55,55,55,55,55,55,55],"card_choices":[{"not_picked":["Dark Embrace","ReplayTheSpireMod:LeadingStrike","Clothesline"],"picked":"SKIP","floor":1},{"not_picked":["Clash","Warcry","Run Through"],"picked":"SKIP","floor":3},{"not_picked":["Wild Strike","Searing Blow"],"picked":"ReplayTheSpireMod:LeadingStrike","floor":7},{"not_picked":["Sentinel","Sever Soul"],"picked":"Evolve","floor":11},{"not_picked":["Flex","ReplayTheSpireMod:Corrosion Curse"],"picked":"ReplayTheSpireMod:Stacked","floor":13},{"not_picked":["Blood for Blood","Hemokinesis"],"picked":"Battle Trance","floor":14},{"not_picked":["Replay:Many Hands","Corruption"],"picked":"Limit Break","floor":16},{"not_picked":["Life Link","Dark Embrace"],"picked":"Rampage","floor":18},{"not_picked":["Shrug It Off","Twin Strike"],"picked":"Fire Breathing","floor":21},{"not_picked":["Body Slam","Perfected Strike"],"picked":"Reckless Charge","floor":22},{"not_picked":["Twin Strike","Perfected Strike"],"picked":"Shrug It Off","floor":22},{"not_picked":["hubris:SharpeningStone+1","Headbutt"],"picked":"Armaments+1","floor":24},{"not_picked":["Sever Soul","Pommel Strike+1"],"picked":"Shrug It Off+1","floor":25},{"not_picked":["Flame Barrier","Armaments","Warcry"],"picked":"SKIP","floor":30}],"player_experience":753697,"relics_obtained":[{"floor":7,"key":"Replay:Arrowhead"},{"floor":9,"key":"Quantum Egg"},{"floor":11,"key":"Strawberry"},{"floor":22,"key":"hubris:IronBody"},{"floor":24,"key":"Oddly Smooth Stone"},{"floor":26,"key":"StrikeDummy"},{"floor":32,"key":"hubris:BundleOfHerbs"}],"event_choices":[{"damage_healed":0,"gold_gain":0,"cards_transformed":["Strike_R"],"player_choice":"Transformed","damage_taken":0,"max_hp_gain":0,"max_hp_loss":0,"event_name":"Transmorgrifier","floor":2,"gold_loss":0,"cards_obtained":["Battle Trance"]},{"damage_healed":0,"gold_gain":75,"player_choice":"Touch","damage_taken":7,"max_hp_gain":0,"max_hp_loss":0,"event_name":"FaceTrader","floor":4,"gold_loss":0},{"damage_healed":0,"gold_gain":0,"player_choice":"Upgraded","damage_taken":0,"max_hp_gain":0,"max_hp_loss":0,"event_name":"Upgrade Shrine","floor":10,"gold_loss":0,"cards_upgraded":["ReplayTheSpireMod:LeadingStrike"]},{"damage_healed":0,"gold_gain":0,"player_choice":"Became a vampire","damage_taken":0,"max_hp_gain":0,"max_hp_loss":24,"event_name":"Vampires","floor":20,"gold_loss":0,"cards_obtained":["Bite","Bite","Bite","Bite","Bite"]},{"damage_healed":0,"gold_gain":0,"player_choice":"Ignored","damage_taken":0,"max_hp_gain":0,"max_hp_loss":0,"event_name":"Ghosts","floor":29,"gold_loss":0},{"damage_healed":0,"gold_gain":0,"player_choice":"Traded Relic","damage_taken":0,"relics_obtained":["Nloth\u0027s Gift"],"max_hp_gain":0,"max_hp_loss":0,"event_name":"N\u0027loth","floor":31,"relics_lost":["Replay:Arrowhead"],"gold_loss":0}],"is_beta":false,"boss_relics":[{"not_picked":["Snecko Eye","hubris:HollowSoul"],"picked":"hubris:ScarierMask"}],"items_purged_floors":[8],"is_endless":false,"potions_floor_spawned":[1,7,11,16,18,21,25],"killed_by":"Collector","ascension_level":13}}