{"host":"yttw759xqm3gosmj","time":1611021215,"event":{"mods":["AchievementEnabler","Aspiration","Bartender","BaseMod","Bestiary","Better Note","Better Third Choice","BetterRewards","Clockwork Mod","Colored Map","Colorless Booster Pack","Conspire","Custom Start","Dark Map","Dio Mod","Energized Spire","Fiend Mod","GifTheSpireLib","Glutton Mod","Googly Eyes","Hermit","Hubris","Infinite Spire","Ironclad Rager","Mimic Mod","Minty Spire (QoL Compilation)","MostiFishMod","Rare Cards Sparkle","RatMod","Replay The Spire","Retaliation","Shade Mod","Shop Mod","Somnambulant","Spicy Shops","Spikes Relics","Spire Birthday Party","StSLib","Stuff the Spire","The Alterego","The Animator","The Bladedancer","The Cursed","The Edgeheg","The Forsaken","The Hierophant","The Judge","The Jungle","The Marked","The Necromancer","The Poker Player","The Servant 0.9.4","The Trickster","TheSwordswoman","TheVacant","Trackpad","Unceasing Turn Reminder","Useless Jewels Mod","Waifu the Spire","WarShipGirlsR/????R mod","egg","slay the spire mod where everything is the same but ironclad has a cowboy hat","thorton","vexMod","??????REMEMod"],"gold_per_floor":[115,115,133,153,172,172,172,172,211,211,211,246,2,15,15,116,116,134,94,54,102,118,118,175,175,175,208,12,25,54,66,66,166,191,213,284,316,356,393,393,393,393,418,418,455,42,63,87,87,87],"floor_reached":51,"language":"ENG","playtime":5496,"items_purged":[],"score":1359,"play_id":"eba40c17-9542-40f6-b980-a7295a47610c","local_time":"20210118205335","is_ascension_mode":false,"campfire_choices":[{"floor":6.0,"key":"REST"},{"floor":8,"key":"REST"},{"data":"ReplayTheSpireMod:Black Plague","floor":11,"key":"SMITH"},{"data":"animator:Emilia","floor":15,"key":"SMITH"},{"data":"animator:Albedo","floor":23,"key":"SMITH"},{"floor":25,"key":"REST"},{"floor":32,"key":"REST"},{"floor":40,"key":"REST"},{"floor":44,"key":"RECALL"},{"floor":49,"key":"REST"}],"circlet_count":0,"master_deck":["animator:Strike_FullmetalAlchemist","animator:Defend_FullmetalAlchemist","animator:Strike","animator:Strike","animator:Strike","animator:Defend","animator:Defend","animator:Defend+1","animator:ElricEdward","animator:ElricAlphonse","theVacant:Prevent","animator:Illya","animator:Ara","animator:Kuribayashi","animator:Pride","animator:Illya","animator:Ara","animator:Hakurou","animator:Souei","animator:RinTohsaka","animator:YaoHaDucy","animator:Verdia","animator:Albedo+1","animator:Chung","animator:Sebas","animator:Priestess","animator:Shalltear","animator:Demiurge","animator:PandorasActor","animator:Evileye","animator:Cocytus","ReplayTheSpireMod:Black Plague+1","animator:Rider","animator:IzunaHatsuse","animator:Chung","animator:Priestess","animator:Hakurou","animator:Kaijin","animator:Mitsurugi","animator:Vanir","animator:LizardPriest","animator:Gluttony","animator:Emilia+1","animator:Jibril","animator:Tyuule","animator:RoryMercury","animator:Rena","animator:LeleiLaLalena","animator:DolaStephanie","animator:Megumin+3","animator:Boros","animator:Alexander","animator:Vanir","animator:ElricAlphonse+1","animator:Darkness","animator:Lancer","hubris:Gluttony","animator:Pride","animator:Entoma","animator:Sebas","animator:NarberalGamma","animator:Cocytus","animator:Demiurge","animator:Millim","animator:Bozes","animator:Benimaru","animator:Caster","animator:DwarfShaman","animator:Elsword","animator:Alexander","animator:LizardPriest","animator:Elesis","animator:Verdia","animator:RinTohsaka","animator:Ara+1","animator:Assassin+1","animator:MumenRider","animator:Aisha","animator:Darkness","animator:SilverFang","animator:Geryuganshoop","animator:MumenRider","animator:MetalKnight","animator:Tatsumaki","animator:Tatsumaki","animator:CowGirl","animator:Sloth","animator:Gilgamesh+3","animator:Wiz","animator:Albedo","animator:SwordMaiden","animator:AcuraShin","animator:Assassin","animator:DwarfShaman","animator:NarberalGamma+1","animator:YunYun","animator:Bozes","animator:Envy","animator:Berserker","animator:NarberalGamma","animator:ShinjiMatou+1","animator:Tet","animator:MetalKnight","animator:Geryuganshoop","animator:SilverFang","animator:MumenRider","animator:Genos","Parasite","animator:YaoHaDucy","animator:Scar","animator:Kuribayashi","animator:Shuna+1","animator:MetalKnight+1","animator:Alexander+1","animator:Geryuganshoop+1","animator:DwarfShaman+1","animator:DolaRiku","animator:IzunaHatsuse","animator:HinaKagiyama","animator:Curse_Dizziness","animator:Ainz","animator:IzunaHatsuse+1","animator:DwarfShaman+1","animator:PandorasActor+1","animator:Benimaru","animator:Assassin+1","animator:TakanashiRikka","animator:GuildGirl","animator:ChlammyZell","animator:YunYun","animator:Kazuma","animator:Vanir","animator:Verdia","animator:Darkness","animator:PinaCoLada","animator:YunYun+1","animator:DolaRiku+1","animator:SilverFang+1","animator:Witch"],"relics":["animator:LivingPicture","animator:TheMissingPiece","REME_ComplimentaryCards","DaveBox","animator:PurgingStone","MerchantsRug","REME_IWantAll","SynthV","SynthV:TestCard","vexMod:ScavengeHelm","FaceOfCleric","Potion Belt","trackpad:IceCube","animator:HolyGrailRelic","ReplayTheSpireMod:CursedCoin","animator:HeavyHalberd","StuffTheSpire:Barrel","hubris:TinFlute","infinitespire:Beetle Shell","hubris:Spice","aspiration:HummingbirdHeart","infinitespire:EvilPickle","Painkiller Herb","Philosopher\u0027s Stone","infinitespire:CheckeredPen","rat:PhantomDancer"],"acts_visited":["Exordium","TheCity","TheBeyond"],"potions_floor_usage":[16,16,24,24,24,24,33,33,33,33,36,45,50,50,50],"damage_taken":[{"damage":0.0,"enemies":"2 Louse","floor":1.0,"turns":1.0},{"damage":0.0,"enemies":"Cultist","floor":3.0,"turns":4.0},{"damage":0.0,"enemies":"Small Slimes","floor":4.0,"turns":4.0},{"damage":6.0,"enemies":"3 Louse","floor":5.0,"turns":1.0},{"damage":0,"enemies":"Red Slaver","floor":9,"turns":8},{"damage":0,"enemies":"3 Sentries","floor":12,"turns":4},{"damage":6,"enemies":"Red Slaver","floor":14,"turns":5},{"damage":2,"enemies":"The Guardian","floor":16,"turns":10},{"damage":1,"enemies":"3 Byrds","floor":18,"turns":6},{"damage":0,"enemies":"Chosen","floor":22,"turns":5},{"damage":69,"enemies":"REME_1_Revenger","floor":24,"turns":5},{"damage":0,"enemies":"conspire:SneckoGhost","floor":27,"turns":4},{"damage":7,"enemies":"conspire:HollyBat","floor":29,"turns":12},{"damage":13,"enemies":"Gremlin Leader","floor":30,"turns":8},{"damage":3,"enemies":"Snecko","floor":31,"turns":2},{"damage":7,"enemies":"Pondfish","floor":33,"turns":10},{"damage":3,"enemies":"Orb Walker","floor":35,"turns":3},{"damage":3,"enemies":"3 Darklings","floor":36,"turns":7},{"damage":15,"enemies":"Sphere and 2 Shapes","floor":37,"turns":3},{"damage":14,"enemies":"Writhing Mass","floor":38,"turns":6},{"damage":8,"enemies":"Maw","floor":39,"turns":7},{"damage":42,"enemies":"Transient","floor":45,"turns":5},{"damage":3,"enemies":"3 Darklings","floor":47,"turns":4},{"damage":10,"enemies":"4 Shapes","floor":48,"turns":5},{"damage":22,"enemies":"Awakened One","floor":50,"turns":11}],"seed_played":"-1151574613488641412","potions_obtained":[{"floor":3.0,"key":"EssenceOfSteel"},{"floor":12,"key":"Ancient Potion"},{"floor":16,"key":"Fire Potion"},{"floor":18,"key":"SteroidPotion"},{"floor":19,"key":"conspire:TimeTravelPotion"},{"floor":19,"key":"FearPotion"},{"floor":19,"key":"REME_GoldPotion"},{"floor":22,"key":"EntropicBrew"},{"floor":24,"key":"Adrenaline Potion"},{"floor":33,"key":"Strength Potion"},{"floor":35,"key":"Explosive Potion"},{"floor":38,"key":"Adrenaline Potion"},{"floor":47,"key":"Dexterity Potion"}],"is_trial":false,"path_per_floor":["M","?","M","M","M","R","?","R","MIM","?","R","E","$","M","R","B",null,"M","?","$","T","M","R","E","R","T","E","$","M","E","M","R","B",null,"?","?","?","?","?","T","?","?","T","T","?","T","?","?","T","B",null],"character_chosen":"THE_ANIMATOR","items_purchased":["MerchantsRug","REME_IWantAll","SynthV","animator:Emilia","animator:Jibril","trackpad:IceCube","animator:Tyuule","ReplayTheSpireMod:CursedCoin","animator:HeavyHalberd","animator:Pride","trackpad:VoidSphere","animator:RinTohsaka","animator:TakanashiRikka","rat:PhantomDancer","animator:GuildGirl","animator:ChlammyZell"],"campfire_rested":6,"item_purchase_floors":[0,0,0,13,13,13,13,20,20,20,28,28,46,46,46,46],"current_hp_per_floor":[50,50,56,62,62,84,64,84,89,89,89,95,95,95,95,98,110,117,117,117,117,126,126,94,134,134,148,148,156,162,167,172,173,180,185,97,88,82,86,119,119,119,119,119,85,85,96,94,136,115],"gold":87,"neow_bonus":"","is_daily":false,"chose_seed":false,"campfire_upgraded":3,"win_rate":0.0,"timestamp":1611021215,"path_taken":["M","?","?","M","M","R","?","R","MIM","?","R","E","$","M","R","BOSS","M","?","?","?","M","R","E","R","T","E","$","M","E","M","R","BOSS","?","?","?","?","?","T","?","?","T","T","?","?","?","?","T","BOSS"],"items_purchased_type":["Relic","Relic","Relic","Card","Card","Relic","Card","Relic","Relic","Card","Relic","Card","Card","Relic","Card","Card"],"build_version":"2020-12-22","purchased_purges":0,"victory":true,"max_hp_per_floor":[69,69,74,79,84,84,84,84,89,89,89,95,95,101,101,102,110,118,118,118,118,126,126,134,134,134,148,148,156,164,172,172,180,180,188,97,103,111,119,119,119,119,119,119,127,127,133,141,141,142],"card_choices":[{"not_picked":["animator:Illya","animator:Ara","animator:Kuribayashi"],"picked":"Singing Bowl","floor":1.0},{"not_picked":["animator:Ara","animator:Hakurou","animator:Souei","animator:RinTohsaka","animator:YaoHaDucy"],"picked":"Singing Bowl","floor":3.0},{"not_picked":["animator:Verdia","animator:Albedo","animator:Chung","animator:Sebas","animator:Priestess"],"picked":"Singing Bowl","floor":4.0},{"not_picked":["animator:Shalltear","animator:Demiurge","animator:PandorasActor","animator:Evileye","animator:Cocytus"],"picked":"Singing Bowl","floor":5.0},{"not_picked":["infinitespire:FutureSight","infinitespire:Oblivion"],"picked":"ReplayTheSpireMod:Black Plague","floor":7},{"not_picked":["animator:Rider","animator:IzunaHatsuse","animator:Chung","animator:Priestess","animator:Hakurou"],"picked":"Singing Bowl","floor":9},{"not_picked":["animator:Kaijin","animator:Mitsurugi","animator:Vanir","animator:LizardPriest","animator:Gluttony"],"picked":"Singing Bowl","floor":12},{"not_picked":["animator:RoryMercury","animator:Rena","animator:LeleiLaLalena","animator:DolaStephanie","animator:Megumin"],"picked":"Singing Bowl","floor":14},{"not_picked":["animator:ItamiYouji","animator:Saitama","animator:Eve","animator:Shizu"],"picked":"animator:Boros","floor":16},{"not_picked":["animator:Alexander","animator:Vanir","animator:ElricAlphonse+1","animator:Darkness","animator:Lancer"],"picked":"Singing Bowl","floor":18},{"not_picked":["animator:Entoma","animator:Sebas","animator:NarberalGamma","animator:Cocytus","animator:Demiurge"],"picked":"Singing Bowl","floor":22},{"not_picked":["animator:Millim","animator:Bozes","animator:Benimaru","animator:Caster","animator:DwarfShaman"],"picked":"Singing Bowl","floor":24},{"not_picked":["animator:Elsword","animator:Alexander","animator:LizardPriest","animator:Elesis","animator:Verdia"],"picked":"Singing Bowl","floor":27},{"not_picked":["animator:Ara+1","animator:Assassin+1","animator:MumenRider","animator:Aisha","animator:Darkness"],"picked":"Singing Bowl","floor":29},{"not_picked":["animator:SilverFang","animator:Geryuganshoop","animator:MumenRider","animator:MetalKnight","animator:Tatsumaki"],"picked":"Singing Bowl","floor":30},{"not_picked":["animator:Tatsumaki","animator:CowGirl","animator:Sloth","animator:Father","animator:Megumin"],"picked":"Singing Bowl","floor":31},{"not_picked":["animator:Gilgamesh","animator:Wiz","animator:Albedo","animator:SwordMaiden","animator:AcuraShin"],"picked":"Singing Bowl","floor":33},{"not_picked":["animator:Assassin","animator:DwarfShaman","animator:NarberalGamma+1","animator:YunYun","animator:Bozes"],"picked":"Singing Bowl","floor":35},{"not_picked":["animator:Envy","animator:Berserker","animator:NarberalGamma","animator:ShinjiMatou+1","animator:Tet"],"picked":"Singing Bowl","floor":36},{"not_picked":["animator:MetalKnight","animator:Geryuganshoop","animator:SilverFang","animator:MumenRider","animator:Genos"],"picked":"Singing Bowl","floor":37},{"not_picked":["animator:YaoHaDucy","animator:Scar","animator:Kuribayashi","animator:Shuna+1","animator:MetalKnight+1"],"picked":"Singing Bowl","floor":38},{"not_picked":["animator:Alexander+1","animator:Geryuganshoop+1","animator:DwarfShaman+1","animator:DolaRiku","animator:IzunaHatsuse"],"picked":"Singing Bowl","floor":39},{"not_picked":["animator:IzunaHatsuse+1","animator:DwarfShaman+1","animator:PandorasActor+1","animator:Benimaru","animator:Assassin+1"],"picked":"Singing Bowl","floor":45},{"not_picked":["animator:YunYun","animator:Kazuma","animator:Vanir","animator:Verdia","animator:Darkness"],"picked":"Singing Bowl","floor":47},{"not_picked":["animator:PinaCoLada","animator:YunYun+1","animator:DolaRiku+1","animator:SilverFang+1","animator:Witch"],"picked":"Singing Bowl","floor":48}],"player_experience":106080,"relics_obtained":[{"floor":1.0,"key":"SynthV:TestCard"},{"floor":9,"key":"vexMod:ScavengeHelm"},{"floor":12,"key":"Potion Belt"},{"floor":21,"key":"StuffTheSpire:Barrel"},{"floor":24,"key":"hubris:TinFlute"},{"floor":26,"key":"infinitespire:Beetle Shell"},{"floor":27,"key":"hubris:Spice"},{"floor":30,"key":"aspiration:HummingbirdHeart"},{"floor":43,"key":"infinitespire:CheckeredPen"}],"event_choices":[{"damage_healed":0.0,"max_hp_gain":0.0,"max_hp_loss":0.0,"gold_gain":0.0,"event_name":"Match and Keep!","player_choice":"2 cards matched","floor":2.0,"gold_loss":0.0,"damage_taken":0.0,"cards_obtained":["animator:Pride","animator:Illya"]},{"damage_healed":0,"gold_gain":0,"player_choice":"Trade","damage_taken":0,"relics_obtained":["FaceOfCleric"],"max_hp_gain":0,"max_hp_loss":0,"event_name":"FaceTrader","floor":10,"gold_loss":0},{"damage_healed":0,"gold_gain":0,"player_choice":"Bought 3 Potions","damage_taken":0,"max_hp_gain":0,"max_hp_loss":0,"event_name":"The Woman in Blue","floor":19,"gold_loss":0},{"cards_removed":["animator:Emilia"],"damage_healed":0,"gold_gain":0,"player_choice":"Take \u0026 Give","damage_taken":0,"max_hp_gain":0,"max_hp_loss":0,"event_name":"betterNote:BetterNote","floor":42,"gold_loss":0,"cards_obtained":["animator:Ainz"]}],"is_beta":false,"boss_relics":[{"not_picked":["hubris:GrandSneckoEye","hubris:TerracottaHorce"],"picked":"animator:HolyGrailRelic"},{"not_picked":["SlaversCollar","hubris:Spice"],"picked":"Painkiller Herb"}],"items_purged_floors":[],"is_endless":false,"potions_floor_spawned":[3,12,16,18,22,24,33,35,38,39,47],"ascension_level":0}}