{"host":"uq4ng344qg9ygyoi","time":1611039741,"event":{"mods":["BaseMod","Minty Spire (QoL Compilation)","Quick Restart","Shop Mod","StSLib","[IsaacMod]ÒÔÈö¼âËþ"],"gold_per_floor":[110,35,52,63,74,108,127,160,160,180,213,213,59,9,9,106,106,106,106],"floor_reached":18,"language":"ZHS","playtime":995,"items_purged":["Strike_R"],"score":294,"play_id":"dbf3d7df-39d8-4993-87d6-d6157a4541a8","local_time":"20210119150221","is_ascension_mode":true,"campfire_choices":[{"data":"EpicFetus","floor":12,"key":"SMITH"},{"data":"Armaments","floor":15,"key":"SMITH"}],"circlet_count":0,"master_deck":["Strike_R","Strike_R","Strike_R","Defend_R","Defend_R","Defend_R","Defend_R","Bash","EpicFetus+1","Uppercut","Cleave","Flex","Battle Trance","Armaments+1","Feed","Demon Form"],"relics":["Burning Blood","HushsDoor","TheBible","BelialBook","Vajra","Eternal Feather","Sundial","Lee\u0027s Waffle","Runic Pyramid"],"acts_visited":["Exordium","TheCity"],"potions_floor_usage":[16],"damage_taken":[{"damage":1.0,"enemies":"Cultist","floor":1.0,"turns":3.0},{"damage":18.0,"enemies":"Jaw Worm","floor":3.0,"turns":5.0},{"damage":13.0,"enemies":"2 Louse","floor":4.0,"turns":2.0},{"damage":5.0,"enemies":"Exordium Wildlife","floor":5.0,"turns":3.0},{"damage":20.0,"enemies":"Lagavulin","floor":6.0,"turns":7.0},{"damage":16.0,"enemies":"Blue Slaver","floor":7.0,"turns":3.0},{"damage":0.0,"enemies":"3 Sentries","floor":8.0,"turns":1.0},{"damage":11.0,"enemies":"Looter","floor":10.0,"turns":2.0},{"damage":20,"enemies":"Lagavulin","floor":11,"turns":6},{"damage":39,"enemies":"Hexaghost","floor":16,"turns":5},{"damage":0,"enemies":"2 Thieves","floor":18,"turns":1}],"seed_played":"375098725763568016","potions_obtained":[{"floor":1.0,"key":"FairyPotion"},{"floor":4.0,"key":"EssenceOfSteel"},{"floor":5.0,"key":"SpeedPotion"},{"floor":8.0,"key":"Regen Potion"},{"floor":10.0,"key":"DuplicationPotion"}],"is_trial":false,"path_per_floor":["M","$","M","M","M","E","M","E","T","M","E","R","$","?","R","B",null,"M"],"character_chosen":"IRONCLAD","items_purchased":["Lee\u0027s Waffle"],"campfire_rested":0,"item_purchase_floors":[13],"current_hp_per_floor":[85,85,73,66,67,53,43,49,49,49,35,44,95,95,95,62,87,87,87],"gold":106,"neow_bonus":"TEN_PERCENT_HP_BONUS","is_daily":false,"chose_seed":false,"campfire_upgraded":2,"win_rate":0.0,"timestamp":1611039741,"path_taken":["M","$","M","M","?","E","M","E","T","M","E","R","$","?","R","BOSS","M"],"items_purchased_type":["Relic"],"build_version":"2020-12-22","purchased_purges":1,"victory":false,"max_hp_per_floor":[88,88,88,88,88,88,88,88,88,88,88,88,95,95,95,95,95,95,95],"card_choices":[{"not_picked":[],"picked":"EpicFetus","floor":0.0},{"not_picked":["Warcry","Clash"],"picked":"Bomb","floor":1.0},{"not_picked":["Ghostly Armor","Fiend Fire"],"picked":"Uppercut","floor":3.0},{"not_picked":["Body Slam","Heavy Blade","Sword Boomerang"],"picked":"SKIP","floor":4.0},{"not_picked":["Twin Strike","Rupture"],"picked":"Cleave","floor":5.0},{"not_picked":["Ghostly Armor","Combust"],"picked":"Flex","floor":6.0},{"not_picked":["Havoc","Body Slam","Clothesline"],"picked":"SKIP","floor":7.0},{"not_picked":["Rampage","Intimidate"],"picked":"Battle Trance","floor":8.0},{"not_picked":["Thunderclap","Uppercut"],"picked":"Armaments","floor":10.0},{"not_picked":["Ghostly Armor","Metallicize"],"picked":"Feed","floor":11},{"not_picked":["Corruption","Exhume"],"picked":"Demon Form","floor":16}],"player_experience":471012,"relics_obtained":[{"floor":6.0,"key":"BelialBook"},{"floor":8.0,"key":"Vajra"},{"floor":9.0,"key":"Eternal Feather"},{"floor":11,"key":"Sundial"}],"event_choices":[{"cards_removed":["Strike_R"],"damage_healed":0,"gold_gain":0,"player_choice":"Card Removal","damage_taken":0,"max_hp_gain":0,"max_hp_loss":0,"event_name":"The Cleric","floor":14,"gold_loss":50}],"is_beta":false,"boss_relics":[{"not_picked":["Velvet Choker","Cursed Key"],"picked":"Runic Pyramid"},{"not_picked":[]}],"items_purged_floors":[2],"is_endless":false,"potions_floor_spawned":[1,4,5,8,10],"killed_by":"2 Thieves","ascension_level":6}}