{"host":"sc0o2qwpf9j16a4i","time":1611079812,"event":{"mods":["AchievementEnabler","BaseMod","BetterRewards","Block Reminder","Colored Map","Colored Powertips","Custom Start","Highlight Path","Minty Spire (QoL Compilation)","Relic Stats"],"gold_per_floor":[109,109,54,154,168,200,200,200,224,237,26,40,40,65,65,138,138,154,54,54],"floor_reached":19,"language":"ENG","playtime":346,"items_purged":[],"score":400,"play_id":"0e8e439c-1a3a-4888-9ffd-5c6ecfd6ac68","local_time":"20210119201012","is_ascension_mode":true,"campfire_choices":[{"data":"Lockon","floor":8,"key":"SMITH"},{"floor":15,"key":"REST"}],"circlet_count":0,"master_deck":["AscendersBane","Strike_B","Strike_B","Strike_B","Defend_B","Defend_B","Defend_B","Defend_B","Zap","Dualcast","Lockon+1","Cold Snap","Cold Snap","Ball Lightning","Capacitor","Defragment","Seek","Glacier+1"],"relics":["Cracked Core","NeowsBlessing","Centennial Puzzle","InkBottle","Potion Belt","Tiny Chest","Turnip","Calipers","Black Star"],"acts_visited":["Exordium","TheCity"],"potions_floor_usage":[16],"damage_taken":[{"damage":0,"enemies":"2 Louse","floor":1,"turns":1},{"damage":0,"enemies":"Cultist","floor":5,"turns":1},{"damage":0,"enemies":"3 Sentries","floor":6,"turns":1},{"damage":2,"enemies":"Jaw Worm","floor":10,"turns":2},{"damage":12,"enemies":"Red Slaver","floor":12,"turns":2},{"damage":13,"enemies":"Lagavulin","floor":14,"turns":7},{"damage":32,"enemies":"The Guardian","floor":16,"turns":11},{"damage":16,"enemies":"Spheric Guardian","floor":18,"turns":5},{"damage":13,"enemies":"2 Thieves","floor":19,"turns":4}],"seed_played":"-8389797450549111241","potions_obtained":[{"floor":5,"key":"Energy Potion"},{"floor":18,"key":"Weak Potion"}],"is_trial":false,"path_per_floor":["M","?","$","?","M","E","?","R","T","M","$","M","T","E","R","B",null,"M","M"],"character_chosen":"DEFECT","items_purchased":["Cold Snap","Capacitor","Tiny Chest"],"campfire_rested":1,"item_purchase_floors":[3,11,11],"current_hp_per_floor":[64,53,53,53,53,53,53,53,53,51,51,39,39,26,47,15,57,41,28,28],"gold":54,"neow_bonus":"THREE_ENEMY_KILL","is_daily":false,"chose_seed":false,"campfire_upgraded":1,"win_rate":0.0,"timestamp":1611079812,"path_taken":["M","?","$","?","?","E","?","R","T","?","$","M","?","E","R","BOSS","M","M"],"items_purchased_type":["Card","Card","Relic"],"build_version":"2020-12-22","purchased_purges":0,"victory":false,"max_hp_per_floor":[71,71,71,71,71,71,71,71,71,71,71,71,71,71,71,71,71,71,71,71],"relic_stats":{"Centennial Puzzle":[18],"counters":[9,34],"Tiny Chest":0,"Turnip":[5],"Black Star":0,"obtain_stats":[{"Potion Belt":9,"Centennial Puzzle":2,"Calipers":14,"NeowsBlessing":0,"Tiny Chest":11,"Turnip":13,"Black Star":17,"Cracked Core":0,"InkBottle":6},{"Potion Belt":3,"Centennial Puzzle":1,"Calipers":6,"NeowsBlessing":0,"Tiny Chest":4,"Turnip":5,"Black Star":7,"Cracked Core":0,"InkBottle":3},{"Potion Belt":3,"Centennial Puzzle":1,"Calipers":14,"NeowsBlessing":0,"Tiny Chest":5,"Turnip":7,"Black Star":25,"Cracked Core":0,"InkBottle":3}],"InkBottle":[6]},"card_choices":[{"not_picked":["Conserve Battery","Heatsinks"],"picked":"Lockon","floor":1},{"not_picked":["Steam","Hologram"],"picked":"Cold Snap","floor":5},{"not_picked":["Blizzard","Gash","Steam"],"picked":"SKIP","floor":6},{"not_picked":["Compile Driver","Sweeping Beam"],"picked":"Ball Lightning","floor":10},{"not_picked":["Genetic Algorithm","Hologram"],"picked":"Defragment","floor":12},{"not_picked":["Heatsinks","Redo","Tempest"],"picked":"SKIP","floor":14},{"not_picked":["Reboot","Machine Learning"],"picked":"Seek","floor":16},{"not_picked":["Leap+1","White Noise"],"picked":"Glacier+1","floor":18}],"player_experience":763488,"relics_obtained":[{"floor":6,"key":"InkBottle"},{"floor":9,"key":"Potion Belt"},{"floor":13,"key":"Turnip"},{"floor":14,"key":"Calipers"}],"event_choices":[{"damage_healed":0,"gold_gain":0,"player_choice":"Success","damage_taken":11,"relics_obtained":["Centennial Puzzle"],"max_hp_gain":0,"max_hp_loss":0,"event_name":"Scrap Ooze","floor":2,"gold_loss":0},{"damage_healed":0,"gold_gain":100,"player_choice":"Gold","damage_taken":0,"max_hp_gain":0,"max_hp_loss":0,"event_name":"Wheel of Change","floor":4,"gold_loss":0},{"cards_removed":["Strike_B"],"damage_healed":0,"gold_gain":0,"player_choice":"Purged","damage_taken":0,"max_hp_gain":0,"max_hp_loss":0,"event_name":"Purifier","floor":7,"gold_loss":0}],"is_beta":false,"boss_relics":[{"not_picked":["Runic Dome","Fusion Hammer"],"picked":"Black Star"}],"items_purged_floors":[],"is_endless":false,"potions_floor_spawned":[5,18],"killed_by":"2 Thieves","ascension_level":20}}