{"host":"dcj2yvrgcvh5dl2s","time":1611032818,"event":{"mods":["BaseMod","Bestiary","Better Note","Block Reminder","Colored Powertips","Curses Come First","DeckTracker","Minty Spire (QoL Compilation)","Quick Restart","Rare Cards Sparkle","Relic Stats","StSLib"],"gold_per_floor":[119,67,67,17,17,43,43,71,71,71,106,126,126,126,126,126,126],"floor_reached":16,"language":"ENG","playtime":208,"items_purged":[],"score":213,"play_id":"aa7f61e5-d7c8-4b44-be04-d18dcd208262","local_time":"20210119150658","is_ascension_mode":true,"campfire_choices":[{"floor":7,"key":"REST"},{"data":"Neutralize","floor":10,"key":"SMITH"},{"floor":15,"key":"REST"}],"circlet_count":0,"master_deck":["Strike_G","Strike_G+1","Strike_G","Strike_G","Defend_G","Defend_G","Defend_G","Defend_G+1","Defend_G","Survivor","Neutralize+1","Backstab","Backflip","Cloak And Dagger","Heel Hook","Backstab","Catalyst"],"relics":["Ring of the Snake","NeowsBlessing","Orichalcum","Sundial","Art of War","Meat on the Bone","Juzu Bracelet","Golden Idol"],"acts_visited":["Exordium"],"potions_floor_usage":[11],"damage_taken":[{"damage":0,"enemies":"Small Slimes","floor":1,"turns":1},{"damage":0,"enemies":"3 Sentries","floor":6,"turns":1},{"damage":0,"enemies":"Gremlin Nob","floor":8,"turns":1},{"damage":41,"enemies":"Lagavulin","floor":11,"turns":9},{"damage":0,"enemies":"2 Louse","floor":12,"turns":1},{"damage":11,"enemies":"Slime Boss","floor":16,"turns":5}],"seed_played":"-8416609393107479179","potions_obtained":[{"floor":1,"key":"DuplicationPotion"},{"floor":12,"key":"LiquidBronze"}],"is_trial":false,"path_per_floor":["M","$","?","?","?","E","R","E","T","R","E","M","?","?","R","B"],"character_chosen":"THE_SILENT","items_purchased":["Backflip"],"campfire_rested":2,"item_purchase_floors":[2],"current_hp_per_floor":[63,63,49,49,31,31,52,52,52,52,23,35,35,35,54,43,43],"gold":126,"neow_bonus":"THREE_ENEMY_KILL","is_daily":false,"chose_seed":false,"campfire_upgraded":1,"win_rate":0.0,"timestamp":1611032818,"path_taken":["M","$","?","?","?","E","R","E","T","R","E","M","?","?","R","BOSS"],"items_purchased_type":["Card"],"build_version":"2020-12-22","purchased_purges":0,"victory":false,"max_hp_per_floor":[70,70,70,70,70,70,70,70,70,70,70,70,65,65,65,65,65],"relic_stats":{"counters":[6,18],"Sundial":[2],"Golden Idol":0,"Art of War":[0],"Juzu Bracelet":1,"Orichalcum":[24],"obtain_stats":[{"NeowsBlessing":0,"Sundial":6,"Golden Idol":13,"Art of War":8,"Juzu Bracelet":11,"Orichalcum":5,"Ring of the Snake":0,"Meat on the Bone":9},{"NeowsBlessing":0,"Sundial":2,"Golden Idol":5,"Art of War":3,"Juzu Bracelet":4,"Orichalcum":1,"Ring of the Snake":0,"Meat on the Bone":3},{"NeowsBlessing":0,"Sundial":2,"Golden Idol":13,"Art of War":3,"Juzu Bracelet":12,"Orichalcum":1,"Ring of the Snake":0,"Meat on the Bone":3}],"Ring of the Snake":[12],"Meat on the Bone":24},"card_choices":[{"not_picked":["Noxious Fumes","Sucker Punch"],"picked":"Backstab","floor":1},{"not_picked":["Acrobatics","Bane"],"picked":"Cloak And Dagger","floor":6},{"not_picked":["Dagger Spray","Well Laid Plans"],"picked":"Heel Hook","floor":8},{"not_picked":["Acrobatics","Wraith Form v2"],"picked":"Backstab","floor":11},{"not_picked":["Sucker Punch","Skewer"],"picked":"Catalyst","floor":12}],"player_experience":2256756,"relics_obtained":[{"floor":6,"key":"Sundial"},{"floor":8,"key":"Art of War"},{"floor":9,"key":"Meat on the Bone"},{"floor":11,"key":"Juzu Bracelet"}],"event_choices":[{"damage_healed":0,"gold_gain":0,"player_choice":"Entered Light","damage_taken":14,"max_hp_gain":0,"max_hp_loss":0,"event_name":"Shining Light","floor":3,"gold_loss":0,"cards_upgraded":["Defend_G","Strike_G"]},{"cards_removed":["Strike_G"],"damage_healed":0,"gold_gain":0,"player_choice":"Card Removal","damage_taken":0,"max_hp_gain":0,"max_hp_loss":0,"event_name":"The Cleric","floor":4,"gold_loss":50},{"damage_healed":0,"gold_gain":0,"player_choice":"Success","damage_taken":18,"relics_obtained":["Orichalcum"],"max_hp_gain":0,"max_hp_loss":0,"event_name":"Scrap Ooze","floor":5,"gold_loss":0},{"damage_healed":0,"gold_gain":0,"player_choice":"Lose Max HP","damage_taken":0,"relics_obtained":["Golden Idol"],"max_hp_gain":0,"max_hp_loss":5,"event_name":"Golden Idol","floor":13,"gold_loss":0},{"damage_healed":0,"gold_gain":0,"player_choice":"Ignored","damage_taken":0,"max_hp_gain":0,"max_hp_loss":0,"event_name":"Liars Game","floor":14,"gold_loss":0}],"is_beta":false,"boss_relics":[],"items_purged_floors":[],"is_endless":false,"potions_floor_spawned":[1,12],"killed_by":"Slime Boss","ascension_level":6}}