{"host":"mal0jdk4f6ubgyb8","time":1611074833,"event":{"mods":["100% Spire Juice","Act Like it!","Arknights The Spire","Aspiration","BaseMod","Gensokyo","Hallownest","Koishi","Luminous","Marisa£®ÏF”Í°°ƒß¿Ì…≥£©","Minty Spire (QoL Compilation)","Quick Restart","Reimu£®≤©¿ˆ¡È√Œ£©","Relic Stats","Remilia£®¿Ÿ√◊¿Ú—«£©","StSLib","The Bug Knight","WarShipGirlsR/’ΩΩ¢…Ÿ≈ÆR mod","Yakumo Yukari mod","Youmu£®ªÍ∆«—˝√Œ£©","Yuri Mod","Yuyuko"],"gold_per_floor":[118,43,43,9,9,36,51,63,89,101,101,119,84,109,109,109,109],"floor_reached":16,"language":"ZHS","playtime":642,"items_purged":[],"score":141,"play_id":"722cc221-074c-4d91-8efc-7c8fd181aa99","local_time":"20210120004713","is_ascension_mode":true,"campfire_choices":[{"floor":11,"key":"RECALL"},{"data":"ats:Thorns","floor":15,"key":"SMITH"}],"circlet_count":0,"master_deck":["ats:Strike C","ats:Strike G","ats:Strike S","ats:Strike V","ats:Armor Crushing Shot","ats:Defend","ats:Defend","ats:Defend","ats:Defend","ats:Emotion Absorption","ats:Explosion Area Strengthen","Hallownest:skillGreenpathMap","ats:Thorns+1","ats:Sunburst","ats:Consecutive Shot Auto","ats:Thermite Blade","ats:Burning Ground","ats:Ignite","ats:Chain Hook"],"relics":["ats:Sanity","NeowsBlessing","Ancient Tea Set","InkBottle","Hallownest:DreamNailRelic","ats:Originium","Bag of Marbles","PreservedInsect"],"acts_visited":["Exordium"],"potions_floor_usage":[14,16,16],"damage_taken":[{"damage":0.0,"enemies":"Hallownest:monsterHuskWarrior","floor":1.0,"turns":1.0},{"damage":0.0,"enemies":"Hallownest:eliteMossKnight","floor":6.0,"turns":1.0},{"damage":0.0,"enemies":"Hallownest:2_Baldur","floor":7.0,"turns":1.0},{"damage":7.0,"enemies":"2_ Uuma","floor":8.0,"turns":3.0},{"damage":2,"enemies":"Hallownest:Wandering_and_Horned","floor":10,"turns":3},{"damage":6,"enemies":"Hallownest:monsterMossCharger","floor":12,"turns":3},{"damage":13,"enemies":"Hallownest:eliteCrystalGuardian","floor":14,"turns":4},{"damage":31,"enemies":"Hallownest:BossFalseKnight","floor":16,"turns":6}],"seed_played":"4037281223287369510","potions_obtained":[{"floor":6.0,"key":"Weak Potion"},{"floor":7.0,"key":"DistilledChaos"},{"floor":10,"key":"ats:Top Emergency Sanity Potion"},{"floor":12,"key":"Dexterity Potion"}],"is_trial":false,"path_per_floor":["M","?","?","$","?","E","M","M","T","M","R","M","?","E","R","B"],"character_chosen":"DOCTOR_CLASS","items_purchased":["ats:Thorns"],"campfire_rested":0,"item_purchase_floors":[4],"current_hp_per_floor":[72,72,44,44,44,44,44,37,37,35,35,29,34,21,21,0,0],"gold":109,"neow_bonus":"THREE_ENEMY_KILL","is_daily":false,"chose_seed":false,"campfire_upgraded":1,"win_rate":0.0,"timestamp":1611074833,"path_taken":["M","?","?","?","?","E","?","M","T","M","R","M","?","E","R","BOSS"],"items_purchased_type":["Card"],"build_version":"2020-12-22","purchased_purges":0,"victory":false,"max_hp_per_floor":[72,72,72,72,72,72,72,72,72,72,72,72,77,77,77,77,77],"relic_stats":{"counters":[8,22],"PreservedInsect":0,"obtain_stats":[{"NeowsBlessing":0,"ats:Originium":6,"PreservedInsect":14,"Hallownest:DreamNailRelic":5,"Bag of Marbles":6,"ats:Sanity":0,"Ancient Tea Set":3,"InkBottle":3},{"NeowsBlessing":0,"ats:Originium":2,"PreservedInsect":7,"Hallownest:DreamNailRelic":1,"Bag of Marbles":2,"ats:Sanity":0,"Ancient Tea Set":1,"InkBottle":1},{"NeowsBlessing":0,"ats:Originium":2,"PreservedInsect":16,"Hallownest:DreamNailRelic":1,"Bag of Marbles":2,"ats:Sanity":0,"Ancient Tea Set":1,"InkBottle":1}],"InkBottle":[5]},"card_choices":[{"not_picked":["ats:Curse Doll","ats:Consecutive Shot Auto"],"picked":"ats:Explosion Area Strengthen","floor":1.0},{"not_picked":["ats:Consecutive Shot Auto","ats:LN2 Cannon"],"picked":"ats:Sunburst","floor":6.0},{"not_picked":["ats:Childhood Dance","ats:Magnetic Hammer"],"picked":"ats:Consecutive Shot Auto","floor":7.0},{"not_picked":["ats:Song Of Battle","ats:Curse Doll"],"picked":"ats:Thermite Blade","floor":8.0},{"not_picked":["ats:Powerful Strike","ats:Hammer On"],"picked":"ats:Burning Ground","floor":10},{"not_picked":["ats:Explosion Area Strengthen","ats:Apocalypse"],"picked":"ats:Ignite","floor":12},{"not_picked":["ats:Hammer On","ats:Directed Diagnosis"],"picked":"ats:Chain Hook","floor":14}],"player_experience":334971,"relics_obtained":[{"floor":6.0,"key":"ats:Originium"},{"floor":6.0,"key":"Bag of Marbles"},{"floor":14,"key":"ats:Originium"},{"floor":14,"key":"PreservedInsect"}],"event_choices":[],"is_beta":false,"boss_relics":[],"items_purged_floors":[],"is_endless":false,"potions_floor_spawned":[6,7,10,12],"killed_by":"Hallownest:BossFalseKnight","ascension_level":1}}