{"host":"0ueeacaatm8t6jyh","time":1611058215,"event":{"mods":["AchievementEnabler","BaseMod","Colored Powertips","Minty Spire (QoL Compilation)","Quick Restart","Rare Cards Sparkle","Shop Mod","StSLib"],"gold_per_floor":[111,111,121,271,271,303,318,318,318,346,376,391,153,183,183,183,183],"floor_reached":16,"language":"ZHS","playtime":464,"items_purged":["Strike_R"],"score":266,"play_id":"124138b3-d639-4ac3-84ce-3fb2d2c6315d","local_time":"20210119201015","is_ascension_mode":true,"campfire_choices":[{"data":"Corruption","floor":8.0,"key":"SMITH"},{"floor":15,"key":"REST"}],"circlet_count":0,"master_deck":["AscendersBane","Strike_R","Strike_R","Strike_R","Strike_R","Defend_R","Defend_R","Defend_R","Defend_R","Bash","Armaments","Disarm","Corruption+1","Dual Wield","Wild Strike"],"relics":["Burning Blood","NeowsBlessing","Shuriken","Pear","Happy Flower","Regal Pillow","Centennial Puzzle","Odd Mushroom"],"acts_visited":["Exordium"],"potions_floor_usage":[14],"damage_taken":[{"damage":0.0,"enemies":"Jaw Worm","floor":1.0,"turns":1.0},{"damage":0.0,"enemies":"Small Slimes","floor":3.0,"turns":1.0},{"damage":0.0,"enemies":"3 Sentries","floor":6.0,"turns":2.0},{"damage":3.0,"enemies":"2 Louse","floor":7.0,"turns":2.0},{"damage":41.0,"enemies":"Lagavulin","floor":10.0,"turns":7.0},{"damage":30,"enemies":"Large Slime","floor":12,"turns":7},{"damage":41,"enemies":"The Mushroom Lair","floor":14,"turns":7},{"damage":56,"enemies":"Slime Boss","floor":16,"turns":5}],"seed_played":"1197728881474704750","potions_obtained":[{"floor":1.0,"key":"SteroidPotion"},{"floor":7.0,"key":"BloodPotion"}],"is_trial":false,"path_per_floor":["M","$","M","?","?","E","M","R","T","E","?","M","$","?","R","B"],"character_chosen":"IRONCLAD","items_purchased":["Centennial Puzzle"],"campfire_rested":1,"item_purchase_floors":[13],"current_hp_per_floor":[74,74,75,75,75,75,75,75,85,50,50,26,26,8,48,0,0],"gold":183,"neow_bonus":"THREE_ENEMY_KILL","is_daily":false,"chose_seed":false,"campfire_upgraded":1,"win_rate":0.0,"timestamp":1611058215,"path_taken":["M","$","M","?","?","E","M","R","T","E","?","M","$","?","R","BOSS"],"items_purchased_type":["Relic"],"build_version":"2020-12-22","purchased_purges":1,"victory":false,"max_hp_per_floor":[75,75,75,75,75,75,75,75,85,85,85,85,85,85,85,85,85],"card_choices":[{"not_picked":["Fire Breathing","Heavy Blade"],"picked":"Armaments","floor":1.0},{"not_picked":["Sword Boomerang","Wild Strike"],"picked":"Disarm","floor":3.0},{"not_picked":["Warcry","Clash","Havoc"],"picked":"SKIP","floor":6.0},{"not_picked":["Clothesline","Pommel Strike"],"picked":"Corruption","floor":7.0},{"not_picked":["Juggernaut","Clash"],"picked":"Dual Wield","floor":10},{"not_picked":["Flex","Thunderclap","Heavy Blade"],"picked":"SKIP","floor":12},{"not_picked":["Rage","Battle Trance"],"picked":"Wild Strike","floor":14}],"player_experience":407941,"relics_obtained":[{"floor":6.0,"key":"Shuriken"},{"floor":9.0,"key":"Pear"},{"floor":10,"key":"Happy Flower"},{"floor":14,"key":"Odd Mushroom"}],"event_choices":[{"damage_healed":0.0,"max_hp_gain":0.0,"max_hp_loss":0.0,"gold_gain":150.0,"event_name":"Liars Game","player_choice":"AGREE","floor":4.0,"gold_loss":0.0,"damage_taken":0.0,"cards_obtained":["Doubt"]},{"cards_removed":["Doubt"],"damage_healed":0.0,"max_hp_gain":0.0,"max_hp_loss":0.0,"gold_gain":0.0,"event_name":"Living Wall","player_choice":"Forget","floor":5.0,"gold_loss":0.0,"damage_taken":0.0},{"damage_healed":0,"gold_gain":30,"player_choice":"Searched \u00273\u0027 times","damage_taken":0,"relics_obtained":["Regal Pillow"],"max_hp_gain":0,"max_hp_loss":0,"event_name":"Dead Adventurer","floor":11,"gold_loss":0},{"damage_healed":0,"gold_gain":0,"player_choice":"Fought Mushrooms","damage_taken":0,"max_hp_gain":0,"max_hp_loss":0,"event_name":"Mushrooms","floor":14,"gold_loss":0}],"is_beta":false,"boss_relics":[],"items_purged_floors":[13],"is_endless":false,"potions_floor_spawned":[1,7],"killed_by":"Slime Boss","ascension_level":20}}