{"host":"xp5rvh2jwe2ejyfm","time":1611033477,"event":{"mods":["BaseMod","Hermit","Minty Spire (QoL Compilation)","Replay The Spire","StSLib","The Construct","The Cursed","The Disciple","The Hierophant","The Necromancer","The Runesmith"],"gold_per_floor":[110,30,41,41,41,41,69,81,81,81,101,120,138,161,161,270,270,289,268,280,280,280],"floor_reached":21,"language":"ENG","playtime":1167,"items_purged":[],"score":187,"play_id":"280fa715-2089-4616-ba6b-73066b87355c","local_time":"20210119001757","is_ascension_mode":false,"campfire_choices":[{"data":"hermit:BigShot","floor":6,"key":"SMITH"},{"floor":10,"key":"REST"}],"circlet_count":0,"master_deck":["hermit:Strike_Hermit","hermit:Strike_Hermit","hermit:Strike_Hermit","hermit:Defend_Hermit","hermit:Defend_Hermit","hermit:Snapshot","hermit:Covet","hermit:Misfire","hermit:BigShot+1","hermit:GhostlyPresence","hermit:Scavenge","hermit:TakeAim+1","hermit:Snipe","hermit:Misfire","hermit:GhostlyPresence","hermit:Showdown","hermit:FinalCanter","hermit:Combo+1","hermit:HeroicBravado+1","hermit:BigShot+1","hermit:EyeOfTheStorm","hermit:TrackingShot","hermit:GhostlyPresence"],"relics":["hermit:Momento","NeowsBlessing","Runesmith:Nanobots","Centennial Puzzle","Astrolabe"],"acts_visited":["Exordium","TheCity"],"potions_floor_usage":[11,16,16,16,16,16,20,20,20,20],"damage_taken":[{"damage":0,"enemies":"Jaw Worm","floor":1,"turns":1},{"damage":0,"enemies":"Cultist","floor":3,"turns":1},{"damage":0,"enemies":"2 Louse","floor":4,"turns":1},{"damage":40,"enemies":"3 Sentries","floor":7,"turns":9},{"damage":2,"enemies":"Red Slaver","floor":8,"turns":4},{"damage":0,"enemies":"3 Louse","floor":11,"turns":2},{"damage":16,"enemies":"Looter","floor":12,"turns":3},{"damage":6,"enemies":"Red Slaver","floor":13,"turns":2},{"damage":14,"enemies":"Blue Slaver","floor":14,"turns":4},{"damage":29,"enemies":"The Guardian","floor":16,"turns":9},{"damage":10,"enemies":"Shell Parasite","floor":18,"turns":4},{"damage":33,"enemies":"2 Thieves","floor":19,"turns":5},{"damage":25,"enemies":"Shelled Parasite and Fungi","floor":20,"turns":6},{"damage":13,"enemies":"Chosen and Byrds","floor":21,"turns":4}],"seed_played":"1574375407943211757","potions_obtained":[{"floor":7,"key":"Explosive Potion"},{"floor":8,"key":"ColorlessPotion"},{"floor":11,"key":"LifebloodPotion"},{"floor":13,"key":"EntropicBrew"},{"floor":19,"key":"EntropicBrew"}],"is_trial":false,"path_per_floor":["M","$","M","M","?","R","E","M","T","R","M","M","M","M","R","B",null,"M","M","M","M"],"character_chosen":"HERMIT","items_purchased":["hermit:BigShot"],"campfire_rested":1,"item_purchase_floors":[2],"current_hp_per_floor":[75,75,75,75,75,75,35,33,33,55,55,39,33,19,41,12,75,65,32,7,0,0],"gold":280,"neow_bonus":"THREE_ENEMY_KILL","is_daily":false,"chose_seed":false,"campfire_upgraded":1,"win_rate":0.0,"timestamp":1611033477,"path_taken":["M","$","M","M","?","R","E","M","T","R","M","M","?","M","R","BOSS","M","M","M","M"],"items_purchased_type":["Card"],"build_version":"2020-12-22","purchased_purges":0,"victory":false,"max_hp_per_floor":[75,75,75,75,75,75,75,75,75,75,75,75,75,75,75,75,75,75,75,75,75,75],"card_choices":[{"not_picked":["hermit:Coalescence","hermit:Feint"],"picked":"hermit:Misfire","floor":1},{"not_picked":["hermit:Roulette","hermit:FullyLoaded"],"picked":"hermit:GhostlyPresence","floor":3},{"not_picked":["hermit:Maintenance","hermit:Ricochet","hermit:Misfire"],"picked":"SKIP","floor":4},{"not_picked":["hermit:Ricochet","hermit:LowProfile"],"picked":"hermit:Scavenge","floor":7},{"not_picked":["hermit:Roulette","hermit:Horror"],"picked":"hermit:TakeAim","floor":8},{"not_picked":["hermit:Roulette","hermit:Ricochet"],"picked":"hermit:Snipe","floor":11},{"not_picked":["hermit:GoldenBullet","hermit:CalledShot"],"picked":"hermit:Misfire","floor":12},{"not_picked":["hermit:DeadMansHand","hermit:Feint"],"picked":"hermit:GhostlyPresence","floor":13},{"not_picked":["hermit:Gestalt","hermit:LowProfile"],"picked":"hermit:Showdown","floor":14},{"not_picked":["hermit:FatalDesire","hermit:Roughhouse"],"picked":"hermit:FinalCanter","floor":16},{"not_picked":["hermit:Enervate","hermit:Misfire"],"picked":"hermit:EyeOfTheStorm","floor":18},{"not_picked":["hermit:CalledShot","hermit:Snipe+1"],"picked":"hermit:TrackingShot","floor":19},{"not_picked":["hermit:Manifest","hermit:HoleUp"],"picked":"hermit:GhostlyPresence","floor":20}],"player_experience":242647,"relics_obtained":[{"floor":7,"key":"Runesmith:Nanobots"},{"floor":9,"key":"Centennial Puzzle"}],"event_choices":[{"damage_healed":0,"gold_gain":0,"player_choice":"Ignored","damage_taken":0,"max_hp_gain":0,"max_hp_loss":0,"event_name":"NoteForYourself","floor":5,"gold_loss":0}],"is_beta":false,"boss_relics":[{"not_picked":["Runesmith:UraniumAnvil","ChewingGum"],"picked":"Astrolabe"}],"items_purged_floors":[],"is_endless":false,"potions_floor_spawned":[4,7,8,11,13,14,19],"killed_by":"Chosen and Byrds","ascension_level":0}}