{"host":"1tl36azeqm6yhdgj","time":1611081277,"event":{"mods":["AchievementEnabler","BaseMod","Minty Spire (QoL Compilation)","StSLib","The IronCluck","everything is the same but u backflip on backflip"],"gold_per_floor":[118,118,132,147,297,324,324,358,382,398,16,16,91,104,104,179,179,194,194,86,103,103,135,154,154,179,179,179],"floor_reached":27,"language":"ENG","playtime":690,"items_purged":["Doubt"],"score":470,"play_id":"7b1c5451-26b6-4536-aea6-2fe19018be48","local_time":"20210119133437","is_ascension_mode":true,"campfire_choices":[{"data":"Thunderclap","floor":7.0,"key":"SMITH"},{"data":"Rampage","floor":12.0,"key":"SMITH"},{"data":"Flex","floor":15.0,"key":"SMITH"},{"data":"Limit Break","floor":25.0,"key":"SMITH"}],"circlet_count":0,"master_deck":["AscendersBane","Strike_R","Strike_R","Strike_R+1","Strike_R+1","Defend_R","Defend_R","Defend_R","Defend_R","Bash","Flex+1","Thunderclap+1","Anger","Rampage+1","Battle Trance","Cleave","Limit Break+1","CurseOfTheBell","Immolate","Shockwave","Seeing Red","Clothesline"],"relics":["Burning Blood","Akabeko","Boot","Whetstone","Ancient Tea Set","Membership Card","Mango","Calling Bell","Centennial Puzzle","Matryoshka","StoneCalendar","Nunchaku","Bag of Preparation","Omamori"],"acts_visited":["Exordium","TheCity"],"potions_floor_usage":[27],"damage_taken":[{"damage":0.0,"enemies":"Small Slimes","floor":1.0,"turns":3.0},{"damage":6.0,"enemies":"2 Louse","floor":3.0,"turns":3.0},{"damage":1.0,"enemies":"Cultist","floor":4.0,"turns":3.0},{"damage":35.0,"enemies":"Lagavulin","floor":6.0,"turns":7.0},{"damage":20.0,"enemies":"3 Sentries","floor":8.0,"turns":6.0},{"damage":11.0,"enemies":"Looter","floor":10.0,"turns":2.0},{"damage":0.0,"enemies":"Large Slime","floor":14.0,"turns":3.0},{"damage":23.0,"enemies":"Hexaghost","floor":16.0,"turns":6.0},{"damage":19.0,"enemies":"3 Byrds","floor":18.0,"turns":4.0},{"damage":6.0,"enemies":"Spheric Guardian","floor":21.0,"turns":3.0},{"damage":2.0,"enemies":"Gremlin Leader","floor":23.0,"turns":6.0},{"damage":14.0,"enemies":"Centurion and Healer","floor":24.0,"turns":4.0},{"damage":61,"enemies":"Book of Stabbing","floor":27,"turns":5}],"seed_played":"-4072797414504747355","potions_obtained":[{"floor":3.0,"key":"PowerPotion"},{"floor":4.0,"key":"PowerPotion"},{"floor":10.0,"key":"Ancient Potion"}],"is_trial":false,"path_per_floor":["M","?","M","M","?","E","R","E","T","M","$","R","?","M","R","B",null,"M","?","$","M","?","E","M","R","T","E"],"character_chosen":"IRONCLAD","items_purchased":["Membership Card","Mango","Immolate","BlessingOfTheForge"],"campfire_rested":0,"item_purchase_floors":[11,11,20,20],"current_hp_per_floor":[74,79,79,80,80,51,51,37,37,32,46,46,35,41,41,24,77,64,64,64,64,64,68,60,60,60,0,0],"gold":179,"neow_bonus":"RANDOM_COMMON_RELIC","is_daily":false,"chose_seed":false,"campfire_upgraded":4,"win_rate":0.0,"timestamp":1611081277,"path_taken":["M","?","M","M","?","E","R","E","T","M","$","R","?","M","R","BOSS","M","?","?","M","?","E","M","R","T","E"],"items_purchased_type":["Relic","Relic","Card","Potion"],"build_version":"2020-12-22","purchased_purges":1,"victory":false,"max_hp_per_floor":[75,80,80,80,80,80,80,80,80,80,94,94,94,94,94,94,94,94,94,94,94,94,94,94,94,94,94,94],"card_choices":[{"not_picked":["Wild Strike","Intimidate"],"picked":"Flex","floor":1.0},{"not_picked":["Flex","Rampage"],"picked":"Thunderclap","floor":3.0},{"not_picked":["Headbutt","Thunderclap"],"picked":"Anger","floor":4.0},{"not_picked":["Armaments","Battle Trance"],"picked":"Rampage","floor":6.0},{"not_picked":["Flex","Warcry"],"picked":"Battle Trance","floor":8.0},{"not_picked":["Bloodletting","Dual Wield","Havoc"],"picked":"SKIP","floor":10.0},{"not_picked":["Clothesline","Perfected Strike"],"picked":"Cleave","floor":14.0},{"not_picked":["Bludgeon","Feed"],"picked":"Limit Break","floor":16.0},{"not_picked":["Thunderclap","Twin Strike","Perfected Strike"],"picked":"SKIP","floor":18.0},{"not_picked":["Cleave","Blood for Blood"],"picked":"Shockwave","floor":21.0},{"not_picked":["Clothesline","Havoc"],"picked":"Seeing Red","floor":23.0},{"not_picked":["Clash","Searing Blow+1"],"picked":"Clothesline","floor":24.0}],"player_experience":1998443,"relics_obtained":[{"floor":6.0,"key":"Boot"},{"floor":8.0,"key":"Whetstone"},{"floor":9.0,"key":"Ancient Tea Set"},{"floor":17.0,"key":"Centennial Puzzle"},{"floor":17.0,"key":"Matryoshka"},{"floor":17.0,"key":"StoneCalendar"},{"floor":23.0,"key":"Nunchaku"},{"floor":26.0,"key":"Bag of Preparation"},{"floor":26.0,"key":"Omamori"}],"event_choices":[{"damage_healed":0.0,"max_hp_gain":5.0,"max_hp_loss":0.0,"gold_gain":0.0,"event_name":"Big Fish","player_choice":"Donut","floor":2.0,"gold_loss":0.0,"damage_taken":0.0},{"damage_healed":0.0,"max_hp_gain":0.0,"max_hp_loss":0.0,"gold_gain":150.0,"event_name":"Liars Game","player_choice":"AGREE","floor":5.0,"gold_loss":0.0,"damage_taken":0.0,"cards_obtained":["Doubt"]},{"damage_healed":0.0,"max_hp_gain":0.0,"max_hp_loss":0.0,"gold_gain":75.0,"event_name":"World of Goop","player_choice":"Gather Gold","floor":13.0,"gold_loss":0.0,"damage_taken":11.0},{"cards_removed":["Strike_R"],"damage_healed":0.0,"max_hp_gain":0.0,"max_hp_loss":0.0,"gold_gain":0.0,"event_name":"Purifier","player_choice":"Purged","floor":19.0,"gold_loss":0.0,"damage_taken":0.0},{"damage_healed":0.0,"max_hp_gain":0.0,"max_hp_loss":0.0,"gold_gain":0.0,"event_name":"Vampires","player_choice":"Ignored","floor":22.0,"gold_loss":0.0,"damage_taken":0.0}],"is_beta":false,"boss_relics":[{"not_picked":["Velvet Choker","SacredBark"],"picked":"Calling Bell"}],"items_purged_floors":[11],"is_endless":false,"potions_floor_spawned":[3,4,10],"killed_by":"Book of Stabbing","ascension_level":19}}