{"host":"71x3l6y2fkerz90u","time":1611048931,"event":{"mods":["BaseMod","Downfall","Hubris","Minty Spire (QoL Compilation)","StSLib","The Necromancer"],"gold_per_floor":[99,113,132,132,132,132,132,132,160,160,60,0,27,27,27,27],"floor_reached":14,"language":"DEU","playtime":628,"items_purged":[],"score":84,"play_id":"e088c429-a56f-426c-9f11-d8f046ece62f","local_time":"20210119103531","is_ascension_mode":false,"campfire_choices":[{"floor":1,"key":"RECALL"},{"floor":6,"key":"REST"},{"data":"Guardian:TwinSlam","floor":11,"key":"SMITH"}],"circlet_count":0,"master_deck":["Guardian:Strike_Guardian","Guardian:Strike_Guardian","Guardian:Strike_Guardian+1","Guardian:Strike_Guardian","Guardian:Defend_Guardian","Guardian:Defend_Guardian","Guardian:Defend_Guardian","Guardian:Defend_Guardian+1","Guardian:CurlUp","Guardian:TwinSlam+1","Guardian:WalkerClaw","Regret","Guardian:Preprogram+1","downfall:Malfunctioning","Guardian:Gem_Green","Guardian:Emergency"],"relics":["Guardian:ModeShifter","hubris:Teleporter","White Beast Statue","Strawberry","hubris:OldNail","downfall:HeartBlessingRed","Odd Mushroom"],"acts_visited":["Exordium"],"potions_floor_usage":[9,14,14],"damage_taken":[{"damage":7,"enemies":"2 Louse","floor":2,"turns":3},{"damage":5,"enemies":"Small Slimes","floor":3,"turns":3},{"damage":17,"enemies":"Gremlin Nob","floor":9,"turns":3},{"damage":5,"enemies":"downfall:FleeingMerchant","floor":12,"turns":4},{"damage":15,"enemies":"The Mushroom Lair","floor":13,"turns":5},{"damage":2,"enemies":"3 Sentries","floor":14,"turns":2}],"seed_played":"-8045430274005946847","potions_obtained":[{"floor":3,"key":"champ:CounterPotion"},{"floor":9,"key":"EssenceOfSteel"},{"floor":13,"key":"FearPotion"}],"is_trial":true,"path_per_floor":["R","M","M","?","?","R","T","?","E","?","R","$","?","E"],"character_chosen":"GUARDIAN","items_purchased":["Guardian:Gem_Green"],"campfire_rested":1,"item_purchase_floors":[12],"current_hp_per_floor":[80,73,68,50,50,74,74,81,64,64,64,59,44,42,42,42],"gold":27,"neow_bonus":"","is_daily":false,"chose_seed":false,"campfire_upgraded":1,"win_rate":0.0,"timestamp":1611048931,"path_taken":["R","M","M","?","?","R","T","?","E","?","R","?","?","E"],"items_purchased_type":["Card"],"build_version":"2020-12-22","purchased_purges":0,"victory":false,"max_hp_per_floor":[80,80,80,80,80,80,80,87,87,87,87,87,87,87,87,87],"card_choices":[{"not_picked":["Guardian:PiercingHide","Guardian:Clone"],"picked":"Guardian:WalkerClaw","floor":2},{"not_picked":["Guardian:MultiBeam","Guardian:Incinerate"],"picked":"Guardian:Gem_Red","floor":3},{"not_picked":["Guardian:Planning","Guardian:HyperBeam_Guardian"],"picked":"Guardian:Preprogram","floor":9},{"not_picked":["Guardian:PrimingBeam","Guardian:Incinerate","Guardian:Reroute"],"picked":"SKIP","floor":12},{"not_picked":["Guardian:ChargeCore","Guardian:Reroute"],"picked":"Guardian:Emergency","floor":13}],"player_experience":132790,"relics_obtained":[{"floor":7,"key":"White Beast Statue"},{"floor":9,"key":"hubris:OldNail"},{"floor":13,"key":"Odd Mushroom"}],"event_choices":[{"damage_healed":0,"gold_gain":0,"player_choice":"Success","damage_taken":18,"relics_obtained":["hubris:Teleporter"],"max_hp_gain":0,"max_hp_loss":0,"event_name":"Scrap Ooze","floor":4,"gold_loss":0},{"damage_healed":0,"gold_gain":0,"player_choice":"Box","damage_taken":0,"relics_obtained":["Strawberry"],"max_hp_gain":0,"max_hp_loss":0,"event_name":"Big Fish","floor":8,"gold_loss":0,"cards_obtained":["Regret"]},{"damage_healed":0,"gold_gain":0,"player_choice":"Fought Mushrooms","damage_taken":0,"max_hp_gain":0,"max_hp_loss":0,"event_name":"Mushrooms","floor":13,"gold_loss":0}],"is_beta":false,"boss_relics":[],"items_purged_floors":[],"is_endless":true,"potions_floor_spawned":[3,9,12,13],"killed_by":"3 Sentries","ascension_level":0}}