{"host":"9l1knhxfturzliqa","time":1611020083,"event":{"mods":["BaseMod","Colored Map","Colored Powertips","DeckTracker","Highlight Path","Keyboard Shortcuts","Minty Spire (QoL Compilation)","Random Character Button"],"gold_per_floor":[119,119,138,148,167,198,198,218,241,241,9,9,23,38,38,112,112,124,124,134,148,168,168,186,186,212,212,228,239,279,15,15,15,15],"floor_reached":33,"language":"KOR","playtime":1724,"items_purged":["Defend_G"],"score":532,"play_id":"f88c257c-4b65-483b-ad5c-b76d68b34828","local_time":"20210119103443","is_ascension_mode":true,"campfire_choices":[{"data":"Crippling Poison","floor":7.0,"key":"SMITH"},{"data":"Deadly Poison","floor":10.0,"key":"SMITH"},{"floor":12.0,"key":"REST"},{"data":"Wraith Form v2","floor":15.0,"key":"SMITH"},{"floor":23.0,"key":"REST"},{"floor":27.0,"key":"REST"},{"floor":32.0,"key":"REST"}],"circlet_count":0,"master_deck":["AscendersBane","Strike_G","Strike_G","Strike_G","Strike_G","Defend_G","Defend_G","Defend_G","Defend_G","Survivor","Neutralize","Poisoned Stab","Dagger Spray","Deadly Poison+1","Tactician","Crippling Poison+1","Prepared","Wraith Form v2+1","Calculated Gamble","A Thousand Cuts","Flechettes","Decay","Underhanded Strike","Escape Plan+1","Acrobatics+1","Reflex","Malaise","Tactician"],"relics":["Ring of the Serpent","NeowsBlessing","Art of War","Centennial Puzzle","Strange Spoon","Sundial","Juzu Bracelet","CeramicFish","Pantograph"],"acts_visited":[],"potions_floor_usage":[],"damage_taken":[{"damage":0.0,"enemies":"Small Slimes","floor":1.0,"turns":1.0},{"damage":0.0,"enemies":"Cultist","floor":3.0,"turns":1.0},{"damage":0.0,"enemies":"Jaw Worm","floor":4.0,"turns":1.0},{"damage":5.0,"enemies":"3 Louse","floor":5.0,"turns":2.0},{"damage":22.0,"enemies":"Lagavulin","floor":6.0,"turns":7.0},{"damage":9.0,"enemies":"Exordium Wildlife","floor":8.0,"turns":5.0},{"damage":1.0,"enemies":"Large Slime","floor":13.0,"turns":4.0},{"damage":1.0,"enemies":"Red Slaver","floor":14.0,"turns":3.0},{"damage":21.0,"enemies":"The Guardian","floor":16.0,"turns":9.0},{"damage":6.0,"enemies":"Shell Parasite","floor":18.0,"turns":5.0},{"damage":17.0,"enemies":"2 Thieves","floor":20.0,"turns":2.0},{"damage":20.0,"enemies":"Snecko","floor":21.0,"turns":6.0},{"damage":3.0,"enemies":"Snake Plant","floor":22.0,"turns":5.0},{"damage":7.0,"enemies":"Chosen and Byrds","floor":24.0,"turns":6.0},{"damage":2.0,"enemies":"Snecko","floor":28.0,"turns":7.0},{"damage":5.0,"enemies":"Sentry and Sphere","floor":29.0,"turns":5.0},{"damage":21.0,"enemies":"Slavers","floor":30.0,"turns":5.0},{"damage":56,"enemies":"Champ","floor":33,"turns":7}],"seed_played":"6385461161472842686","potions_obtained":[{"floor":5.0,"key":"Weak Potion"},{"floor":6.0,"key":"LiquidMemories"},{"floor":8.0,"key":"ColorlessPotion"},{"floor":13.0,"key":"Block Potion"},{"floor":16.0,"key":"FearPotion"},{"floor":18.0,"key":"AttackPotion"},{"floor":22.0,"key":"DistilledChaos"},{"floor":24.0,"key":"Block Potion"},{"floor":28.0,"key":"CultistPotion"}],"is_trial":false,"path_per_floor":["M","?","M","M","M","E","R","M","T","R","$","R","M","M","R","B",null,"M","?","M","M","M","R","M","T","T","R","M","M","E","$","R","B"],"character_chosen":"THE_SILENT","items_purchased":["Strange Spoon","Pantograph"],"campfire_rested":4,"item_purchase_floors":[11,31],"current_hp_per_floor":[59,59,59,59,54,32,32,23,23,23,23,42,41,40,40,19,54,48,48,31,11,8,27,20,20,20,39,37,32,11,11,30,0,0],"gold":15,"neow_bonus":"THREE_ENEMY_KILL","is_daily":false,"chose_seed":false,"campfire_upgraded":3,"win_rate":0.0,"timestamp":1611020083,"path_taken":["M","?","?","?","M","E","R","M","T","R","$","R","M","M","R","BOSS","M","?","M","M","M","R","M","?","T","R","M","M","E","$","R","BOSS"],"items_purchased_type":["Relic","Relic"],"build_version":"2020-12-22","purchased_purges":1,"victory":false,"max_hp_per_floor":[66,66,66,66,66,66,66,66,66,66,66,66,66,66,66,66,66,66,66,66,66,66,66,66,66,66,66,66,66,66,66,66,66,66],"card_choices":[{"not_picked":["Bane","Sucker Punch"],"picked":"Poisoned Stab","floor":1.0},{"not_picked":["Sucker Punch","Dash"],"picked":"Dagger Spray","floor":3.0},{"not_picked":["Acrobatics","Slice"],"picked":"Deadly Poison","floor":4.0},{"not_picked":["Outmaneuver","Cloak And Dagger"],"picked":"Tactician","floor":5.0},{"not_picked":["Acrobatics","Dagger Spray"],"picked":"Crippling Poison","floor":6.0},{"not_picked":["Heel Hook","Dodge and Roll"],"picked":"Prepared","floor":8.0},{"not_picked":["Riddle With Holes","Sucker Punch"],"picked":"Wraith Form v2","floor":13.0},{"not_picked":["Flying Knee","Deflect"],"picked":"Calculated Gamble","floor":14.0},{"not_picked":["Envenom","Wraith Form v2"],"picked":"A Thousand Cuts","floor":16.0},{"not_picked":["Concentrate","Calculated Gamble"],"picked":"Flechettes","floor":18.0},{"not_picked":["Distraction","Quick Slash","Poisoned Stab"],"picked":"SKIP","floor":20.0},{"not_picked":["Poisoned Stab","Infinite Blades"],"picked":"Underhanded Strike","floor":21.0},{"not_picked":["Caltrops","Terror"],"picked":"Escape Plan+1","floor":22.0},{"not_picked":["Cloak And Dagger","Dagger Throw"],"picked":"Acrobatics+1","floor":24.0},{"not_picked":["Poisoned Stab","Riddle With Holes+1"],"picked":"Reflex","floor":28.0},{"not_picked":["PiercingWail","Masterful Stab+1"],"picked":"Malaise","floor":29.0},{"not_picked":["Deflect","Leg Sweep"],"picked":"Tactician","floor":30.0}],"player_experience":487525,"relics_obtained":[{"floor":6.0,"key":"Art of War"},{"floor":9.0,"key":"Centennial Puzzle"},{"floor":25.0,"key":"Sundial"},{"floor":26.0,"key":"Juzu Bracelet"},{"floor":30.0,"key":"CeramicFish"}],"event_choices":[{"cards_removed":["Strike_G"],"damage_healed":0.0,"max_hp_gain":0.0,"max_hp_loss":0.0,"gold_gain":0.0,"event_name":"Bonfire Elementals","player_choice":"Offered Basic","floor":2.0,"gold_loss":0.0,"damage_taken":0.0},{"damage_healed":0.0,"max_hp_gain":0.0,"max_hp_loss":0.0,"gold_gain":0.0,"event_name":"Forgotten Altar","player_choice":"Smashed Altar","floor":19.0,"gold_loss":0.0,"damage_taken":0.0,"cards_obtained":["Decay"]}],"is_beta":false,"boss_relics":[{"not_picked":["Tiny House","Ectoplasm"],"picked":"Ring of the Serpent"}],"items_purged_floors":[11],"is_endless":false,"potions_floor_spawned":[5,6,8,13,16,18,22,24,28],"killed_by":"Champ","ascension_level":19}}