{"host":"1ecbliur7lfoj0sl","time":1611065922,"event":{"mods":["BaseMod","Downfall","Minty Spire (QoL Compilation)","StSLib","The Senshi","Waifu the Spire"],"gold_per_floor":[99,112,112,131,231,258,258,271,299,313,331,347,365,395,411,411,411,411],"floor_reached":16,"language":"ZHS","playtime":683,"items_purged":[],"score":122,"play_id":"8786a1c9-724f-4ced-8565-a65afebc3598","local_time":"20210119221842","is_ascension_mode":true,"campfire_choices":[{"floor":1,"key":"RECALL"}],"circlet_count":0,"master_deck":["Guardian:Strike_Guardian","Guardian:Strike_Guardian","Guardian:Defend_Guardian","Guardian:Defend_Guardian","Guardian:Defend_Guardian","Guardian:Defend_Guardian","Guardian:CurlUp","Guardian:TwinSlam","Guardian:Planning","Guardian:HyperBeam_Guardian+1","Guardian:Gem_White","Guardian:BronzeArmor","Guardian:Gem_Crimson"],"relics":["Guardian:ModeShifter","theSenshi:SailorFukuRelic","Oddly Smooth Stone","Mummified Hand","Mercury Hourglass","Meat on the Bone"],"acts_visited":["Exordium"],"potions_floor_usage":[5,9],"damage_taken":[{"damage":6,"enemies":"Jaw Worm","floor":2,"turns":4},{"damage":2,"enemies":"Small Slimes","floor":4,"turns":5},{"damage":14,"enemies":"downfall:Heads","floor":5,"turns":8},{"damage":8,"enemies":"2 Louse","floor":8,"turns":5},{"damage":9,"enemies":"3 Sentries","floor":9,"turns":3},{"damage":4,"enemies":"Large Slime","floor":10,"turns":5},{"damage":0,"enemies":"2 Fungi Beasts","floor":11,"turns":1},{"damage":10,"enemies":"Large Slime","floor":12,"turns":4},{"damage":0,"enemies":"Exordium Wildlife","floor":13,"turns":1},{"damage":8,"enemies":"Lagavulin","floor":14,"turns":7},{"damage":0,"enemies":"Gremlin Gang","floor":15,"turns":2},{"damage":28,"enemies":"IC_STATUS_ARCHETYPE","floor":16,"turns":2}],"seed_played":"7678884172171416405","potions_obtained":[{"floor":2,"key":"DistilledChaos"},{"floor":4,"key":"Ancient Potion"},{"floor":8,"key":"AttackPotion"},{"floor":11,"key":"LiquidMemories"},{"floor":15,"key":"Regen Potion"}],"is_trial":false,"path_per_floor":["R","M","?","M","?","T","T","M","E","M","M","M","M","E","M","B"],"character_chosen":"GUARDIAN","items_purchased":[],"campfire_rested":0,"item_purchase_floors":[],"current_hp_per_floor":[88,82,64,62,48,48,48,40,31,27,27,17,17,9,21,0,0,0],"gold":411,"neow_bonus":"TEN_PERCENT_HP_BONUS","is_daily":false,"chose_seed":false,"campfire_upgraded":0,"win_rate":0.0,"timestamp":1611065922,"path_taken":["R","M","?","M","?","?","T","M","E","M","M","M","M","E","M","BOSS"],"items_purchased_type":[],"build_version":"2020-12-22","purchased_purges":0,"victory":false,"max_hp_per_floor":[88,88,88,88,88,88,88,88,88,88,88,88,88,88,88,88,88,88],"card_choices":[{"not_picked":["Guardian:PrismaticBeam","Guardian:Suspension"],"picked":"Guardian:Planning","floor":2},{"not_picked":["Guardian:Reroute","Guardian:ShieldSpikes","Guardian:GuardianWhirl"],"picked":"SKIP","floor":4},{"not_picked":["Guardian:PiercingHide","Guardian:BronzeArmor"],"picked":"Guardian:Gem_White","floor":8},{"not_picked":["Guardian:WalkerClaw","Guardian:TemporalStrike","Guardian:Harden"],"picked":"SKIP","floor":9},{"not_picked":["Guardian:PrismaticBeam","Guardian:BronzeOrb"],"picked":"Guardian:BronzeArmor","floor":10},{"not_picked":["Guardian:ShieldSpikes","Guardian:PolyBeam","Guardian:ChargeCore"],"picked":"SKIP","floor":11},{"not_picked":["Guardian:ShieldSpikes","Guardian:BronzeArmor","Guardian:PrimingBeam"],"picked":"SKIP","floor":12},{"not_picked":["Guardian:PrimingBeam","Guardian:PrismaticBeam","Guardian:TemporalStrike"],"picked":"SKIP","floor":13},{"not_picked":["Guardian:CrystalBeam","Guardian:Preprogram"],"picked":"Guardian:Gem_Crimson","floor":14},{"not_picked":["Guardian:RefractedBeam","Guardian:VentSteam","Guardian:HyperBeam_Guardian"],"picked":"SKIP","floor":15}],"player_experience":55591,"relics_obtained":[{"floor":6,"key":"Oddly Smooth Stone"},{"floor":7,"key":"Mummified Hand"},{"floor":9,"key":"Mercury Hourglass"},{"floor":14,"key":"Meat on the Bone"}],"event_choices":[{"damage_healed":0,"gold_gain":0,"player_choice":"Success","damage_taken":18,"relics_obtained":["theSenshi:SailorFukuRelic"],"max_hp_gain":0,"max_hp_loss":0,"event_name":"Scrap Ooze","floor":3,"gold_loss":0}],"is_beta":false,"boss_relics":[],"items_purged_floors":[],"is_endless":false,"potions_floor_spawned":[2,4,8,11,15],"killed_by":"IC_STATUS_ARCHETYPE","ascension_level":1}}