{"host":"ika5blmljv34vrx1","time":1611063606,"event":{"mods":["AchievementEnabler","Act Like it!","Aspiration","BaseMod","CapriCore","Challenge The Spire","Conspire","Gensokyo","Gold Saver","Grow up Mod","KinomotoSakuraMod(ƒæ÷Æ±æ”£)","Koishi","Marisa£®ÏF”Í°°ƒß¿Ì…≥£©","Minty Spire (QoL Compilation)","Pale of the Ancients","Quick Restart","Reimu£®≤©¿ˆ¡È√Œ£©","Remilia£®¿Ÿ√◊¿Ú—«£©","Remove Card Discount Mod","Replay The Spire","StSLib","The Immortal","Yakumo Yukari mod"],"gold_per_floor":[1406,1406,1406,1416,713,713,643,673,724,751,751,216,216,546,546,620,620,634,634,463,463,5,35,70,105,405,415,365,393,424,424,424,499,499,510,510,341,341,359,384,417,134,134,163,483,717,390,423,423,423,423,436,447,447,190,190,208,208,0,0,0],"floor_reached":62,"language":"ZHS","playtime":1832,"items_purged":["Clumsy","Spreading Infection","HunterOfTheNight","NightDance+1","VampireSweep","BlasphemousPunishment+1","BatForm","VampireClaw","RedRainbow"],"score":4160,"play_id":"c85be6a3-2ddc-4ce6-99d7-ad9850e2e686","local_time":"20210119214006","daily_mods":["SealedDeck","Heirloom","Time Dilation","Flight","Elite Swarm"],"is_ascension_mode":true,"campfire_choices":[{"floor":6,"key":"RECALL"},{"data":"ReplayUltimateDefense","floor":13,"key":"SMITH"},{"data":"QueenOfMidnight","floor":15,"key":"SMITH"},{"data":"CollectingQuirk","floor":32,"key":"SMITH"},{"data":"UltimateShortwave","floor":49,"key":"SMITH"},{"data":"BloodyCatastrophe","floor":56,"key":"SMITH"},{"data":"BloodySeventeenLaser","floor":58,"key":"SMITH"}],"circlet_count":0,"master_deck":["AscendersBane","UnderTheZenith+1","BloodyMagicSquare+1","Gensokyo:MenInBlack+1","CeilingFear+1","EquivalentExchange+1","ScarletMeister+1","ReplayUltimateDefense+1","HunterOfTheNight+1","BloodyCatastrophe+1","CollectingQuirk+1","BloodySeventeenLaser+1","UltimateShortwave+1","RedRainbow+1","UnstableMagic+1"],"relics":["ScarletHat","Replay:Towering Pillar of Hats","OrangePellets","TentaclePot:ReiMu","War Paint","Oddly Smooth Stone","Gambling Chip","Gensokyo:NagashiBinaDoll","ReplayTheSpireMod:CursedCoin","aspiration:StickyExplosives","Blood Vial","aspiration:AnachronicSnailShell","Counterbalance","aspiration:MarisaSkillbook","Frozen Eye","Medical Kit","Guide Book","HandDrill","Shovel","Peace Pipe","Question Card","Old Coin","Centennial Puzzle","Pen Nib","Happy Flower","Replay:Grab Bag","Philosopher\u0027s Stone","Coffee Dripper","conspire:RunicOctahedron","Replay:Baseball","Bottled Lightning","Replay:Bottled Eggs","conspire:TreasureMap","Potion Belt","Replay:Bottled Flurry","conspire:TopHat","aspiration:HiddenCompartment","Torii","ClockworkSouvenir","Toy Ornithopter","The Courier","paleoftheancients:Timepiece","paleoftheancients:KeyRelic","Meat on the Bone","Gremlin Horn","ReplayTheSpireMod:Lightbulb","paleoftheancients:SoulOfTheBandit","Membership Card"],"acts_visited":["Exordium","Gensokyo:Gensokyo","Gensokyo:Gensokyoer","Gensokyo:Gensokyoest"],"potions_floor_usage":[57],"damage_taken":[{"damage":37,"enemies":"Gensokyo:Python","floor":1,"turns":2},{"damage":26,"enemies":"Gensokyo:Gryphon","floor":4,"turns":1},{"damage":33,"enemies":"Gensokyo:Mamizou","floor":8,"turns":6},{"damage":37,"enemies":"Gensokyo:Aya","floor":10,"turns":2},{"damage":40,"enemies":"Gensokyo:Cirno","floor":14,"turns":9},{"damage":31,"enemies":"Gensokyo:Yukari","floor":16,"turns":2},{"damage":114,"enemies":"Gensokyo:Chomper","floor":18,"turns":2},{"damage":147,"enemies":"Gensokyo:Tenshi","floor":23,"turns":1},{"damage":153,"enemies":"Gensokyo:Reisen","floor":24,"turns":1},{"damage":159,"enemies":"Gensokyo:Tenshi","floor":25,"turns":1},{"damage":170,"enemies":"Gensokyo:2_Gloops","floor":27,"turns":1},{"damage":184,"enemies":"Gensokyo:Koishi","floor":29,"turns":1},{"damage":180,"enemies":"Gensokyo:Tenshi","floor":30,"turns":1},{"damage":284,"enemies":"Gensokyo:Kaguya","floor":33,"turns":4},{"damage":195,"enemies":"Gensokyo:3_Bats","floor":35,"turns":1},{"damage":174,"enemies":"Gensokyo:AncientGuardian","floor":39,"turns":1},{"damage":180,"enemies":"Gensokyo:Doremy","floor":40,"turns":1},{"damage":186,"enemies":"Gensokyo:Marisa","floor":41,"turns":1},{"damage":109,"enemies":"Gensokyo:Kasen","floor":44,"turns":3},{"damage":115,"enemies":"Gensokyo:Dusk_and_Dawn","floor":45,"turns":2},{"damage":123,"enemies":"Gensokyo:Doremy","floor":46,"turns":1},{"damage":132,"enemies":"Gensokyo:Kasen","floor":48,"turns":1},{"damage":76,"enemies":"Gensokyo:Yuyuko","floor":50,"turns":1},{"damage":91,"enemies":"Gensokyo:Shinki","floor":51,"turns":4},{"damage":222,"enemies":"Gensokyo:Shinki","floor":52,"turns":1},{"damage":206,"enemies":"Gensokyo:Shinki","floor":53,"turns":2},{"damage":219,"enemies":"Gensokyo:Shinki","floor":57,"turns":1},{"damage":237,"enemies":"paleoftheancients:N","floor":61,"turns":2}],"seed_played":"1372429784915001395","potions_obtained":[{"floor":4,"key":"ZuzhouPotion:ReiMu"},{"floor":10,"key":"Energy Potion"},{"floor":24,"key":"Elixir"},{"floor":41,"key":"Flashbang"},{"floor":44,"key":"Fire Potion"},{"floor":46,"key":"Strength Potion"},{"floor":57,"key":"FearPotion"}],"is_trial":true,"path_per_floor":["M","?","?","M","COS","R","?","E","T","E","?","$","R","E","R","B",null,"M","?","$","?","COS","E","E","E","T","M","?","E","E","?","R","B",null,"M","?","$","?","M","E","E","COS","T","E","M","E","$","E","R","B","B","M","M","?","$","R","M","R","$","?","B",null],"character_chosen":"REMILIA","items_purchased":["ReplayTheSpireMod:CursedCoin","aspiration:StickyExplosives","ReplayUltimateDefense","HunterOfTheNight+1","Blood Vial","Frozen Eye","Replay:Baseball","ClockworkSouvenir","Toy Ornithopter","ReplayTheSpireMod:Lightbulb","LiquidMemories","Membership Card","Flashbang","DistilledChaos"],"campfire_rested":0,"item_purchase_floors":[12,12,12,12,12,20,37,47,47,55,55,59,59,59],"current_hp_per_floor":[48,36,51,35,45,55,65,44,54,27,37,47,57,29,39,60,205,217,227,237,261,271,283,295,307,317,329,346,358,370,359,369,379,389,399,409,419,346,358,370,196,206,216,228,240,252,262,142,152,162,440,407,403,413,423,433,432,442,452,462,455],"gold":0,"neow_bonus":"","is_daily":false,"chose_seed":false,"campfire_upgraded":6,"win_rate":0.0,"timestamp":1611063606,"path_taken":["M","?","?","?","COS","R","?","E","T","E","?","$","R","E","R","BOSS","M","?","$","?","COS","E","E","E","T","?","?","E","E","?","R","BOSS","M","?","$","?","?","E","E","COS","T","E","?","E","?","E","R","BOSS","BOSS","M","M","?","$","R","M","R","$","?","BOSS"],"items_purchased_type":["Relic","Relic","Card","Card","Relic","Relic","Relic","Relic","Relic","Relic","Potion","Relic","Potion","Potion"],"build_version":"2020-12-22","purchased_purges":9,"victory":true,"max_hp_per_floor":[90,100,110,120,130,140,150,160,170,180,190,200,210,220,230,240,250,260,270,280,290,300,310,320,330,340,350,367,377,387,359,369,379,389,399,409,419,429,439,449,459,469,479,489,499,509,519,529,539,549,559,569,579,589,599,609,619,629,639,649,659],"card_choices":[{"not_picked":["UnstableMagic","BloodHunter","BlasphemousPunishment"],"picked":"SKIP","floor":1},{"not_picked":["ScarletDevil","ScarletNetherworld","BloodHunter"],"picked":"SKIP","floor":4},{"not_picked":["BloodySeventeenLaser+1","KillingBlow+1"],"picked":"CeilingFear+1","floor":8},{"not_picked":["ScarletCoffin","HellCatastrophe"],"picked":"EquivalentExchange","floor":8},{"not_picked":["ScarletCoffin","EquivalentExchange"],"picked":"ScarletMeister","floor":10},{"not_picked":["TricksterDevil","BloodRain","HeartBreak"],"picked":"SKIP","floor":10},{"not_picked":["TricksterDevil","BloodRain","HeartBreak"],"picked":"SKIP","floor":10},{"not_picked":["KillingBlow","CurseOfVladTepes"],"picked":"QueenOfMidnight","floor":14},{"not_picked":["BadLadyScramble","SprinkleStarSeal+1","MillenniumVampire","NightDance"],"picked":"SKIP","floor":18},{"not_picked":["TreasureHunter","HeartBreak","EquivalentExchange"],"picked":"BloodyCatastrophe","floor":23},{"not_picked":["MillisecondPulsars","StarDustReverie","BlazingStar","ChaoticDestiny"],"picked":"SKIP","floor":24},{"not_picked":["TreasureHunter","ForecastOfChange","EquivalentExchange"],"picked":"BatForm","floor":25},{"not_picked":["StarOfDavid","SporeBomb","BlazeAway","GrandCross+1","DiffusionOfMisfortune"],"picked":"SKIP","floor":27},{"not_picked":["MaximisePower","BloodySeventeenLaser","TreasureHunter","BloodRain"],"picked":"CollectingQuirk","floor":29},{"not_picked":["MillisecondPulsars","CasketOfStar","ManaRampage","BloodRain","EquivalentExchange"],"picked":"SKIP","floor":30},{"not_picked":["BatForm","AbsoluteMagnitude","FinalSpark","SatelliteIllusion"],"picked":"BloodySeventeenLaser","floor":33},{"not_picked":["BombardNight+1","DC+1","WitchLeyline","ScarletImprint","VampireSweep"],"picked":"SKIP","floor":35},{"not_picked":["FavorOfDestiny","RedNightlessCastle+1","BlasphemousPunishment","GravityBeat","RedMagic"],"picked":"SKIP","floor":39},{"not_picked":["BigCrunch","ManaRampage","TreasureHunter","EquivalentExchange","BloodyCatastrophe"],"picked":"SKIP","floor":40},{"not_picked":["BloodyHallows","BinaryStars","TransientEternity","HeartBreak"],"picked":"QueenOfMidnight","floor":41},{"not_picked":["AbsoluteMagnitude","BloodyHallows","MaximisePower","BlazingStar","KillingBlow"],"picked":"SKIP","floor":44},{"not_picked":["ScarletSymphony","AsteroidBelt","EmergencyRegeneration","MysteriousBeam+1","FairyDestructionRay+1"],"picked":"SKIP","floor":45},{"not_picked":["BloodRain","StarDustReverie","BatForm","TreasureHunter","CollectingQuirk"],"picked":"SKIP","floor":46},{"not_picked":["BlazingStar","HellCatastrophe","EscapeVelocity","ScarletCoffin"],"picked":"UltimateShortwave","floor":48},{"not_picked":["GravityBeat","VampireKiss+1","CharismaGuard+1","StarlightTyphoon"],"picked":"RedRainbow+1","floor":52},{"not_picked":["ScarletDevil","NightDance+1","VampireFantasy","MilkyWay+1"],"picked":"UnstableMagic+1","floor":53},{"not_picked":["RedRainbow","Stigmanizer","BloodyCatastrophe","BloodHunter","NightDance"],"picked":"SKIP","floor":57}],"player_experience":2088517,"relics_obtained":[{"floor":8,"key":"War Paint"},{"floor":10,"key":"Gambling Chip"},{"floor":14,"key":"aspiration:AnachronicSnailShell"},{"floor":23,"key":"Shovel"},{"floor":24,"key":"Peace Pipe"},{"floor":25,"key":"Question Card"},{"floor":26,"key":"Old Coin"},{"floor":29,"key":"Centennial Puzzle"},{"floor":30,"key":"Pen Nib"},{"floor":40,"key":"Bottled Lightning"},{"floor":41,"key":"Replay:Bottled Eggs"},{"floor":43,"key":"Potion Belt"},{"floor":44,"key":"Replay:Bottled Flurry"},{"floor":46,"key":"Torii"},{"floor":48,"key":"The Courier"},{"floor":57,"key":"paleoftheancients:SoulOfTheBandit"}],"event_choices":[{"damage_healed":0,"gold_gain":0,"cards_transformed":["UnstableMagic"],"player_choice":"Transformed","damage_taken":0,"max_hp_gain":0,"max_hp_loss":0,"event_name":"Transmorgrifier","floor":54,"gold_loss":0,"cards_obtained":["VampireClaw"]}],"is_beta":false,"boss_relics":[{"not_picked":["Painkiller Herb","SacredBark"],"picked":"aspiration:MarisaSkillbook"},{"not_picked":["RedLine:ReiMu","Sozu"],"picked":"Replay:Grab Bag"},{"not_picked":["SlaversCollar","Runic Dome"],"picked":"Philosopher\u0027s Stone"},{"not_picked":["Velvet Choker","Cursed Key"],"picked":"Coffee Dripper"},{"not_picked":["aspiration:RunicSpoon","Empty Cage"],"picked":"conspire:RunicOctahedron"}],"items_purged_floors":[12,12,12,20,37,37,37,55,55],"is_endless":false,"potions_floor_spawned":[4,10,23,24,27,35,41,44,46,57],"ascension_level":20}}