{"host":"g8sjq9ki9zl67elp","time":1611021670,"event":{"mods":["BaseMod","Colored Map","Highlight Path","Hubris","Infinite Spire","Mimic Mod","Minty Spire (QoL Compilation)","Replay The Spire","StSLib","everything is the same but u backflip on backflip"],"gold_per_floor":[118,7,7,7,20,20,20,53,53,70,70,80,92,43,43,147,147,158,171,188,88,106,106,119,151,151,26,26,125,156,172,172,275,275,289,289,302,302,318,318,333,345,345,345,361,71,87,98,98,98,98],"floor_reached":50,"language":"ENG","playtime":3512,"items_purged":["Strike_R","Strike_R","Defend_R"],"score":568,"play_id":"295c2bd8-4e7d-414a-af70-d8563e1fc44a","local_time":"20210118180110","is_ascension_mode":true,"campfire_choices":[{"data":"Heavy Blade","floor":6.0,"key":"SMITH"},{"data":"Spot Weakness","floor":11.0,"key":"SMITH"},{"data":"True Grit","floor":15.0,"key":"SMITH"},{"floor":23.0,"key":"REST"},{"floor":32.0,"key":"REST"},{"data":"Armaments","floor":40,"key":"SMITH"},{"floor":44,"key":"REST"},{"floor":49,"key":"REST"}],"circlet_count":0,"master_deck":["Defend_R","Defend_R","Defend_R","Bash+1","Heavy Blade+1","Shrug It Off","Spot Weakness+1","True Grit+1","ReplayTheSpireMod:Strike From Hell","ReplayTheSpireMod:Strike From Hell","Feed","Armaments+1","Havoc","Spot Weakness+1","Flame Barrier+1","Massacre","Sentinel+1","True Grit","Seeing Red","Sentinel+1"],"relics":["Burning Blood","Letter Opener","infinitespire:CursedDice","Mango","Eternal Feather","Empty Cage","Replay:Multitool","Question Card","Red Mask","infinitespire:Cupcake","Replay:Bottled Flurry","Frozen Eye","Happy Flower"],"acts_visited":["Exordium","TheCity","TheBeyond"],"potions_floor_usage":[41,47,48,48,50],"damage_taken":[{"damage":3.0,"enemies":"Cultist","floor":1.0,"turns":5.0},{"damage":0.0,"enemies":"2 Louse","floor":5.0,"turns":3.0},{"damage":38.0,"enemies":"3 Sentries","floor":8.0,"turns":9.0},{"damage":3.0,"enemies":"Small Slimes","floor":10.0,"turns":3.0},{"damage":12.0,"enemies":"Looter","floor":12.0,"turns":3.0},{"damage":1.0,"enemies":"2 Fungi Beasts","floor":13.0,"turns":3.0},{"damage":15.0,"enemies":"The Guardian","floor":16.0,"turns":11.0},{"damage":33.0,"enemies":"2 Thieves","floor":18.0,"turns":4.0},{"damage":22.0,"enemies":"Shell Parasite","floor":19.0,"turns":4.0},{"damage":18.0,"enemies":"Snecko","floor":20.0,"turns":5.0},{"damage":17.0,"enemies":"Chosen and Byrds","floor":22.0,"turns":8.0},{"damage":38.0,"enemies":"3 Cultists","floor":24.0,"turns":6.0},{"damage":52.0,"enemies":"Nightmare","floor":25.0,"turns":9.0},{"damage":30.0,"enemies":"Masked Bandits","floor":30.0,"turns":5.0},{"damage":6.0,"enemies":"Shelled Parasite and Fungi","floor":31.0,"turns":10.0},{"damage":55.0,"enemies":"Collector","floor":33.0,"turns":9.0},{"damage":0.0,"enemies":"3 Shapes","floor":35.0,"turns":4.0},{"damage":20.0,"enemies":"3 Darklings","floor":37.0,"turns":4.0},{"damage":21,"enemies":"Transient","floor":39,"turns":5},{"damage":82,"enemies":"Maw","floor":41,"turns":12},{"damage":16,"enemies":"Sphere and 2 Shapes","floor":42,"turns":6},{"damage":26,"enemies":"3 Darklings","floor":45,"turns":5},{"damage":15,"enemies":"Writhing Mass","floor":47,"turns":5},{"damage":25,"enemies":"Maw","floor":48,"turns":8},{"damage":69,"enemies":"hubris:GrandSnecko","floor":50,"turns":6}],"seed_played":"244086259195202792","potions_obtained":[{"floor":1.0,"key":"CultistPotion"},{"floor":8.0,"key":"HeartOfIron"},{"floor":10.0,"key":"FearPotion"},{"floor":16.0,"key":"Fruit Juice"},{"floor":18.0,"key":"Adrenaline Potion"},{"floor":20.0,"key":"LifebloodPotion"},{"floor":25.0,"key":"AttackPotion"},{"floor":30.0,"key":"Energy Potion"},{"floor":33.0,"key":"HeartOfIron"},{"floor":39,"key":"Elixir"},{"floor":42,"key":"Reflective Coating"},{"floor":45,"key":"SneckoOil"},{"floor":47,"key":"FearPotion"}],"is_trial":false,"path_per_floor":["M","$","?","?","M","R","?","E","T","M","R","M","M","$","R","B",null,"M","M","M","$","M","R","M","NM","T","$","?","?","?","M","R","B",null,"M","?","M","?","M","R","M","M","T","R","M","$","M","M","R","B"],"character_chosen":"IRONCLAD","items_purchased":["Elixir","ReplayTheSpireMod:Strike From Hell","Frozen Eye","Happy Flower"],"campfire_rested":4,"item_purchase_floors":[2,14,46,46],"current_hp_per_floor":[80,80,80,62,68,68,68,50,50,53,59,53,58,58,64,60,99,75,59,47,47,39,79,50,44,44,44,44,44,23,26,69,20,114,117,117,103,103,88,100,24,14,14,61,41,41,32,13,60,0,0],"gold":98,"neow_bonus":"REMOVE_CARD","is_daily":false,"chose_seed":false,"campfire_upgraded":4,"win_rate":0.0,"timestamp":1611021670,"path_taken":["M","$","?","?","M","R","?","E","T","M","R","M","M","$","R","BOSS","M","?","M","$","M","R","M","NM","T","$","?","?","?","M","R","BOSS","M","?","M","?","?","R","M","M","T","R","M","$","?","M","R","BOSS"],"items_purchased_type":["Potion","Card","Relic","Relic"],"build_version":"2020-12-22","purchased_purges":3,"victory":false,"max_hp_per_floor":[80,80,80,80,80,80,80,94,94,94,94,94,94,94,94,99,99,102,102,102,102,105,105,108,108,108,108,108,108,111,114,114,114,114,117,117,117,117,117,117,117,117,117,117,117,117,117,117,117,117,117],"card_choices":[{"not_picked":["Blood for Blood","Entrench"],"picked":"Heavy Blade","floor":1.0},{"not_picked":["Anger","Combust","Metallicize"],"picked":"SKIP","floor":5.0},{"not_picked":["hubris:CleavingFinish","Anger"],"picked":"Shrug It Off","floor":8.0},{"not_picked":["Wild Strike","Thunderclap"],"picked":"Spot Weakness","floor":10.0},{"not_picked":["Blood for Blood","ReplayTheSpireMod:Strike From Hell"],"picked":"True Grit","floor":12.0},{"not_picked":["Armaments","Evolve"],"picked":"ReplayTheSpireMod:Strike From Hell","floor":13.0},{"not_picked":["Replay:Many Hands","Exhume"],"picked":"Feed","floor":16.0},{"not_picked":["ReplayTheSpireMod:Muscle Training","Pommel Strike"],"picked":"Armaments","floor":18.0},{"not_picked":["Spot Weakness","hubris:ReadiedAction+1"],"picked":"Havoc","floor":19.0},{"not_picked":["Searing Blow","Replay:Undeath\u0027s Touch"],"picked":"Spot Weakness+1","floor":20.0},{"not_picked":["Flex","Second Wind"],"picked":"Flame Barrier+1","floor":22.0},{"not_picked":["Perfected Strike","Pummel"],"picked":"Massacre","floor":24.0},{"not_picked":["Hemokinesis","Shockwave","Battle Trance"],"picked":"SKIP","floor":25.0},{"not_picked":["Twin Strike","Heavy Blade","Anger"],"picked":"Sentinel+1","floor":30.0},{"not_picked":["Havoc","Searing Blow","Pummel","Sword Boomerang"],"picked":"SKIP","floor":31.0},{"not_picked":["Run Through","Pommel Strike+1","Perfected Strike"],"picked":"True Grit","floor":35.0},{"not_picked":["Armaments+1","Clothesline","Warcry"],"picked":"Seeing Red","floor":37.0},{"not_picked":["Pommel Strike+1","Demon Form","Body Slam","Armaments+1"],"picked":"SKIP","floor":39},{"not_picked":["Rupture","Sever Soul+1","Armaments","Inflame"],"picked":"SKIP","floor":41},{"not_picked":["Rage","ReplayTheSpireMod:Stacked+1","infinitespire:OneForAll","hubris:ReadiedAction"],"picked":"SKIP","floor":42},{"not_picked":["Shrug It Off+1","Headbutt","Reckless Charge","Juggernaut"],"picked":"SKIP","floor":45},{"not_picked":["Wild Strike+1","Burning Pact+1","ReplayReversal+1","hubris:SharpeningStone"],"picked":"SKIP","floor":47},{"not_picked":["Flex+1","Battle Trance","Massacre","Headbutt+1"],"picked":"SKIP","floor":48}],"player_experience":174887,"relics_obtained":[{"floor":8.0,"key":"Mango"},{"floor":9.0,"key":"Eternal Feather"},{"floor":25.0,"key":"Replay:Multitool"},{"floor":26.0,"key":"Question Card"},{"floor":30.0,"key":"Red Mask"},{"floor":43,"key":"Replay:Bottled Flurry"}],"event_choices":[{"damage_healed":0.0,"max_hp_gain":0.0,"max_hp_loss":0.0,"gold_gain":0.0,"event_name":"Living Wall","player_choice":"Grow","floor":3.0,"gold_loss":0.0,"damage_taken":0.0,"cards_upgraded":["Bash"]},{"damage_healed":0.0,"max_hp_gain":0.0,"max_hp_loss":0.0,"gold_gain":0.0,"event_name":"Scrap Ooze","player_choice":"Success","floor":4.0,"gold_loss":0.0,"damage_taken":18.0,"relics_obtained":["Letter Opener"]},{"damage_healed":0.0,"max_hp_gain":0.0,"max_hp_loss":0.0,"gold_gain":0.0,"event_name":"WeMeetAgain","player_choice":"Gave Potion","floor":7.0,"gold_loss":0.0,"damage_taken":0.0,"relics_obtained":["infinitespire:CursedDice"]},{"damage_healed":0.0,"max_hp_gain":0.0,"max_hp_loss":0.0,"gold_gain":99.0,"event_name":"Nest","player_choice":"Stole From Cult","floor":29.0,"gold_loss":0.0,"damage_taken":0.0},{"damage_healed":0.0,"max_hp_gain":0.0,"max_hp_loss":0.0,"gold_gain":0.0,"event_name":"Masked Bandits","player_choice":"Fought Bandits","floor":30.0,"gold_loss":0.0,"damage_taken":0.0},{"damage_healed":0.0,"max_hp_gain":0.0,"max_hp_loss":0.0,"gold_gain":0.0,"event_name":"Duplicator","player_choice":"Copied","floor":38.0,"gold_loss":0.0,"damage_taken":0.0,"cards_obtained":["Sentinel"]}],"is_beta":false,"boss_relics":[{"not_picked":["hubris:VirtuousBlindfold","Replay:Grab Bag"],"picked":"Empty Cage"},{"not_picked":["Replay:Bronze Core","ReplayTheSpireMod:SealedPack"],"picked":"infinitespire:Cupcake"}],"items_purged_floors":[2,21,27],"is_endless":true,"potions_floor_spawned":[1,8,10,16,18,20,25,30,33,39,42,45,47],"killed_by":"hubris:GrandSnecko","ascension_level":1}}