{"host":"yn8qackkbxgt4nh1","time":1611047765,"event":{"mods":["BaseMod","Colored Map","Colored Powertips","DeckTracker","Minty Spire (QoL Compilation)","SuperFastMode"],"gold_per_floor":[115,115,129,148,167,167,92,92,92,17,37,37,37,65,65,139,139,153,167,167,167,167,167,178,204,257,257,57,57,57,86,86,86,86],"floor_reached":33,"language":"KOR","playtime":1340,"items_purged":["Defend_G","Dagger Throw+1"],"score":544,"play_id":"41b60d65-90ef-4e02-b612-c03a9b2784e6","local_time":"20210119181605","is_ascension_mode":true,"campfire_choices":[{"data":"Deadly Poison","floor":6.0,"key":"SMITH"},{"data":"Neutralize","floor":8.0,"key":"SMITH"},{"data":"Dagger Throw","floor":12.0,"key":"SMITH"},{"floor":15.0,"key":"REST"},{"data":"Noxious Fumes","floor":23.0,"key":"SMITH"},{"data":"Night Terror","floor":27.0,"key":"SMITH"},{"floor":29.0,"key":"REST"},{"data":"Tactician","floor":32.0,"key":"SMITH"}],"circlet_count":0,"master_deck":["AscendersBane","Defend_G","Defend_G","Survivor","Neutralize+1","Dodge and Roll","Deadly Poison+1","Backstab","Backflip","Leg Sweep","Noxious Fumes+1","Night Terror+1","After Image+1","Heel Hook+1","Flechettes+1","Acrobatics+1","Tactician+1"],"relics":["Ring of the Snake","Singing Bowl","Regal Pillow","Tiny Chest","Astrolabe","Pen Nib","Smiling Mask","Bag of Preparation","Dream Catcher"],"acts_visited":["Exordium","TheCity"],"potions_floor_usage":[33],"damage_taken":[{"damage":0.0,"enemies":"Cultist","floor":1.0,"turns":4.0},{"damage":0.0,"enemies":"Small Slimes","floor":3.0,"turns":4.0},{"damage":1.0,"enemies":"Jaw Worm","floor":4.0,"turns":4.0},{"damage":4.0,"enemies":"Looter","floor":5.0,"turns":4.0},{"damage":2.0,"enemies":"2 Fungi Beasts","floor":11.0,"turns":3.0},{"damage":3.0,"enemies":"3 Sentries","floor":14.0,"turns":10.0},{"damage":0.0,"enemies":"The Guardian","floor":16.0,"turns":10.0},{"damage":7.0,"enemies":"2 Thieves","floor":18.0,"turns":4.0},{"damage":0.0,"enemies":"Shell Parasite","floor":19.0,"turns":6.0},{"damage":17.0,"enemies":"Sentry and Sphere","floor":24.0,"turns":6.0},{"damage":10.0,"enemies":"Book of Stabbing","floor":31.0,"turns":6.0},{"damage":67,"enemies":"Automaton","floor":33,"turns":12}],"seed_played":"-2890943048161675863","potions_obtained":[{"floor":4.0,"key":"SpeedPotion"},{"floor":5.0,"key":"ColorlessPotion"},{"floor":14.0,"key":"CunningPotion"},{"floor":16.0,"key":"Weak Potion"},{"floor":19.0,"key":"DuplicationPotion"},{"floor":22.0,"key":"LiquidMemories"},{"floor":31.0,"key":"PowerPotion"}],"is_trial":false,"path_per_floor":["M","?","M","M","M","R","?","R","T","$","M","R","?","E","R","B",null,"M","M","?","?","?","R","M","T","T","R","$","R","?","E","R","B"],"character_chosen":"THE_SILENT","items_purchased":["Bag of Preparation"],"campfire_rested":2,"item_purchase_floors":[28],"current_hp_per_floor":[44,37,37,36,32,32,32,32,32,32,30,30,4,1,35,35,58,53,53,53,53,53,53,38,38,38,38,38,70,70,60,60,0,0],"gold":86,"neow_bonus":"TRANSFORM_TWO_CARDS","is_daily":false,"chose_seed":false,"campfire_upgraded":6,"win_rate":0.0,"timestamp":1611047765,"path_taken":["M","?","M","M","M","R","?","R","T","$","M","R","?","E","R","BOSS","M","M","?","?","?","R","M","?","T","R","$","R","?","E","R","BOSS"],"items_purchased_type":["Relic"],"build_version":"2020-12-22","purchased_purges":2,"victory":false,"max_hp_per_floor":[66,66,66,66,66,66,66,66,66,66,66,66,66,66,66,66,66,68,68,68,68,68,68,70,70,70,70,70,70,70,70,70,70,70],"card_choices":[{"not_picked":["Bane","All Out Attack","Acrobatics"],"picked":"SKIP","floor":1.0},{"not_picked":["Calculated Gamble","Heel Hook"],"picked":"Deadly Poison","floor":3.0},{"not_picked":["Cloak And Dagger","A Thousand Cuts"],"picked":"Backstab","floor":4.0},{"not_picked":["Expertise","Flechettes"],"picked":"Backflip","floor":5.0},{"not_picked":["Poisoned Stab","Finisher"],"picked":"Leg Sweep","floor":11.0},{"not_picked":["Prepared","Flying Knee"],"picked":"Noxious Fumes","floor":14.0},{"not_picked":["Envenom","Glass Knife"],"picked":"Night Terror","floor":16.0},{"not_picked":["Underhanded Strike","Dodge and Roll","Dagger Spray"],"picked":"Singing Bowl","floor":18.0},{"not_picked":["Caltrops","Dagger Spray"],"picked":"Acrobatics+1","floor":19.0},{"not_picked":["Cloak And Dagger","Dagger Spray","Dash+1"],"picked":"Singing Bowl","floor":24.0},{"not_picked":["Dash","Underhanded Strike"],"picked":"Tactician","floor":31.0}],"player_experience":691993,"relics_obtained":[{"floor":9.0,"key":"Singing Bowl"},{"floor":14.0,"key":"Tiny Chest"},{"floor":25.0,"key":"Pen Nib"},{"floor":26.0,"key":"Smiling Mask"},{"floor":31.0,"key":"Dream Catcher"}],"event_choices":[{"cards_removed":["Strike_G"],"damage_healed":0.0,"max_hp_gain":0.0,"max_hp_loss":0.0,"gold_gain":0.0,"event_name":"Golden Wing","player_choice":"Card Removal","floor":2.0,"gold_loss":0.0,"damage_taken":7.0},{"cards_removed":["Strike_G"],"damage_healed":0.0,"max_hp_gain":0.0,"max_hp_loss":0.0,"gold_gain":0.0,"event_name":"The Cleric","player_choice":"Card Removal","floor":7.0,"gold_loss":75.0,"damage_taken":0.0},{"damage_healed":0.0,"max_hp_gain":0.0,"max_hp_loss":0.0,"gold_gain":0.0,"event_name":"Scrap Ooze","player_choice":"Success","floor":13.0,"gold_loss":0.0,"damage_taken":26.0,"relics_obtained":["Regal Pillow"]},{"damage_healed":0.0,"max_hp_gain":0.0,"max_hp_loss":0.0,"gold_gain":0.0,"event_name":"Vampires","player_choice":"Ignored","floor":20.0,"gold_loss":0.0,"damage_taken":0.0},{"damage_healed":0.0,"max_hp_gain":0.0,"max_hp_loss":0.0,"gold_gain":0.0,"event_name":"The Mausoleum","player_choice":"Ignored","floor":21.0,"gold_loss":0.0,"damage_taken":0.0},{"damage_healed":0.0,"max_hp_gain":0.0,"max_hp_loss":0.0,"gold_gain":0.0,"event_name":"Lab","player_choice":"Got Potions","floor":22.0,"gold_loss":0.0,"damage_taken":0.0},{"damage_healed":0.0,"max_hp_gain":0.0,"max_hp_loss":0.0,"gold_gain":0.0,"event_name":"Ghosts","player_choice":"Ignored","floor":30.0,"gold_loss":0.0,"damage_taken":0.0}],"is_beta":false,"boss_relics":[{"not_picked":["Busted Crown","Tiny House"],"picked":"Astrolabe"}],"items_purged_floors":[10,28],"is_endless":false,"potions_floor_spawned":[4,5,14,16,19,31],"killed_by":"Automaton","ascension_level":15}}