{"host":"7fyy23rucerupe6i","time":1611030637,"event":{"mods":["AchievementEnabler","Act Like it!","BaseMod","BetterRewards","Colored Map","Colored Powertips","Conspire","Custom Start","Downfall","Marisa£®ÏF”Í°°ƒß¿Ì…≥£©","Minty Spire (QoL Compilation)","Quick Restart","Shop Mod","Spicy Shops","StSLib","SuperFastMode","The Factory","The Jungle","UnlockEverythingMod"],"gold_per_floor":[99,99,99,99,112,112,138,138,148,158,158,170,196,215,235,235,235,235],"floor_reached":16,"language":"ZHS","playtime":560,"items_purged":[],"score":92,"play_id":"8d78ca13-607a-4bb0-9fc6-33b67cc5b4f7","local_time":"20210119123037","is_ascension_mode":false,"campfire_choices":[{"data":"champ:Taunt","floor":1,"key":"SMITH"},{"data":"champ:Duel","floor":8,"key":"SMITH"}],"circlet_count":0,"master_deck":["champ:Strike","champ:Strike","champ:Strike","champ:Strike","champ:Defend","champ:Defend","champ:Defend","champ:Defend","champ:Execute","champ:Taunt+1","champ:RisingSlash","champ:Duel+1","champ:Circumvent","champ:FlashCut","champ:RageSigil","Pain","champ:SkillfulDodge"],"relics":["champ:ChampionCrown","downfall:HeartsMalice","Bag of Preparation","WarpedTongs","MealTicket"],"acts_visited":["Exordium"],"potions_floor_usage":[15,16,16,16],"damage_taken":[{"damage":0,"enemies":"Cultist","floor":2,"turns":1},{"damage":0,"enemies":"Small Slimes","floor":3,"turns":1},{"damage":0,"enemies":"2 Louse","floor":4,"turns":1},{"damage":23,"enemies":"Gremlin Gang","floor":5,"turns":4},{"damage":16,"enemies":"Exordium Wildlife","floor":9,"turns":3},{"damage":16,"enemies":"3 Louse","floor":10,"turns":3},{"damage":13,"enemies":"Large Slime","floor":12,"turns":5},{"damage":4,"enemies":"Red Slaver","floor":14,"turns":2},{"damage":3,"enemies":"Exordium Thugs","floor":15,"turns":3},{"damage":54,"enemies":"DF_ARCHETYPE_STREAMLINE","floor":16,"turns":10}],"seed_played":"-8521633467423725867","potions_obtained":[{"floor":5,"key":"Fire Potion"},{"floor":9,"key":"Explosive Potion"},{"floor":10,"key":"Guardian:BlockOnCardUsePotion"},{"floor":12,"key":"champ:CounterPotion"},{"floor":15,"key":"DuplicationPotion"}],"is_trial":false,"path_per_floor":["R","M","M","M","M","?","T","R","M","M","?","M","T","M","M","B"],"character_chosen":"THE_CHAMP","items_purchased":[],"campfire_rested":0,"item_purchase_floors":[],"current_hp_per_floor":[90,90,90,90,77,77,77,77,71,65,65,62,62,58,55,1,1,1],"gold":235,"neow_bonus":"THREE_ENEMY_KILL","is_daily":false,"chose_seed":false,"campfire_upgraded":2,"win_rate":0.0,"timestamp":1611030637,"path_taken":["R","M","M","?","M","?","T","R","?","M","?","?","?","?","M","BOSS"],"items_purchased_type":[],"build_version":"2020-12-22","purchased_purges":0,"victory":false,"max_hp_per_floor":[90,90,90,90,90,90,90,90,90,90,90,90,90,90,90,90,90,90],"card_choices":[{"not_picked":["champ:PerfectedStrike","champ:ShieldSlam"],"picked":"champ:RisingSlash","floor":2},{"not_picked":["champ:PreciseThrust","champ:ShieldSigil"],"picked":"champ:Duel","floor":3},{"not_picked":["champ:AdrenalArmor","champ:PreciseThrust"],"picked":"champ:Circumvent","floor":4},{"not_picked":["champ:BringItOn","champ:Encircle","champ:StanceDance"],"picked":"SKIP","floor":5},{"not_picked":["champ:TornadoPunch","champ:ShieldSigil"],"picked":"champ:FlashCut","floor":9},{"not_picked":["champ:PreemptiveStrike","champ:FancyFootwork"],"picked":"champ:RageSigil","floor":10},{"not_picked":["champ:HeartStrike","champ:TornadoPunch"],"picked":"champ:SkillfulDodge","floor":12},{"not_picked":["champ:DeathBlow","champ:ShieldSigil","champ:Duel"],"picked":"SKIP","floor":14},{"not_picked":["champ:EndlessRage","champ:CrownThrow","champ:BerserkersShout"],"picked":"SKIP","floor":15}],"player_experience":342797,"relics_obtained":[{"floor":7,"key":"Bag of Preparation"},{"floor":13,"key":"MealTicket"}],"event_choices":[{"damage_healed":0,"gold_gain":0,"player_choice":"Rummage","damage_taken":0,"relics_obtained":["WarpedTongs"],"max_hp_gain":0,"max_hp_loss":0,"event_name":"Accursed Blacksmith","floor":11,"gold_loss":0,"cards_obtained":["Pain"]}],"is_beta":false,"boss_relics":[],"items_purged_floors":[],"is_endless":false,"potions_floor_spawned":[5,9,10,12,15],"killed_by":"DF_ARCHETYPE_STREAMLINE","ascension_level":0}}