{"host":"omsykib0woddca32","time":1611040897,"event":{"mods":["BaseMod","Colored Powertips","Lobotomy","Minty Spire (QoL Compilation)","Random Character Button","Shop Mod","StSLib"],"gold_per_floor":[110,128,203,222,233,233,250,261,261,279,291,323,17,33,33,129,129,140,151,166,166,186,218,218,218,218,231,245,258,33,49,49,145,145,160,180,3,17,17,17,17],"floor_reached":40,"language":"ZHS","playtime":2109,"items_purged":["Strike_P","Defend_P"],"score":470,"play_id":"ab129cfe-ed02-4923-a8ae-74c562ff5470","local_time":"20210119152137","is_ascension_mode":false,"campfire_choices":[{"data":"Eruption","floor":6.0,"key":"SMITH"},{"floor":15.0,"key":"REST"},{"data":"ClearTheMind","floor":25.0,"key":"SMITH"},{"floor":32.0,"key":"REST"}],"circlet_count":0,"master_deck":["Strike_P","Strike_P","Strike_P+1","Defend_P","Defend_P","Defend_P","Eruption+1","Vigilance","FlurryOfBlows","ReachHeaven+1","Crescendo","ClearTheMind+1","Ragnarok+1","DevaForm","Omniscience","Fasting2"],"relics":["PureWater","Singing Bowl","Whetstone","Velvet Choker","Dream Catcher","Nloth\u0027s Gift","Centennial Puzzle","Sozu"],"acts_visited":["Exordium","TheCity","TheBeyond"],"potions_floor_usage":[],"damage_taken":[{"damage":3.0,"enemies":"2 Louse","floor":1.0,"turns":2.0},{"damage":0.0,"enemies":"Cultist","floor":2.0,"turns":3.0},{"damage":1.0,"enemies":"Jaw Worm","floor":4.0,"turns":4.0},{"damage":21.0,"enemies":"Gremlin Gang","floor":5.0,"turns":6.0},{"damage":8.0,"enemies":"Lots of Slimes","floor":7.0,"turns":4.0},{"damage":3.0,"enemies":"3 Louse","floor":8.0,"turns":4.0},{"damage":23.0,"enemies":"Exordium Thugs","floor":10.0,"turns":4.0},{"damage":2.0,"enemies":"Blue Slaver","floor":11.0,"turns":2.0},{"damage":5.0,"enemies":"Lagavulin","floor":12.0,"turns":6.0},{"damage":0.0,"enemies":"Gremlin Gang","floor":14.0,"turns":4.0},{"damage":20.0,"enemies":"Hexaghost","floor":16.0,"turns":9.0},{"damage":15.0,"enemies":"2 Thieves","floor":18.0,"turns":3.0},{"damage":0.0,"enemies":"Spheric Guardian","floor":19.0,"turns":2.0},{"damage":0.0,"enemies":"Snake Plant","floor":20.0,"turns":1.0},{"damage":2.0,"enemies":"Cultist and Chosen","floor":22.0,"turns":3.0},{"damage":21.0,"enemies":"Gremlin Leader","floor":23.0,"turns":4.0},{"damage":0.0,"enemies":"Centurion and Healer","floor":27.0,"turns":3.0},{"damage":16.0,"enemies":"Snake Plant","floor":28.0,"turns":3.0},{"damage":11.0,"enemies":"Sentry and Sphere","floor":29.0,"turns":4.0},{"damage":10.0,"enemies":"Cultist and Chosen","floor":31.0,"turns":6.0},{"damage":20.0,"enemies":"Champ","floor":33.0,"turns":5.0},{"damage":5.0,"enemies":"Orb Walker","floor":35.0,"turns":2.0},{"damage":21.0,"enemies":"3 Darklings","floor":36.0,"turns":4.0},{"damage":16.0,"enemies":"4 Shapes","floor":38.0,"turns":2.0},{"damage":78,"enemies":"Nemesis","floor":40,"turns":4}],"seed_played":"-186984132675498796","potions_obtained":[{"floor":5.0,"key":"BottledMiracle"},{"floor":8.0,"key":"BlessingOfTheForge"},{"floor":10.0,"key":"AttackPotion"},{"floor":12.0,"key":"LiquidMemories"},{"floor":20.0,"key":"SteroidPotion"},{"floor":22.0,"key":"DuplicationPotion"},{"floor":28.0,"key":"Explosive Potion"},{"floor":31.0,"key":"SkillPotion"}],"is_trial":false,"path_per_floor":["M","M","?","M","M","R","M","M","T","M","M","E","$","M","R","B",null,"M","M","M","?","M","E","?","R","T","M","M","M","$","M","R","B",null,"M","M","$","M","$","E"],"character_chosen":"WATCHER","items_purchased":["Ragnarok","Whetstone","Centennial Puzzle","Fasting2"],"campfire_rested":2,"item_purchase_floors":[13,13,30,37],"current_hp_per_floor":[69,69,62,61,40,40,32,29,29,8,8,5,5,7,31,13,82,69,71,73,73,73,54,54,54,54,56,42,31,31,23,54,34,100,97,78,78,64,64,0,0],"gold":17,"neow_bonus":"","is_daily":false,"chose_seed":false,"campfire_upgraded":2,"win_rate":0.0,"timestamp":1611040897,"path_taken":["M","M","?","M","M","R","M","M","T","M","M","E","$","M","R","BOSS","M","M","M","?","M","E","?","R","T","M","M","M","$","M","R","BOSS","M","M","?","M","$","E"],"items_purchased_type":["Card","Relic","Relic","Card"],"build_version":"2020-12-22","purchased_purges":2,"victory":false,"max_hp_per_floor":[72,72,72,72,72,72,72,72,72,74,76,78,78,80,80,82,82,84,86,88,88,90,92,92,92,92,94,96,96,96,98,100,100,100,102,104,104,106,106,106,106],"card_choices":[{"not_picked":["FollowUp","Prostrate"],"picked":"FlurryOfBlows","floor":1.0},{"not_picked":["InnerPeace","FearNoEvil"],"picked":"ReachHeaven","floor":2.0},{"not_picked":["Consecrate","Evaluate","EmptyFist"],"picked":"SKIP","floor":4.0},{"not_picked":["ThirdEye","ReachHeaven"],"picked":"Crescendo","floor":5.0},{"not_picked":["Meditate","Consecrate"],"picked":"ClearTheMind","floor":7.0},{"not_picked":["FlyingSleeves","Pray","EmptyBody"],"picked":"SKIP","floor":8.0},{"not_picked":["Swivel","Evaluate","EmptyFist"],"picked":"Singing Bowl","floor":10.0},{"not_picked":["FlyingSleeves","LikeWater","BowlingBash"],"picked":"Singing Bowl","floor":11.0},{"not_picked":["FollowUp","FlurryOfBlows","Swivel"],"picked":"Singing Bowl","floor":12.0},{"not_picked":["Evaluate","JustLucky","Sanctity"],"picked":"Singing Bowl","floor":14.0},{"not_picked":["Ragnarok","Alpha","Brilliance"],"picked":"Singing Bowl","floor":16.0},{"not_picked":["FollowUp+1","FlyingSleeves","PathToVictory"],"picked":"Singing Bowl","floor":18.0},{"not_picked":["BowlingBash","CrushJoints+1","JustLucky"],"picked":"Singing Bowl","floor":19.0},{"not_picked":["JustLucky","Protect","EmptyFist"],"picked":"Singing Bowl","floor":20.0},{"not_picked":["TalkToTheHand","Collect","WaveOfTheHand"],"picked":"Singing Bowl","floor":22.0},{"not_picked":["FollowUp","JustLucky","EmptyFist"],"picked":"Singing Bowl","floor":23.0},{"not_picked":["FlurryOfBlows","Evaluate+1","EmptyFist+1"],"picked":"Singing Bowl","floor":27.0},{"not_picked":["Meditate+1","ClearTheMind","CutThroughFate"],"picked":"Singing Bowl","floor":28.0},{"not_picked":["Halt+1","Collect"],"picked":"DevaForm","floor":29.0},{"not_picked":["FlurryOfBlows","Halt","SashWhip"],"picked":"Singing Bowl","floor":31.0},{"not_picked":["EmptyBody","Worship","LikeWater"],"picked":"Singing Bowl","floor":32.0},{"not_picked":["Alpha","Vault"],"picked":"Omniscience","floor":33.0},{"not_picked":["EmptyBody","Consecrate+1","Omniscience"],"picked":"Singing Bowl","floor":35.0},{"not_picked":["Meditate","Perseverance","SashWhip+1"],"picked":"Singing Bowl","floor":36.0},{"not_picked":["EmptyBody+1","Evaluate+1","Crescendo"],"picked":"Singing Bowl","floor":38.0}],"player_experience":95334,"relics_obtained":[{"floor":9.0,"key":"Singing Bowl"},{"floor":12.0,"key":"Juzu Bracelet"},{"floor":23.0,"key":"Dream Catcher"}],"event_choices":[{"damage_healed":0.0,"max_hp_gain":0.0,"max_hp_loss":0.0,"gold_gain":75.0,"event_name":"FaceTrader","player_choice":"Touch","floor":3.0,"gold_loss":0.0,"damage_taken":7.0},{"damage_healed":0.0,"max_hp_gain":0.0,"max_hp_loss":0.0,"gold_gain":0.0,"event_name":"Accursed Blacksmith","player_choice":"Forge","floor":21.0,"gold_loss":0.0,"damage_taken":0.0,"cards_upgraded":["Ragnarok"]},{"damage_healed":0.0,"max_hp_gain":0.0,"max_hp_loss":0.0,"gold_gain":0.0,"event_name":"N\u0027loth","player_choice":"Traded Relic","floor":24.0,"relics_lost":["Juzu Bracelet"],"gold_loss":0.0,"damage_taken":0.0,"relics_obtained":["Nloth\u0027s Gift"]}],"is_beta":false,"boss_relics":[{"not_picked":["Empty Cage","Pandora\u0027s Box"],"picked":"Velvet Choker"},{"not_picked":["Black Star","Busted Crown"],"picked":"Sozu"}],"items_purged_floors":[30,37],"is_endless":false,"potions_floor_spawned":[5,8,10,12,16,20,22,28,31,38],"killed_by":"Nemesis","ascension_level":0}}