{"host":"6wux4armhsntp4yb","time":1611059793,"event":{"mods":["BaseMod","Colored Map","DeckTracker","Minty Spire (QoL Compilation)","Relic Stats"],"gold_per_floor":[111,127,147,72,72,72,107,107,133,164,178,8,23,23,23,99,99,112,12,28,43,43,43,74,90,90,90,109,128,128,161,161,240,240,257,257,257,269,94,94,148,148,148,162,176,208,51,51,51,51,51,51,51,12,45,45,45],"floor_reached":56,"language":"JPN","playtime":4403,"items_purged":["Strike_G","Strike_G","Strike_G"],"score":2100,"play_id":"63fe5560-4e6f-4d88-bebc-f2bd85c7f401","local_time":"20210119213633","is_ascension_mode":true,"campfire_choices":[{"data":"Eviscerate","floor":6.0,"key":"SMITH"},{"data":"Acrobatics","floor":8.0,"key":"SMITH"},{"data":"Eviscerate","floor":15.0,"key":"SMITH"},{"data":"Tactician","floor":23.0,"key":"SMITH"},{"data":"A Thousand Cuts","floor":27.0,"key":"SMITH"},{"data":"Reflex","floor":30.0,"key":"SMITH"},{"data":"Neutralize","floor":32.0,"key":"SMITH"},{"data":"Concentrate","floor":40.0,"key":"SMITH"},{"data":"Wraith Form v2","floor":42.0,"key":"SMITH"},{"floor":49.0,"key":"RECALL"},{"data":"Secret Technique","floor":53.0,"key":"SMITH"}],"circlet_count":0,"master_deck":["AscendersBane","Strike_G","Defend_G","Defend_G","Defend_G","Defend_G","Defend_G","Survivor","Neutralize+1","Eviscerate+1","Tactician+1","Footwork","Neutralize+1","Acrobatics+1","Heel Hook","Dagger Throw","Eviscerate+1","Deflect","A Thousand Cuts+1","Escape Plan","Escape Plan","Slice","Reflex+1","Wraith Form v2+1","Concentrate+1","Secret Technique+1","Impatience","Purity","Prepared","PiercingWail+1","Calculated Gamble"],"relics":["Ring of the Snake","Bronze Scales","Blood Vial","Boot","Runic Pyramid","Kunai","Anchor","SacredBark","CaptainsWheel","White Beast Statue","Bag of Preparation","OrangePellets","Blue Candle","Nunchaku"],"acts_visited":["Exordium","TheCity","TheBeyond","TheEnding"],"potions_floor_usage":[56,56],"damage_taken":[{"damage":0.0,"enemies":"2 Louse","floor":1.0,"turns":4.0},{"damage":2.0,"enemies":"Small Slimes","floor":2.0,"turns":5.0},{"damage":0.0,"enemies":"Cultist","floor":3.0,"turns":3.0},{"damage":18.0,"enemies":"Lagavulin","floor":7.0,"turns":10.0},{"damage":27.0,"enemies":"Gremlin Nob","floor":10.0,"turns":4.0},{"damage":6.0,"enemies":"Large Slime","floor":11.0,"turns":5.0},{"damage":0.0,"enemies":"2 Fungi Beasts","floor":13.0,"turns":2.0},{"damage":1.0,"enemies":"Slime Boss","floor":16.0,"turns":9.0},{"damage":0.0,"enemies":"3 Byrds","floor":18.0,"turns":3.0},{"damage":8.0,"enemies":"Spheric Guardian","floor":20.0,"turns":4.0},{"damage":0.0,"enemies":"Centurion and Healer","floor":21.0,"turns":5.0},{"damage":5.0,"enemies":"Gremlin Leader","floor":24.0,"turns":5.0},{"damage":2.0,"enemies":"Shelled Parasite and Fungi","floor":25.0,"turns":5.0},{"damage":0.0,"enemies":"Cultist and Chosen","floor":28.0,"turns":7.0},{"damage":11.0,"enemies":"Snake Plant","floor":29.0,"turns":3.0},{"damage":0.0,"enemies":"Book of Stabbing","floor":31.0,"turns":5.0},{"damage":0.0,"enemies":"Automaton","floor":33.0,"turns":7.0},{"damage":3.0,"enemies":"3 Shapes","floor":35.0,"turns":4.0},{"damage":0.0,"enemies":"Orb Walker","floor":38.0,"turns":3.0},{"damage":0.0,"enemies":"2 Orb Walkers","floor":41.0,"turns":5.0},{"damage":0.0,"enemies":"4 Shapes","floor":44.0,"turns":5.0},{"damage":3.0,"enemies":"Spire Growth","floor":45.0,"turns":4.0},{"damage":0.0,"enemies":"Giant Head","floor":46.0,"turns":6.0},{"damage":0.0,"enemies":"Awakened One","floor":50.0,"turns":13.0},{"damage":42.0,"enemies":"Time Eater","floor":51.0,"turns":17.0},{"damage":6.0,"enemies":"Shield and Spear","floor":55.0,"turns":5.0},{"damage":54,"enemies":"The Heart","floor":56,"turns":9}],"seed_played":"-5112462107276591326","potions_obtained":[{"floor":3.0,"key":"FearPotion"},{"floor":7.0,"key":"Explosive Potion"},{"floor":10.0,"key":"Block Potion"},{"floor":11.0,"key":"SpeedPotion"},{"floor":25.0,"key":"PowerPotion"},{"floor":28.0,"key":"EssenceOfSteel"},{"floor":33.0,"key":"EntropicBrew"},{"floor":44.0,"key":"AttackPotion"},{"floor":45.0,"key":"Weak Potion"},{"floor":46.0,"key":"CunningPotion"}],"is_trial":false,"path_per_floor":["M","M","M","?","?","R","E","R","T","E","M","$","M","?","R","B",null,"M","$","M","M","?","R","E","M","T","R","M","M","R","E","R","B",null,"M","?","?","M","$","R","?","R","T","M","M","E","$","?","R","B","B",null,"R","$","E","B"],"character_chosen":"THE_SILENT","items_purchased":["Eviscerate","BlessingOfTheForge","Prepared","OrangePellets","Calculated Gamble"],"campfire_rested":0,"item_purchase_floors":[12,12,39,47,54],"current_hp_per_floor":[59,57,57,57,57,57,39,39,39,14,10,10,12,34,34,35,58,60,60,54,56,56,56,53,53,53,53,55,46,46,48,48,50,62,61,51,47,49,49,49,51,51,51,53,52,54,54,54,54,56,16,54,54,54,50,0,0],"gold":45,"neow_bonus":"UPGRADE_CARD","is_daily":false,"chose_seed":false,"campfire_upgraded":10,"win_rate":0.0,"timestamp":1611059793,"path_taken":["M","M","M","?","?","R","E","R","T","E","M","$","?","?","R","BOSS","M","$","M","M","?","R","E","M","T","R","M","M","R","E","R","BOSS","M","?","?","?","$","R","?","R","T","M","M","E","$","?","R","BOSS","BOSS","R","$","E","BOSS"],"items_purchased_type":["Card","Potion","Card","Relic","Card"],"build_version":"2020-12-22","purchased_purges":3,"victory":false,"max_hp_per_floor":[66,66,66,66,66,66,66,66,66,66,66,66,66,66,66,66,66,66,66,66,66,66,66,66,66,66,66,66,66,66,66,66,66,66,66,66,66,66,66,66,66,66,66,66,66,66,66,66,66,66,66,66,66,66,66,66,66],"relic_stats":{"Blood Vial":46,"OrangePellets":[9],"Nunchaku":[3],"counters":[27,157],"Bronze Scales":[526],"Blue Candle":[0],"Bag of Preparation":[8],"Kunai":[78],"Boot":[166],"obtain_stats":[{"SacredBark":34,"Blue Candle":48,"Bag of Preparation":46,"Boot":10,"White Beast Statue":43,"Blood Vial":9,"OrangePellets":47,"Anchor":31,"CaptainsWheel":41,"Nunchaku":55,"Bronze Scales":7,"Kunai":24,"Ring of the Snake":0,"Runic Pyramid":17},{"SacredBark":17,"Blue Candle":23,"Bag of Preparation":23,"Boot":5,"White Beast Statue":20,"Blood Vial":4,"OrangePellets":23,"Anchor":16,"CaptainsWheel":20,"Nunchaku":26,"Bronze Scales":4,"Kunai":12,"Ring of the Snake":0,"Runic Pyramid":8},{"SacredBark":86,"Blue Candle":113,"Bag of Preparation":113,"Boot":26,"White Beast Statue":98,"Blood Vial":22,"OrangePellets":113,"Anchor":79,"CaptainsWheel":98,"Nunchaku":148,"Bronze Scales":22,"Kunai":59,"Ring of the Snake":0,"Runic Pyramid":42}],"Ring of the Snake":[54]},"card_choices":[{"not_picked":["Prepared","Backflip"],"picked":"Eviscerate","floor":1.0},{"not_picked":["Choke","Caltrops"],"picked":"Tactician","floor":2.0},{"not_picked":["Distraction","Outmaneuver"],"picked":"Footwork","floor":3.0},{"not_picked":["Sucker Punch","Slice"],"picked":"Acrobatics","floor":7.0},{"not_picked":["Outmaneuver","Dagger Spray"],"picked":"Heel Hook","floor":10.0},{"not_picked":["Leg Sweep","Riddle With Holes"],"picked":"Dagger Throw","floor":11.0},{"not_picked":["Glass Knife","Bane"],"picked":"Deflect","floor":13.0},{"not_picked":["Night Terror","Phantasmal Killer"],"picked":"A Thousand Cuts","floor":16.0},{"not_picked":["Outmaneuver","Dodge and Roll"],"picked":"Backstab","floor":18.0},{"not_picked":["Quick Slash","Deflect"],"picked":"Escape Plan","floor":20.0},{"not_picked":["Backflip","Sucker Punch","Flechettes"],"picked":"SKIP","floor":21.0},{"not_picked":["Glass Knife","Infinite Blades"],"picked":"Escape Plan","floor":24.0},{"not_picked":["Setup","Well Laid Plans"],"picked":"Slice","floor":25.0},{"not_picked":["Slice","Underhanded Strike"],"picked":"Reflex","floor":28.0},{"not_picked":["Bane","Flying Knee+1","Underhanded Strike"],"picked":"SKIP","floor":29.0},{"not_picked":["Noxious Fumes","Infinite Blades","Reflex"],"picked":"SKIP","floor":31.0},{"not_picked":["Corpse Explosion","Bullet Time"],"picked":"Wraith Form v2","floor":33.0},{"not_picked":["PiercingWail","Quick Slash+1"],"picked":"Concentrate","floor":35.0},{"not_picked":["Purity","Blind"],"picked":"Secret Technique","floor":36.0},{"not_picked":["Panacea","Mind Blast"],"picked":"Impatience","floor":36.0},{"not_picked":["Metamorphosis","Enlightenment"],"picked":"Purity","floor":36.0},{"not_picked":["Flechettes","Bane","Flying Knee"],"picked":"SKIP","floor":38.0},{"not_picked":["Quick Slash","Dodge and Roll","Underhanded Strike"],"picked":"SKIP","floor":44.0},{"not_picked":["Bouncing Flask","Leg Sweep+1"],"picked":"PiercingWail+1","floor":45.0},{"not_picked":["Distraction","Masterful Stab+1","Terror"],"picked":"SKIP","floor":46.0},{"not_picked":["Blade Dance","Dagger Spray+1","Well Laid Plans"],"picked":"SKIP","floor":55.0}],"player_experience":5809364,"relics_obtained":[{"floor":7.0,"key":"Bronze Scales"},{"floor":9.0,"key":"Blood Vial"},{"floor":10.0,"key":"Boot"},{"floor":24.0,"key":"Kunai"},{"floor":31.0,"key":"Anchor"},{"floor":41.0,"key":"CaptainsWheel"},{"floor":43.0,"key":"White Beast Statue"},{"floor":46.0,"key":"Bag of Preparation"},{"floor":55.0,"key":"Nunchaku"}],"event_choices":[{"cards_removed":["Strike_G"],"damage_healed":0.0,"max_hp_gain":0.0,"max_hp_loss":0.0,"gold_gain":0.0,"event_name":"The Cleric","player_choice":"Card Removal","floor":4.0,"gold_loss":75.0,"damage_taken":0.0},{"damage_healed":0.0,"max_hp_gain":0.0,"max_hp_loss":0.0,"gold_gain":0.0,"event_name":"Match and Keep!","player_choice":"1 cards matched","floor":5.0,"gold_loss":0.0,"damage_taken":0.0,"cards_obtained":["Neutralize"]},{"damage_healed":22.0,"max_hp_gain":0.0,"max_hp_loss":0.0,"gold_gain":0.0,"event_name":"Big Fish","player_choice":"Banana","floor":14.0,"gold_loss":0.0,"damage_taken":0.0},{"damage_healed":0.0,"max_hp_gain":0.0,"max_hp_loss":0.0,"gold_gain":0.0,"event_name":"Ghosts","player_choice":"Ignored","floor":22.0,"gold_loss":0.0,"damage_taken":0.0},{"damage_healed":0.0,"max_hp_gain":0.0,"max_hp_loss":0.0,"gold_gain":0.0,"event_name":"SensoryStone","player_choice":"Memory 3","floor":36.0,"gold_loss":0.0,"damage_taken":10.0},{"damage_healed":0.0,"max_hp_gain":0.0,"max_hp_loss":0.0,"gold_gain":0.0,"event_name":"The Woman in Blue","player_choice":"Bought 0 Potions","floor":37.0,"gold_loss":0.0,"damage_taken":0.0},{"damage_healed":0.0,"max_hp_gain":0.0,"max_hp_loss":0.0,"gold_gain":0.0,"event_name":"Mysterious Sphere","player_choice":"Fight","floor":41.0,"gold_loss":0.0,"damage_taken":0.0},{"cards_removed":["Backstab"],"damage_healed":0.0,"max_hp_gain":0.0,"max_hp_loss":0.0,"gold_gain":0.0,"event_name":"WeMeetAgain","player_choice":"Gave Card","floor":48.0,"gold_loss":0.0,"damage_taken":0.0,"relics_obtained":["Blue Candle"]}],"is_beta":false,"boss_relics":[{"not_picked":["Ectoplasm","Ring of the Serpent"],"picked":"Runic Pyramid"},{"not_picked":["Runic Dome","Snecko Eye"],"picked":"SacredBark"}],"items_purged_floors":[12,19,39],"is_endless":false,"potions_floor_spawned":[3,7,10,11,25,28,33,38,44,45,46,55],"killed_by":"The Heart","ascension_level":20}}