{"host":"6drv1qzpbnls60z2","time":1611067538,"event":{"mods":["ATMod(°¢èªMod)","Act Like it!","Arknights The Spire","BaseMod","Hallownest","Luminous","Minty Spire (QoL Compilation)","Reimu£¨²©ÀöÁéÃÎ£©","Replay The Spire","Shop Mod","Spicy Shops","StSLib","TheWitcher","Uncapped","²ÐÁôÖ®Îï","óô»ðÖ¸ÄÏ"],"gold_per_floor":[115,115,176,234,36,36,81,81],"floor_reached":7,"language":"ZHS","playtime":504,"items_purged":[],"score":182,"play_id":"01360026-dd97-40da-9588-b4ca9a9d8b3e","local_time":"20210119224538","daily_mods":["Diverse"],"is_ascension_mode":true,"campfire_choices":[{"floor":6,"key":"REST"}],"circlet_count":0,"master_deck":["AscendersBane","ats:Strike C","ats:Strike G","ats:Strike S","ats:Strike V","ats:Armor Crushing Shot","ats:Defend","ats:Defend","ats:Defend","ats:Defend","ats:Emotion Absorption","AT_FamilyPortrait","ats:Neurotoxin","Delirium","ats:Powerful Strike","Luminous:Armageddon_Luminous","SnafuTest:PowerAlwaysOnRoads","SnafuTest:PowerAlwaysOnRoads"],"relics":["ats:Sanity","AT_ATBox","ReplayTheSpireMod:Ring of Challenge","MerchantsRug"],"acts_visited":["Exordium"],"potions_floor_usage":[4,7],"damage_taken":[{"damage":14,"enemies":"Jaw Worm","floor":1,"turns":3},{"damage":17,"enemies":"2 Louse","floor":3,"turns":4},{"damage":29,"enemies":"Cultist","floor":4,"turns":5},{"damage":28,"enemies":"Gremlin Nob","floor":7,"turns":3}],"seed_played":"115371894083495350","potions_obtained":[{"floor":1,"key":"LiquidMemories"},{"floor":4,"key":"Block Potion"}],"is_trial":true,"path_per_floor":["M","?","M","M","$","R","E"],"character_chosen":"DOCTOR_CLASS","items_purchased":["SnafuTest:PowerAlwaysOnRoads","MerchantsRug"],"campfire_rested":1,"item_purchase_floors":[5,5],"current_hp_per_floor":[51,51,34,5,5,26,0,0],"gold":81,"neow_bonus":"","is_daily":false,"chose_seed":false,"campfire_upgraded":0,"win_rate":0.0,"timestamp":1611067538,"path_taken":["M","?","M","M","$","R","E"],"items_purchased_type":["Card","Relic"],"build_version":"2020-12-22","purchased_purges":0,"victory":false,"max_hp_per_floor":[72,72,72,72,72,72,72,72],"card_choices":[{"not_picked":["Poisoned Stab","SnafuTest:NoPass"],"picked":"ats:Neurotoxin","floor":1},{"not_picked":["Skewer","SnafuTest:FirstAid"],"picked":"ats:Powerful Strike","floor":3},{"not_picked":["SnafuTest:SuddenPuncture","Battle Trance"],"picked":"Luminous:Armageddon_Luminous","floor":4}],"player_experience":83231,"relics_obtained":[{"floor":2,"key":"ReplayTheSpireMod:Ring of Challenge"}],"event_choices":[],"is_beta":false,"boss_relics":[],"items_purged_floors":[],"is_endless":true,"potions_floor_spawned":[1,4],"killed_by":"Gremlin Nob","ascension_level":20}}