{"host":"f5n4tidiz2n5sooh","time":1611030407,"event":{"mods":["BaseMod","Colored Map","Minty Spire (QoL Compilation)","Relic Stats","Slay the Relics Exporter","StSLib"],"gold_per_floor":[119,136,4,14,14,14,14,14,14,45,75,87,99,140,152,164,164],"floor_reached":16,"language":"ENG","playtime":656,"items_purged":["Searing Blow"],"score":216,"play_id":"782c9512-eef9-481e-8716-c376a875fb6a","local_time":"20210118222647","is_ascension_mode":true,"campfire_choices":[{"data":"Bash","floor":6,"key":"SMITH"},{"data":"Whirlwind","floor":8,"key":"SMITH"},{"data":"True Grit","floor":12,"key":"SMITH"},{"data":"Flame Barrier","floor":15,"key":"SMITH"}],"circlet_count":0,"master_deck":["AscendersBane","Bash+1","Ghostly Armor","Burning Pact","Dark Embrace+1","Ghostly Armor","Whirlwind+1","Fiend Fire","Iron Wave+1","Reaper","Shrug It Off","True Grit+1","Shrug It Off","Flame Barrier+1"],"relics":["Pandora\u0027s Box","Ornamental Fan","MawBank","Anchor"],"acts_visited":["Exordium"],"potions_floor_usage":[11,14,14],"damage_taken":[{"damage":6,"enemies":"2 Louse","floor":1,"turns":3},{"damage":0,"enemies":"Small Slimes","floor":2,"turns":3},{"damage":3,"enemies":"Cultist","floor":4,"turns":4},{"damage":39,"enemies":"Gremlin Nob","floor":10,"turns":4},{"damage":0,"enemies":"3 Louse","floor":11,"turns":1},{"damage":21,"enemies":"Lagavulin","floor":14,"turns":8},{"damage":7,"enemies":"The Guardian","floor":16,"turns":2}],"seed_played":"-1583016576004372204","potions_obtained":[{"floor":1,"key":"BloodPotion"},{"floor":4,"key":"Dexterity Potion"},{"floor":11,"key":"Fruit Juice"}],"is_trial":false,"path_per_floor":["M","M","$","M","?","R","?","R","T","E","M","R","?","E","R","B"],"character_chosen":"IRONCLAD","items_purchased":["True Grit"],"campfire_rested":0,"item_purchase_floors":[3],"current_hp_per_floor":[63,63,63,63,40,40,40,40,40,7,22,22,22,6,6,0,0],"gold":164,"neow_bonus":"BOSS_RELIC","is_daily":false,"chose_seed":false,"campfire_upgraded":4,"win_rate":0.0,"timestamp":1611030407,"path_taken":["M","M","$","M","?","R","?","R","T","E","?","R","?","E","R","BOSS"],"items_purchased_type":["Card"],"build_version":"2020-12-22","purchased_purges":1,"victory":false,"max_hp_per_floor":[75,75,75,75,75,75,75,75,75,75,75,75,75,80,80,80,80],"relic_stats":{"counters":[7,25],"Ornamental Fan":[8],"Pandora\u0027s Box":["Ghostly Armor","Searing Blow","Burning Pact","Dark Embrace","Ghostly Armor","Whirlwind","Fiend Fire","Iron Wave","Reaper"],"MawBank":72,"obtain_stats":[{"Anchor":14,"Ornamental Fan":9,"Pandora\u0027s Box":0,"MawBank":10,"Burning Blood":0},{"Anchor":6,"Ornamental Fan":3,"Pandora\u0027s Box":0,"MawBank":4,"Burning Blood":0},{"Anchor":23,"Ornamental Fan":10,"Pandora\u0027s Box":0,"MawBank":14,"Burning Blood":0}]},"card_choices":[{"not_picked":["Sever Soul","Headbutt","Heavy Blade"],"picked":"SKIP","floor":1},{"not_picked":["Heavy Blade","Iron Wave"],"picked":"Shrug It Off","floor":2},{"not_picked":["Sword Boomerang","Iron Wave","Flex"],"picked":"SKIP","floor":4},{"not_picked":["Rage","Combust"],"picked":"Shrug It Off","floor":10},{"not_picked":["Clash","Sword Boomerang","Anger"],"picked":"SKIP","floor":11},{"not_picked":["Pommel Strike","Sever Soul"],"picked":"Flame Barrier","floor":14}],"player_experience":2015143,"relics_obtained":[{"floor":9,"key":"Ornamental Fan"},{"floor":10,"key":"MawBank"},{"floor":14,"key":"Anchor"}],"event_choices":[{"damage_healed":0,"gold_gain":0,"player_choice":"Entered Light","damage_taken":23,"max_hp_gain":0,"max_hp_loss":0,"event_name":"Shining Light","floor":5,"gold_loss":0,"cards_upgraded":["Dark Embrace","Iron Wave"]},{"damage_healed":0,"gold_gain":0,"player_choice":"Cursed","damage_taken":0,"max_hp_gain":0,"max_hp_loss":0,"event_name":"Wheel of Change","floor":7,"gold_loss":0,"cards_obtained":["Decay"]},{"cards_removed":["Decay"],"damage_healed":0,"gold_gain":0,"player_choice":"Forget","damage_taken":0,"max_hp_gain":0,"max_hp_loss":0,"event_name":"Living Wall","floor":13,"gold_loss":0}],"is_beta":false,"boss_relics":[],"items_purged_floors":[3],"is_endless":false,"potions_floor_spawned":[1,4,11],"killed_by":"The Guardian","ascension_level":20}}