{"host":"ecaj4hn004xnnrw9","time":1611055072,"event":{"mods":["AchievementEnabler","BaseMod","Better Third Choice","Card Forge","Hermit","Hubris","Infinite Spire","Jorbs\u0027s Wanderer Trilogy","Minty Spire (QoL Compilation)","Quick Restart","Relic Stats","Shop Mod","StSLib","The Construct","The Jungle","The Runesmith"],"gold_per_floor":[117,127,39,39,58,83,95,20,66,42,42,42,55,70,70,167,167,179,29,29,29],"floor_reached":20,"language":"ENG","playtime":1186,"items_purged":["Strike_G","Strike_G"],"score":280,"play_id":"75a966b7-de6e-42a8-a224-6eb3bdfb883c","local_time":"20210119111752","is_ascension_mode":true,"campfire_choices":[{"data":"Deadly Poison","floor":11,"key":"SMITH"},{"data":"Bouncing Flask","floor":15,"key":"SMITH"}],"circlet_count":0,"master_deck":["Strike_G","Strike_G","Strike_G","Defend_G","Defend_G","Defend_G","Defend_G","Defend_G","Survivor","Neutralize","After Image","Poisoned Stab","Dagger Throw","Dagger Spray","Bouncing Flask+1","Skewer","Burst","Backflip","Deadly Poison+1","After Image","PiercingWail","Poisoned Stab"],"relics":["Ring of the Snake","Hammer of Thor","Seething Fire","Anvil of the Gods","hubris:TinFlute","hubris:ToyBattleship","infinitespire:Lucky Rock","SlaversCollar"],"acts_visited":["Exordium","TheCity"],"potions_floor_usage":[4,6,14,16,16,18],"damage_taken":[{"damage":4,"enemies":"Jaw Worm","floor":1,"turns":6},{"damage":0,"enemies":"Cultist","floor":2,"turns":4},{"damage":0,"enemies":"Small Slimes","floor":5,"turns":3},{"damage":42,"enemies":"Lagavulin","floor":6,"turns":6},{"damage":8,"enemies":"Exordium Wildlife","floor":7,"turns":4},{"damage":9,"enemies":"3 Louse","floor":13,"turns":4},{"damage":0,"enemies":"2 Fungi Beasts","floor":14,"turns":3},{"damage":0,"enemies":"Hexaghost","floor":16,"turns":9},{"damage":12,"enemies":"Shell Parasite","floor":18,"turns":8},{"damage":65,"enemies":"Masked Bandits","floor":20,"turns":3}],"seed_played":"-6654374612206014118","potions_obtained":[{"floor":2,"key":"BlessingOfTheForge"},{"floor":4,"key":"Fruit Juice"},{"floor":4,"key":"EssenceOfSteel"},{"floor":4,"key":"CultistPotion"},{"floor":6,"key":"SkillPotion"},{"floor":16,"key":"PowerPotion"}],"is_trial":false,"path_per_floor":["M","M","$","?","M","E","M","$","T","$","R","?","M","M","R","B",null,"M","$","?"],"character_chosen":"THE_SILENT","items_purchased":["Dagger Spray","Bouncing Flask","Deadly Poison","Poisoned Stab"],"campfire_rested":0,"item_purchase_floors":[3,3,10,19],"current_hp_per_floor":[66,66,66,71,71,29,21,21,21,21,21,21,12,12,12,12,59,47,47,0,0],"gold":29,"neow_bonus":"ONE_RANDOM_RARE_CARD","is_daily":false,"chose_seed":false,"campfire_upgraded":2,"win_rate":0.0,"timestamp":1611055072,"path_taken":["M","M","$","?","M","E","M","$","T","?","R","?","?","M","R","BOSS","M","$","?"],"items_purchased_type":["Card","Card","Card","Card"],"build_version":"2020-12-22","purchased_purges":2,"victory":false,"max_hp_per_floor":[70,70,70,75,75,75,75,75,75,75,75,75,75,75,75,75,75,75,75,75,75],"relic_stats":{"counters":[10,50],"obtain_stats":[{"SlaversCollar":17,"Anvil of the Gods":0,"Hammer of Thor":0,"hubris:ToyBattleship":9,"Seething Fire":0,"infinitespire:Lucky Rock":12,"hubris:TinFlute":6,"Ring of the Snake":0},{"SlaversCollar":8,"Anvil of the Gods":0,"Hammer of Thor":0,"hubris:ToyBattleship":5,"Seething Fire":0,"infinitespire:Lucky Rock":5,"hubris:TinFlute":4,"Ring of the Snake":0},{"SlaversCollar":39,"Anvil of the Gods":0,"Hammer of Thor":0,"hubris:ToyBattleship":23,"Seething Fire":0,"infinitespire:Lucky Rock":23,"hubris:TinFlute":19,"Ring of the Snake":0}],"Ring of the Snake":[20]},"card_choices":[{"not_picked":["Dodge and Roll","Deflect"],"picked":"Poisoned Stab","floor":1},{"not_picked":["Dodge and Roll","Acrobatics"],"picked":"Dagger Throw","floor":2},{"not_picked":["All Out Attack","PiercingWail"],"picked":"Skewer","floor":5},{"not_picked":["Underhanded Strike","Dagger Spray"],"picked":"Burst","floor":6},{"not_picked":["Accuracy","Blade Dance"],"picked":"Backflip","floor":7},{"not_picked":["Reflex","Flying Knee","Dodge and Roll"],"picked":"SKIP","floor":13},{"not_picked":["Heel Hook","Choke","Blade Dance"],"picked":"SKIP","floor":14},{"not_picked":["Tools of the Trade","Bullet Time"],"picked":"After Image","floor":16},{"not_picked":["Dagger Spray","Deflect"],"picked":"PiercingWail","floor":18}],"player_experience":364317,"relics_obtained":[{"floor":6,"key":"hubris:TinFlute"},{"floor":9,"key":"hubris:ToyBattleship"},{"floor":12,"key":"infinitespire:Lucky Rock"}],"event_choices":[{"damage_healed":0,"gold_gain":0,"player_choice":"Got Potions","damage_taken":0,"max_hp_gain":0,"max_hp_loss":0,"event_name":"Lab","floor":4,"gold_loss":0},{"damage_healed":0,"gold_gain":0,"player_choice":"Fought Bandits","damage_taken":0,"max_hp_gain":0,"max_hp_loss":0,"event_name":"Masked Bandits","floor":20,"gold_loss":0}],"is_beta":false,"boss_relics":[{"not_picked":["Fusion Hammer","WristBlade"],"picked":"SlaversCollar"}],"items_purged_floors":[8,19],"is_endless":false,"potions_floor_spawned":[2,6,13,16],"killed_by":"Masked Bandits","ascension_level":5}}