{"host":"Ringo","time":1611063055,"event":{"mods":["BaseMod","Colored Map","Conspire","Dota2Spire","Minty Spire (QoL Compilation)","StSLib","[IsaacMod]ÒÔÈö¼âËþ","¡¾ÒÅÎï¿¨ÅÆ¡¿REMEMod"],"gold_per_floor":[118,135,57,117,117,147,147,175,175,187,187,207,224,250,261,305,305,6,6,6,39,39,62,85,99,122,122,135,135,263,263,279,279,279,299,322,362,381,420,500,516,200,223,244,257,257,385,385,404,423,446,460,481,481,516,264,264,288,288,329,348,391,391,391],"floor_reached":51,"language":"ZHS","playtime":1896,"items_purged":["Decay"],"score":1680,"play_id":"fef67c02-0981-4dde-931b-c617965c12d0","local_time":"20210119213055","is_ascension_mode":true,"campfire_choices":[{"data":"Infernal Blade","floor":7,"key":"SMITH"},{"data":"REME_Cut","floor":11,"key":"SMITH"},{"data":"Clash","floor":15,"key":"SMITH"},{"data":"Armaments","floor":6,"key":"SMITH"},{"data":"Perfected Strike","floor":13,"key":"SMITH"},{"data":"Iron Wave","floor":15,"key":"SMITH"},{"data":"REME_TheLastStrike","floor":32,"key":"SMITH"},{"data":"REME_ACTH","floor":40,"key":"SMITH"},{"data":"Shrug It Off","floor":49,"key":"SMITH"}],"circlet_count":0,"master_deck":["Strike_R","Strike_R","Strike_R+1","Strike_R","Strike_R","Defend_R","Defend_R","Defend_R","Bash","REME_BattleFury+1","Cleave","Sword Boomerang+1","REME_Cut+1","Infernal Blade+1","Clash+1","Shrug It Off+1","Rage+1","Thunderclap","Armaments+1","Iron Wave+1","Perfected Strike+1","REME_TheLastStrike+1","Anger+1","Armaments+1","REME_ACTH+1","Dropkick+1","Twin Strike+1"],"relics":["Burning Blood","HushsDoor","REME_ComplimentaryCards","NeowsBlessing","Leech","conspire:TopHat","REME_LimitBreaker","BookOfRevelations","Dota2Spire:EchoSabre","BFFS","Golden Idol","AnarchistCookbook","Dota2Spire:UrnOfShadows","REME_LowDesire","Incubus","Dream Catcher","Red Skull","Sundial","Question Card","Dota2Spire:MonkeyKingBar","Dota2Spire:OrchidMalevolence","conspire:SpecialSausage","Blood Vial","Dota2Spire:CrimsonGuard","Dota2Spire:BattleFury","DoctorsRemote","GnawedLeaf"],"acts_visited":["Exordium","TheCity","TheBeyond"],"potions_floor_usage":[8,2,25,50,50],"damage_taken":[{"damage":0,"enemies":"Small Slimes","floor":1,"turns":1},{"damage":0,"enemies":"Cultist","floor":2,"turns":1},{"damage":0,"enemies":"Gremlin Nob","floor":6,"turns":1},{"damage":0,"enemies":"Lagavulin","floor":8,"turns":3},{"damage":7,"enemies":"conspire:RoseBush","floor":10,"turns":2},{"damage":15,"enemies":"3 Louse","floor":12,"turns":2},{"damage":0,"enemies":"Large Slime","floor":13,"turns":3},{"damage":0,"enemies":"Gremlin Nob","floor":14,"turns":2},{"damage":0,"enemies":"Jaw Worm","floor":1,"turns":2},{"damage":0,"enemies":"Cultist","floor":2,"turns":2},{"damage":0,"enemies":"Gremlin Nob","floor":7,"turns":2},{"damage":0,"enemies":"2 Louse","floor":10,"turns":1},{"damage":0,"enemies":"Exordium Thugs","floor":11,"turns":2},{"damage":0,"enemies":"Lots of Slimes","floor":12,"turns":2},{"damage":15,"enemies":"Gremlin Gang","floor":14,"turns":2},{"damage":0,"enemies":"Hexaghost","floor":16,"turns":4},{"damage":5,"enemies":"3 Byrds","floor":18,"turns":3},{"damage":26,"enemies":"conspire:FuzzyDice","floor":21,"turns":4},{"damage":0,"enemies":"3 Cultists","floor":22,"turns":3},{"damage":5,"enemies":"conspire:SneckoGhost","floor":23,"turns":3},{"damage":34,"enemies":"Centurion and Healer","floor":24,"turns":3},{"damage":14,"enemies":"Slavers","floor":25,"turns":3},{"damage":19,"enemies":"Snake Plant","floor":27,"turns":2},{"damage":12,"enemies":"Chosen and Byrds","floor":29,"turns":2},{"damage":0,"enemies":"Centurion and Healer","floor":30,"turns":1},{"damage":1,"enemies":"conspire:HollyBat","floor":31,"turns":6},{"damage":14,"enemies":"Automaton","floor":33,"turns":5},{"damage":0,"enemies":"Orb Walker","floor":35,"turns":1},{"damage":0,"enemies":"3 Shapes","floor":36,"turns":2},{"damage":0,"enemies":"Sphere and 2 Shapes","floor":37,"turns":1},{"damage":0,"enemies":"Transient","floor":38,"turns":5},{"damage":10,"enemies":"Maw","floor":39,"turns":3},{"damage":0,"enemies":"Reptomancer","floor":41,"turns":2},{"damage":12,"enemies":"4 Shapes","floor":44,"turns":2},{"damage":26,"enemies":"Nemesis","floor":46,"turns":3},{"damage":6,"enemies":"Sphere and 2 Shapes","floor":47,"turns":3},{"damage":13,"enemies":"Giant Head","floor":48,"turns":4},{"damage":12,"enemies":"conspire:OrnateMirror","floor":50,"turns":2}],"seed_played":"8059078977793162250","potions_obtained":[{"floor":2,"key":"Dota2Spire:HealingSalve"},{"floor":10,"key":"BloodPotion"},{"floor":14,"key":"REME_GoldPotion"},{"floor":10,"key":"ElixirPotion"},{"floor":11,"key":"GamblersBrew"},{"floor":27,"key":"EssenceOfSteel"}],"is_trial":false,"path_per_floor":["M","M","$","?","?","E","R","E","T","M","R","M","M","E","R","M","M","?","$","?","R","E","?","T","M","M","M","R","M","R","B",null,"M","?","?","M","M","E","M","E","T","M","$","M","M","M","R","B",null,"M","M","M","M","M","R","E","$","T","M","?","E","M","E","R","B",null],"character_chosen":"IRONCLAD","items_purchased":["REME_Cut","Dota2Spire:EchoSabre","BFFS","Incubus","Dota2Spire:OrchidMalevolence","Dota2Spire:CrimsonGuard"],"campfire_rested":0,"item_purchase_floors":[3,4,4,17,28,42],"current_hp_per_floor":[78,80,80,65,49,55,55,73,73,73,73,65,73,80,80,80,65,65,65,65,73,73,73,74,74,74,74,65,65,74,54,54,54,54,36,51,54,27,35,35,23,23,21,28,53,53,47,52,54,54,54,54,50,50,54,54,54,48,48,34,44,51,51,49],"gold":391,"neow_bonus":"THREE_ENEMY_KILL","is_daily":false,"chose_seed":false,"campfire_upgraded":9,"win_rate":0.0,"timestamp":1611063055,"path_taken":["M","M","$","?","?","E","R","E","T","M","R","M","M","E","R","M","M","?","$","?","R","E","?","T","M","M","M","R","?","R","BOSS","M","?","?","?","M","E","M","E","T","M","$","M","M","M","R","BOSS","M","M","M","M","M","R","E","$","T","M","?","E","M","E","R","BOSS"],"items_purchased_type":["Card","Relic","Relic","Relic","Relic","Relic"],"build_version":"2020-12-18","purchased_purges":1,"victory":true,"max_hp_per_floor":[80,80,80,80,80,80,80,80,80,80,80,80,80,80,80,80,80,80,74,74,74,74,74,74,74,74,74,74,74,74,54,54,54,54,54,54,54,54,54,54,54,54,54,54,54,54,54,54,54,54,54,54,54,54,54,54,54,54,54,54,54,54,54,54],"card_choices":[{"not_picked":["Body Slam","Flex"],"picked":"Cleave","floor":1},{"not_picked":["Bomb","Disarm"],"picked":"Sword Boomerang","floor":2},{"not_picked":["Bomb","Feel No Pain"],"picked":"Infernal Blade","floor":6},{"not_picked":["Bludgeon","Warcry"],"picked":"Clash","floor":8},{"not_picked":["Perfected Strike","Iron Wave"],"picked":"Shrug It Off","floor":10},{"not_picked":["Pommel Strike","Cleave","Rage"],"picked":"SKIP","floor":12},{"not_picked":["Pommel Strike","Cleave"],"picked":"Rage","floor":12},{"not_picked":["Warcry","True Grit"],"picked":"Thunderclap","floor":13},{"not_picked":["Body Slam","conspire:ExplosiveBarrier","Shockwave"],"picked":"SKIP","floor":14},{"not_picked":["True Grit","Warcry"],"picked":"Armaments","floor":1},{"not_picked":["Second Wind","Pommel Strike","Wild Strike"],"picked":"SKIP","floor":2},{"not_picked":["REME_Scribble","Shrug It Off"],"picked":"Iron Wave","floor":7},{"not_picked":["Havoc","Clothesline","Flex"],"picked":"SKIP","floor":10},{"not_picked":["Cleave","Clash","REME_Scribble"],"picked":"SKIP","floor":11},{"not_picked":["Feel No Pain","Anger"],"picked":"Perfected Strike","floor":12},{"not_picked":["Rage","Body Slam","Sever Soul"],"picked":"SKIP","floor":14},{"not_picked":["Barricade","Double Tap"],"picked":"REME_TheLastStrike","floor":16},{"not_picked":["Headbutt","Body Slam+1","Discovery"],"picked":"Anger+1","floor":18},{"not_picked":["conspire:ExplosiveBarrier","Uppercut","Dramatic Entrance"],"picked":"Armaments+1","floor":21},{"not_picked":["Havoc","Warcry+1","Metallicize","REME_TwoStrings"],"picked":"SKIP","floor":22},{"not_picked":["Pommel Strike","Corruption","Metallicize+1","REME_HeartOfCthun"],"picked":"SKIP","floor":23},{"not_picked":["Shrug It Off+1","Headbutt","Combust","Panacea"],"picked":"SKIP","floor":24},{"not_picked":["Clothesline+1","Dual Wield","Sentinel+1","Battery"],"picked":"SKIP","floor":25},{"not_picked":["Clash","conspire:ExplosiveBarrier","Iron Wave","Heavy Blade","DoctorFetus"],"picked":"SKIP","floor":27},{"not_picked":["Iron Wave+1","Headbutt","Burning Pact","Clash","Forethought+1"],"picked":"SKIP","floor":29},{"not_picked":["Power Through","Spot Weakness","Second Wind","Battle Trance+1","Magnetism"],"picked":"SKIP","floor":30},{"not_picked":["Metallicize","Shrug It Off","Flex+1","Wild Strike","REME_AllRoundStrike"],"picked":"SKIP","floor":31},{"not_picked":["Reaper","Corruption","Demon Form","Transmutation"],"picked":"REME_ACTH","floor":33},{"not_picked":["Headbutt+1","Anger","Warcry+1","Wild Strike","conspire:Banana+1"],"picked":"SKIP","floor":35},{"not_picked":["Blood for Blood+1","conspire:Charge+1","Clothesline+1","BettingIsNotGood+1"],"picked":"Dropkick+1","floor":36},{"not_picked":["Disarm","Sword Boomerang","Second Wind","Good Instincts+1"],"picked":"Twin Strike+1","floor":37},{"not_picked":["Armaments+1","Perfected Strike+1","Combust","Limit Break","REME_BodyOfCthun"],"picked":"SKIP","floor":38},{"not_picked":["Sword Boomerang","Thunderclap","Clash+1","Flame Barrier+1","Transmutation"],"picked":"SKIP","floor":39},{"not_picked":["conspire:ExplosiveBarrier","True Grit","Clash","Wild Strike+1","REME_MagicPocketWatch+1"],"picked":"SKIP","floor":41},{"not_picked":["Iron Wave","Clothesline+1","Shrug It Off+1","Sword Boomerang+1","Enlightenment"],"picked":"SKIP","floor":44},{"not_picked":["Carnage","Dark Embrace","REME_FearOfPain+1","Hemokinesis+1","REME_EyeOfCthun"],"picked":"SKIP","floor":46},{"not_picked":["Shrug It Off","Pummel","Clothesline+1","Wild Strike+1","Apotheosis"],"picked":"SKIP","floor":47},{"not_picked":["Clothesline","Intimidate","Thunderclap","Dual Wield+1","Battery"],"picked":"SKIP","floor":48}],"player_experience":528619,"relics_obtained":[{"floor":6,"key":"conspire:TopHat"},{"floor":8,"key":"ForgetMeNow"},{"floor":9,"key":"REME_LimitBreaker"},{"floor":14,"key":"BookOfRevelations"},{"floor":7,"key":"AnarchistCookbook"},{"floor":9,"key":"Dota2Spire:UrnOfShadows"},{"floor":17,"key":"Dream Catcher"},{"floor":17,"key":"Red Skull"},{"floor":23,"key":"Sundial"},{"floor":25,"key":"Question Card"},{"floor":26,"key":"Dota2Spire:MonkeyKingBar"},{"floor":41,"key":"Blood Vial"},{"floor":43,"key":"Dota2Spire:BattleFury"},{"floor":46,"key":"DoctorsRemote"},{"floor":48,"key":"GnawedLeaf"}],"event_choices":[{"damage_healed":0,"gold_gain":0,"player_choice":"Entered Light","damage_taken":16,"max_hp_gain":0,"max_hp_loss":0,"event_name":"Shining Light","floor":5,"gold_loss":0,"cards_upgraded":["REME_BattleFury","Strike_R"]},{"damage_healed":0,"gold_gain":0,"player_choice":"Lose Max HP","damage_taken":0,"relics_obtained":["Golden Idol"],"max_hp_gain":0,"max_hp_loss":6,"event_name":"Golden Idol","floor":5,"gold_loss":0},{"cards_removed":["Defend_R"],"damage_healed":0,"gold_gain":0,"player_choice":"Purged","damage_taken":0,"max_hp_gain":0,"max_hp_loss":0,"event_name":"Purifier","floor":8,"gold_loss":0},{"damage_healed":0,"gold_gain":0,"player_choice":"Upgraded","damage_taken":0,"max_hp_gain":0,"max_hp_loss":0,"event_name":"Upgrade Shrine","floor":19,"gold_loss":0,"cards_upgraded":["Sword Boomerang"]},{"damage_healed":0,"gold_gain":0,"player_choice":"Cursed","damage_taken":0,"max_hp_gain":0,"max_hp_loss":0,"event_name":"Wheel of Change","floor":20,"gold_loss":0,"cards_obtained":["Decay"]},{"damage_healed":0,"gold_gain":0,"player_choice":"Forge","damage_taken":0,"max_hp_gain":0,"max_hp_loss":0,"event_name":"Accursed Blacksmith","floor":45,"gold_loss":0,"cards_upgraded":["Rage"]}],"is_beta":true,"boss_relics":[{"not_picked":["Sozu","Runic Dome"],"picked":"REME_LowDesire"},{"not_picked":[]},{"not_picked":["REME_ChargedStone","SacredBark"],"picked":"conspire:SpecialSausage"},{"not_picked":[]}],"items_purged_floors":[28],"is_endless":false,"potions_floor_spawned":[2,10,14,10,11,14,16,21,25,27,30,31,33,35,36,44,46],"ascension_level":7}}