{"host":"2pmmafybkq7zb6na","time":1611072009,"event":{"mods":["AchievementEnabler","BaseMod","Colored Map","Highlight Path","Keyboard Shortcuts","Minty Spire (QoL Compilation)","Quick Restart","StSLib","SuperFastMode"],"gold_per_floor":[115,133,144,94,94,94,119,119,146,146,146,171,171,204,204,304,304,319,329,98,98,114,114,148,148,230,247,247,266,7,18,18,117,117,132,186,37,54,54,54,72,92,92,92,102,132,132,57,57,57,57,57,7,40,40],"floor_reached":56,"language":"KOR","playtime":2167,"items_purged":["Hyperbeam"],"score":1291,"play_id":"17000fbd-86b0-45d5-a0b2-d3815b6b8fa2","local_time":"20210120010009","is_ascension_mode":true,"campfire_choices":[{"data":"Coolheaded","floor":6.0,"key":"SMITH"},{"data":"Turbo","floor":8.0,"key":"SMITH"},{"floor":10.0,"key":"REST"},{"data":"Multi-Cast","floor":13.0,"key":"SMITH"},{"data":"Hologram","floor":15.0,"key":"SMITH"},{"floor":23.0,"key":"REST"},{"floor":28.0,"key":"RECALL"},{"data":"White Noise","floor":32.0,"key":"SMITH"},{"data":"Machine Learning","floor":40.0,"key":"SMITH"},{"data":"Force Field","floor":44.0,"key":"SMITH"},{"data":"Conserve Battery","floor":49.0,"key":"SMITH"},{"data":"Undo","floor":52.0,"key":"SMITH"}],"circlet_count":0,"master_deck":["Zap+1","Dualcast","Coolheaded+1","Redo","Streamline","Turbo+1","Multi-Cast+1","Hologram+1","Buffer","Electrodynamics","Cold Snap","Rebound","Buffer","Turbo","Force Field+1","Hologram","Static Discharge","White Noise+1","Chaos+1","Self Repair","Undo+1","Storm","Panache","Beam Cell+1","Machine Learning+1","CurseOfTheBell","Go for the Eyes+1","Static Discharge","Conserve Battery+1","Apotheosis","Double Energy","Loop+1","Doom and Gloom+1","Loop"],"relics":["Cracked Core","Odd Mushroom","Strawberry","Mummified Hand","Pear","Question Card","Pandora\u0027s Box","Medical Kit","Bronze Scales","Enchiridion","Calling Bell","Omamori","Symbiotic Virus","Girya","Bird Faced Urn","Lantern","Bottled Lightning","PreservedInsect","Cables"],"acts_visited":["Exordium","TheCity","TheBeyond","TheEnding"],"potions_floor_usage":[55,55,55],"damage_taken":[{"damage":6.0,"enemies":"Cultist","floor":1.0,"turns":3.0},{"damage":4.0,"enemies":"2 Louse","floor":2.0,"turns":3.0},{"damage":12.0,"enemies":"Jaw Worm","floor":3.0,"turns":3.0},{"damage":12.0,"enemies":"The Mushroom Lair","floor":7.0,"turns":4.0},{"damage":30.0,"enemies":"Lagavulin","floor":12.0,"turns":7.0},{"damage":8.0,"enemies":"3 Sentries","floor":14.0,"turns":6.0},{"damage":11.0,"enemies":"Slime Boss","floor":16.0,"turns":10.0},{"damage":13.0,"enemies":"3 Byrds","floor":18.0,"turns":2.0},{"damage":10.0,"enemies":"Shell Parasite","floor":19.0,"turns":8.0},{"damage":18.0,"enemies":"Cultist and Chosen","floor":22.0,"turns":7.0},{"damage":17.0,"enemies":"Book of Stabbing","floor":24.0,"turns":4.0},{"damage":0.0,"enemies":"3 Cultists","floor":27.0,"turns":3.0},{"damage":0.0,"enemies":"Centurion and Healer","floor":29.0,"turns":5.0},{"damage":6.0,"enemies":"Cultist and Chosen","floor":31.0,"turns":4.0},{"damage":30.0,"enemies":"Automaton","floor":33.0,"turns":7.0},{"damage":11.0,"enemies":"3 Shapes","floor":35.0,"turns":4.0},{"damage":38.0,"enemies":"2 Orb Walkers","floor":36.0,"turns":4.0},{"damage":0.0,"enemies":"3 Darklings","floor":38.0,"turns":1.0},{"damage":6.0,"enemies":"Writhing Mass","floor":41.0,"turns":5.0},{"damage":32.0,"enemies":"Jaw Worm Horde","floor":42.0,"turns":3.0},{"damage":13.0,"enemies":"Spire Growth","floor":45.0,"turns":4.0},{"damage":15.0,"enemies":"Giant Head","floor":46.0,"turns":8.0},{"damage":75.0,"enemies":"Awakened One","floor":50.0,"turns":10.0},{"damage":24,"enemies":"Shield and Spear","floor":54,"turns":6},{"damage":53,"enemies":"The Heart","floor":55,"turns":8}],"seed_played":"6438153122325652261","potions_obtained":[{"floor":2.0,"key":"Strength Potion"},{"floor":14.0,"key":"Strength Potion"},{"floor":16.0,"key":"Block Potion"},{"floor":24.0,"key":"Block Potion"},{"floor":27.0,"key":"GamblersBrew"},{"floor":33.0,"key":"LiquidMemories"},{"floor":36.0,"key":"Swift Potion"},{"floor":41.0,"key":"Ancient Potion"},{"floor":42.0,"key":"Explosive Potion"},{"floor":45.0,"key":"ColorlessPotion"},{"floor":46.0,"key":"SteroidPotion"},{"floor":54,"key":"Swift Potion"}],"is_trial":false,"path_per_floor":["M","M","M","?","?","R","?","R","T","R","T","E","R","E","R","B",null,"M","M","$","?","M","R","E","?","T","M","R","M","$","M","R","B",null,"M","?","$","M","?","R","M","M","T","R","M","E","?","$","R","B",null,"R","$","E","B",null],"character_chosen":"DEFECT","items_purchased":["Medical Kit","Static Discharge","Storm","Panache","Lantern","Block Potion"],"campfire_rested":2,"item_purchase_floors":[20,20,30,30,37,53],"current_hp_per_floor":[69,65,53,53,46,46,34,34,41,65,65,45,45,37,37,26,92,79,69,69,69,51,78,61,45,45,52,52,59,59,60,60,37,92,88,57,57,63,63,63,86,75,75,75,92,87,87,87,87,47,92,92,92,90,57],"gold":40,"neow_bonus":"UPGRADE_CARD","is_daily":false,"chose_seed":true,"campfire_upgraded":9,"win_rate":0.0,"timestamp":1611072009,"path_taken":["M","M","M","?","?","R","?","R","T","R","?","E","R","E","R","BOSS","M","M","$","?","M","R","E","?","T","M","R","M","$","M","R","BOSS","M","?","$","M","?","R","M","M","T","R","M","E","?","$","R","BOSS","R","$","E","BOSS"],"items_purchased_type":["Relic","Card","Card","Card","Relic","Potion"],"build_version":"2020-12-22","purchased_purges":1,"victory":true,"max_hp_per_floor":[75,75,75,75,75,75,75,75,82,82,82,92,92,92,92,92,92,92,92,92,92,92,92,92,92,92,92,92,92,92,92,92,92,92,92,92,92,92,92,92,92,92,92,92,92,92,92,92,92,92,92,92,92,92,92],"card_choices":[{"not_picked":["Go for the Eyes","Gash"],"picked":"Coolheaded","floor":1.0},{"not_picked":["Steam","Chill"],"picked":"Redo","floor":2.0},{"not_picked":["Barrage","Compile Driver"],"picked":"Streamline","floor":3.0},{"not_picked":["Coolheaded","Beam Cell"],"picked":"Turbo","floor":7.0},{"not_picked":["Sweeping Beam","Go for the Eyes"],"picked":"Multi-Cast","floor":12.0},{"not_picked":["Stack","Steam"],"picked":"Hologram","floor":14.0},{"not_picked":["Thunder Strike","Amplify","Core Surge"],"picked":"Buffer","floor":16.0},{"not_picked":["Turbo","Compile Driver","Gash+1"],"picked":"Force Field","floor":18.0},{"not_picked":["Sweeping Beam","Auto Shields","Rebound"],"picked":"Hologram","floor":19.0},{"not_picked":["Cold Snap","Sweeping Beam+1","Compile Driver"],"picked":"Chaos+1","floor":22.0},{"not_picked":["Sunder","Meteor Strike","Gash"],"picked":"Self Repair","floor":24.0},{"not_picked":["Genetic Algorithm","Consume","Steam"],"picked":"Undo","floor":27.0},{"not_picked":["Consume","Reinforced Body","Recycle+1","Chill"],"picked":"SKIP","floor":29.0},{"not_picked":["Genetic Algorithm","Sweeping Beam","Turbo"],"picked":"Beam Cell+1","floor":31.0},{"not_picked":["Meteor Strike","Buffer","Biased Cognition"],"picked":"Machine Learning","floor":33.0},{"not_picked":["Steam Power+1","Recycle+1","Compile Driver+1"],"picked":"Go for the Eyes+1","floor":35.0},{"not_picked":["Beam Cell","Compile Driver","Go for the Eyes+1"],"picked":"Static Discharge","floor":36.0},{"not_picked":["Scrape","All For One","Coolheaded+1"],"picked":"Conserve Battery","floor":38.0},{"not_picked":["Violence","Enlightenment","Dramatic Entrance"],"picked":"Apotheosis","floor":39.0},{"not_picked":["Turbo","Gash","Chill"],"picked":"Double Energy","floor":41.0},{"not_picked":["Redo","Compile Driver+1","Go for the Eyes"],"picked":"Loop+1","floor":42.0},{"not_picked":["Barrage","Streamline","Leap+1"],"picked":"Doom and Gloom+1","floor":45.0},{"not_picked":["All For One","Turbo+1","Undo"],"picked":"Loop","floor":46.0},{"not_picked":["Beam Cell+1","Streamline+1","Double Energy","Sweeping Beam+1"],"picked":"SKIP","floor":54}],"player_experience":101094,"relics_obtained":[{"floor":7.0,"key":"Odd Mushroom"},{"floor":9.0,"key":"Strawberry"},{"floor":11.0,"key":"Mummified Hand"},{"floor":12.0,"key":"Pear"},{"floor":14.0,"key":"Question Card"},{"floor":24.0,"key":"Bronze Scales"},{"floor":25.0,"key":"Enchiridion"},{"floor":34.0,"key":"Omamori"},{"floor":34.0,"key":"Symbiotic Virus"},{"floor":34.0,"key":"Girya"},{"floor":36.0,"key":"Bird Faced Urn"},{"floor":43.0,"key":"Bottled Lightning"},{"floor":46.0,"key":"PreservedInsect"},{"floor":54,"key":"Cables"}],"event_choices":[{"cards_removed":["Strike_B"],"damage_healed":0.0,"max_hp_gain":0.0,"max_hp_loss":0.0,"gold_gain":0.0,"event_name":"The Cleric","player_choice":"Card Removal","floor":4.0,"gold_loss":50.0,"damage_taken":0.0},{"cards_removed":["Strike_B"],"damage_healed":0.0,"max_hp_gain":0.0,"max_hp_loss":0.0,"gold_gain":0.0,"event_name":"Golden Wing","player_choice":"Card Removal","floor":5.0,"gold_loss":0.0,"damage_taken":7.0},{"damage_healed":0.0,"max_hp_gain":0.0,"max_hp_loss":0.0,"gold_gain":0.0,"event_name":"Mushrooms","player_choice":"Fought Mushrooms","floor":7.0,"gold_loss":0.0,"damage_taken":0.0},{"damage_healed":0.0,"max_hp_gain":0.0,"max_hp_loss":0.0,"gold_gain":0.0,"event_name":"The Library","player_choice":"Read","floor":21.0,"gold_loss":0.0,"damage_taken":0.0,"cards_obtained":["White Noise"]},{"damage_healed":0.0,"max_hp_gain":0.0,"max_hp_loss":0.0,"gold_gain":0.0,"event_name":"Cursed Tome","player_choice":"Obtained Book","floor":25.0,"gold_loss":0.0,"damage_taken":16.0},{"damage_healed":0.0,"max_hp_gain":0.0,"max_hp_loss":0.0,"gold_gain":0.0,"event_name":"Mysterious Sphere","player_choice":"Fight","floor":36.0,"gold_loss":0.0,"damage_taken":0.0},{"damage_healed":0.0,"max_hp_gain":0.0,"max_hp_loss":0.0,"gold_gain":0.0,"event_name":"SensoryStone","player_choice":"Memory 1","floor":39.0,"gold_loss":0.0,"damage_taken":0.0},{"damage_healed":0.0,"max_hp_gain":0.0,"max_hp_loss":0.0,"gold_gain":0.0,"event_name":"Tomb of Lord Red Mask","player_choice":"Ignored","floor":47.0,"gold_loss":0.0,"damage_taken":0.0}],"is_beta":false,"boss_relics":[{"not_picked":["Snecko Eye","Sozu"],"picked":"Pandora\u0027s Box"},{"not_picked":["Runic Dome","SacredBark"],"picked":"Calling Bell"}],"items_purged_floors":[48],"is_endless":false,"potions_floor_spawned":[2,14,16,24,27,33,36,41,42,45,46,54],"ascension_level":2}}