{"host":"r3islh0l1a1ykxfu","time":1611087845,"event":{"mods":["BaseMod","Bestiary","Colored Map","Colored Powertips","Highlight Path","Minty Spire (QoL Compilation)","Relic Stats","Slay-I"],"gold_per_floor":[369,380,400,128,28,28,62,74,86,128,150,162,190,377,389,496,508,536,560,572,584,613,655,681,693,705,717,729,316,350,350,350,448,448,459,471,471,25,40,75,75,87,87,115,115,126,151,165,165,165],"floor_reached":51,"language":"ENG","playtime":12905,"items_purged":["Clumsy","Defend_R","Defend_R","Doubt"],"score":991,"play_id":"33c26c0b-bb97-4802-af49-cebbd2192270","local_time":"20210119142405","is_ascension_mode":true,"campfire_choices":[{"data":"Bash","floor":6.0,"key":"SMITH"},{"floor":12.0,"key":"REST"},{"data":"Heavy Blade","floor":15.0,"key":"SMITH"},{"data":"Sword Boomerang","floor":25.0,"key":"SMITH"},{"data":"Ghostly","floor":27.0,"key":"SMITH"},{"data":"Ghostly","floor":32.0,"key":"SMITH"},{"data":"Armaments","floor":41,"key":"SMITH"},{"data":"Limit Break","floor":49,"key":"SMITH"}],"circlet_count":0,"master_deck":["Strike_R","Strike_R","Strike_R","Strike_R","Strike_R","Defend_R","Defend_R","Bash+1","Armaments+1","Flex","Shrug It Off","Pummel","Cleave","Heavy Blade+1","Offering","Ghostly+1","Ghostly+1","Ghostly","Ghostly","Ghostly","Finesse","Heavy Blade+1","Sword Boomerang+1","Pummel+1","Flex","Limit Break+1"],"relics":["Burning Blood","Brimstone","MawBank","Darkstone Periapt","Centennial Puzzle","SlaversCollar","TungstenRod","Singing Bowl","Bag of Preparation","Omamori","Akabeko","Toy Ornithopter","Black Star","Pear","Juzu Bracelet","Bottled Lightning","Kunai","Gremlin Horn","Strawberry","CeramicFish"],"acts_visited":["Exordium","TheCity","TheBeyond"],"potions_floor_usage":[],"damage_taken":[{"damage":6.0,"enemies":"Cultist","floor":1.0,"turns":4.0},{"damage":4.0,"enemies":"Small Slimes","floor":2.0,"turns":4.0},{"damage":3.0,"enemies":"2 Louse","floor":3.0,"turns":2.0},{"damage":26.0,"enemies":"3 Sentries","floor":7.0,"turns":5.0},{"damage":24.0,"enemies":"Lagavulin","floor":10.0,"turns":4.0},{"damage":9.0,"enemies":"Blue Slaver","floor":11.0,"turns":2.0},{"damage":0.0,"enemies":"Large Slime","floor":13.0,"turns":3.0},{"damage":74.0,"enemies":"Hexaghost","floor":16.0,"turns":6.0},{"damage":6.0,"enemies":"Spheric Guardian","floor":18.0,"turns":3.0},{"damage":7.0,"enemies":"Chosen","floor":19.0,"turns":3.0},{"damage":4.0,"enemies":"Centurion and Healer","floor":22.0,"turns":5.0},{"damage":12.0,"enemies":"Gremlin Leader","floor":23.0,"turns":4.0},{"damage":0.0,"enemies":"Snake Plant","floor":24.0,"turns":4.0},{"damage":0.0,"enemies":"Book of Stabbing","floor":30.0,"turns":3.0},{"damage":0.0,"enemies":"Collector","floor":33.0,"turns":5.0},{"damage":5.0,"enemies":"3 Darklings","floor":35.0,"turns":3.0},{"damage":0.0,"enemies":"Orb Walker","floor":36.0,"turns":2.0},{"damage":0.0,"enemies":"Spire Growth","floor":39.0,"turns":4.0},{"damage":0.0,"enemies":"Giant Head","floor":40.0,"turns":5.0},{"damage":0,"enemies":"Maw","floor":42,"turns":5},{"damage":5,"enemies":"Nemesis","floor":44,"turns":3},{"damage":0,"enemies":"Jaw Worm Horde","floor":46,"turns":4},{"damage":0,"enemies":"3 Darklings","floor":48,"turns":3},{"damage":42,"enemies":"Awakened One","floor":50,"turns":7}],"seed_played":"2709365037429397597","potions_obtained":[{"floor":1.0,"key":"LiquidMemories"},{"floor":3.0,"key":"DuplicationPotion"},{"floor":16.0,"key":"SpeedPotion"},{"floor":18.0,"key":"Explosive Potion"},{"floor":22.0,"key":"Strength Potion"},{"floor":24.0,"key":"PowerPotion"},{"floor":39.0,"key":"Ancient Potion"}],"is_trial":false,"path_per_floor":["M","M","M","$","$","R","E","?","T","E","M","R","M","?","R","B",null,"M","M","?","?","M","E","M","R","T","R","T","$","E","?","R","B",null,"M","M","?","$","M","E","R","M","T","E","$","M","T","M","R","B",null],"character_chosen":"IRONCLAD","items_purchased":["Brimstone","Pummel","Omamori","Akabeko","Pear","Flex"],"campfire_rested":1,"item_purchase_floors":[4,4,29,29,38,38],"current_hp_per_floor":[80,80,80,80,80,80,60,60,60,42,39,63,69,75,75,7,86,86,85,43,43,43,37,43,43,43,43,43,43,45,45,45,47,47,47,49,46,56,64,69,69,71,71,78,78,80,80,82,82,46],"gold":165,"neow_bonus":"TWO_FIFTY_GOLD","is_daily":false,"chose_seed":false,"campfire_upgraded":7,"win_rate":0.0,"timestamp":1611087845,"path_taken":["M","M","M","?","$","R","E","?","T","E","?","R","M","?","R","BOSS","M","M","?","?","?","E","M","R","T","R","?","$","E","?","R","BOSS","M","M","?","$","M","E","R","M","T","E","$","M","?","M","R","BOSS"],"items_purchased_type":["Relic","Card","Relic","Relic","Relic","Card"],"build_version":"2020-12-22","purchased_purges":4,"victory":true,"max_hp_per_floor":[80,80,80,80,80,80,80,80,80,80,80,80,80,86,86,86,86,86,86,43,43,43,43,43,43,43,43,43,43,45,45,45,47,47,47,49,55,65,67,69,69,71,71,78,78,80,80,82,82,82],"relic_stats":{"Darkstone Periapt":6,"Singing Bowl":22,"Gremlin Horn":[8,8],"counters":[24,93],"CeramicFish":0,"Bag of Preparation":[22],"Juzu Bracelet":0,"MawBank":264,"Burning Blood":96,"Centennial Puzzle":[27],"Black Star":2,"Kunai":[4],"obtain_stats":[{"Darkstone Periapt":9,"Pear":38,"Singing Bowl":26,"Gremlin Horn":44,"CeramicFish":47,"Bag of Preparation":28,"Omamori":29,"Juzu Bracelet":40,"MawBank":7,"Burning Blood":0,"Akabeko":29,"SlaversCollar":17,"Centennial Puzzle":10,"Brimstone":4,"Strawberry":44,"Black Star":34,"Bottled Lightning":40,"Kunai":43,"TungstenRod":23,"Toy Ornithopter":30},{"Darkstone Periapt":4,"Pear":17,"Singing Bowl":13,"Gremlin Horn":21,"CeramicFish":22,"Bag of Preparation":13,"Omamori":13,"Juzu Bracelet":19,"MawBank":4,"Burning Blood":0,"Akabeko":13,"SlaversCollar":8,"Centennial Puzzle":5,"Brimstone":3,"Strawberry":21,"Black Star":15,"Bottled Lightning":19,"Kunai":20,"TungstenRod":12,"Toy Ornithopter":14},{"Darkstone Periapt":15,"Pear":62,"Singing Bowl":49,"Gremlin Horn":79,"CeramicFish":83,"Bag of Preparation":49,"Omamori":49,"Juzu Bracelet":71,"MawBank":15,"Burning Blood":0,"Akabeko":49,"SlaversCollar":30,"Centennial Puzzle":19,"Brimstone":10,"Strawberry":79,"Black Star":57,"Bottled Lightning":71,"Kunai":76,"TungstenRod":45,"Toy Ornithopter":52}],"TungstenRod":42,"Toy Ornithopter":0},"card_choices":[{"not_picked":["True Grit","Perfected Strike"],"picked":"Armaments","floor":1.0},{"not_picked":["Rupture","Cleave"],"picked":"Flex","floor":2.0},{"not_picked":["Cleave","Perfected Strike"],"picked":"Shrug It Off","floor":3.0},{"not_picked":["Thunderclap","Second Wind"],"picked":"Juggernaut","floor":7.0},{"not_picked":["Warcry","Impervious","Feel No Pain"],"picked":"SKIP","floor":10.0},{"not_picked":["Shockwave","Clothesline"],"picked":"Cleave","floor":11.0},{"not_picked":["Cleave","Disarm"],"picked":"Heavy Blade","floor":13.0},{"not_picked":["Brutality","Bludgeon"],"picked":"Offering","floor":16.0},{"not_picked":["Entrench+1","Whirlwind+1","Perfected Strike"],"picked":"SKIP","floor":18.0},{"not_picked":["Headbutt","Pommel Strike","Body Slam"],"picked":"SKIP","floor":19.0},{"not_picked":["Twin Strike","Inflame"],"picked":"Heavy Blade+1","floor":22.0},{"not_picked":["Dropkick","Flex"],"picked":"Sword Boomerang","floor":23.0},{"not_picked":["Uppercut","Battle Trance","Iron Wave"],"picked":"SKIP","floor":24.0},{"not_picked":["Feed","Heavy Blade","Combust"],"picked":"Singing Bowl","floor":30.0},{"not_picked":["Exhume","Corruption","Feed"],"picked":"Singing Bowl","floor":33.0},{"not_picked":["Clothesline","Perfected Strike"],"picked":"Pummel+1","floor":35.0},{"not_picked":["Anger","Iron Wave","Fire Breathing+1"],"picked":"Singing Bowl","floor":36.0},{"not_picked":["Violence","Panacea","Mayhem"],"picked":"Singing Bowl","floor":37.0},{"not_picked":["Chrysalis","Magnetism","Forethought"],"picked":"Singing Bowl","floor":37.0},{"not_picked":["Jack Of All Trades","Chrysalis","Madness"],"picked":"Singing Bowl","floor":37.0},{"not_picked":["Sentinel+1","Clothesline+1","Intimidate+1"],"picked":"Singing Bowl","floor":39.0},{"not_picked":["Fire Breathing+1","Infernal Blade","Armaments"],"picked":"Singing Bowl","floor":40.0},{"not_picked":["Iron Wave","Wild Strike+1","Thunderclap"],"picked":"Singing Bowl","floor":42},{"not_picked":["Spot Weakness+1","Sever Soul"],"picked":"Limit Break","floor":44},{"not_picked":["Reckless Charge+1","Flex+1","Havoc+1"],"picked":"Singing Bowl","floor":46},{"not_picked":["Anger","Perfected Strike+1","Pommel Strike"],"picked":"Singing Bowl","floor":48}],"player_experience":1172953,"relics_obtained":[{"floor":7.0,"key":"MawBank"},{"floor":9.0,"key":"Darkstone Periapt"},{"floor":10.0,"key":"Centennial Puzzle"},{"floor":23.0,"key":"TungstenRod"},{"floor":26.0,"key":"Singing Bowl"},{"floor":28.0,"key":"Bag of Preparation"},{"floor":30.0,"key":"Toy Ornithopter"},{"floor":40.0,"key":"Juzu Bracelet"},{"floor":40.0,"key":"Bottled Lightning"},{"floor":43,"key":"Kunai"},{"floor":44,"key":"Gremlin Horn"},{"floor":44,"key":"Strawberry"},{"floor":47,"key":"CeramicFish"}],"event_choices":[{"cards_removed":["Juggernaut"],"damage_healed":0.0,"max_hp_gain":0.0,"max_hp_loss":0.0,"gold_gain":0.0,"event_name":"Purifier","player_choice":"Purged","floor":8.0,"gold_loss":0.0,"damage_taken":0.0},{"damage_healed":0.0,"max_hp_gain":0.0,"max_hp_loss":0.0,"gold_gain":175.0,"event_name":"Liars Game","player_choice":"AGREE","floor":14.0,"gold_loss":0.0,"damage_taken":0.0,"cards_obtained":["Doubt"]},{"damage_healed":0.0,"max_hp_gain":0.0,"max_hp_loss":43.0,"gold_gain":0.0,"event_name":"Ghosts","player_choice":"Became a Ghost","floor":20.0,"gold_loss":0.0,"damage_taken":0.0,"cards_obtained":["Ghostly","Ghostly","Ghostly","Ghostly","Ghostly"]},{"damage_healed":0.0,"max_hp_gain":0.0,"max_hp_loss":0.0,"gold_gain":0.0,"event_name":"Match and Keep!","player_choice":"1 cards matched","floor":21.0,"gold_loss":0.0,"damage_taken":0.0,"cards_obtained":["Finesse"]},{"damage_healed":0.0,"max_hp_gain":0.0,"max_hp_loss":0.0,"gold_gain":0.0,"event_name":"Forgotten Altar","player_choice":"Smashed Altar","floor":31.0,"gold_loss":0.0,"damage_taken":0.0,"cards_obtained":["Decay"]},{"damage_healed":0.0,"max_hp_gain":0.0,"max_hp_loss":0.0,"gold_gain":0.0,"event_name":"SensoryStone","player_choice":"Memory 3","floor":37.0,"gold_loss":0.0,"damage_taken":10.0}],"is_beta":false,"boss_relics":[{"not_picked":["Snecko Eye","Mark of Pain"],"picked":"SlaversCollar"},{"not_picked":["Coffee Dripper","Cursed Key"],"picked":"Black Star"}],"items_purged_floors":[4,5,29,38],"is_endless":false,"potions_floor_spawned":[1,3,16,18,22,24,39,42,48],"ascension_level":2}}