{"host":"rmss877aqxv1c5yd","time":1611040492,"event":{"mods":["BaseMod","Curses Come First","KinomotoSakuraMod(木之本樱)","Marisa（F雨　魔理沙）","Minty Spire (QoL Compilation)","Prisma Mod","StSLib","The Marked","The Senshi","WarShipGirlsR/战舰少女R mod"],"gold_per_floor":[17,17,37,212,212,212,246,246,246,264,283,283,283],"floor_reached":12,"language":"ZHS","playtime":460,"items_purged":[],"score":82,"play_id":"c2c39332-4182-4a7a-9f82-34c49f283786","local_time":"20210119151452","is_ascension_mode":true,"campfire_choices":[{"data":"Clash","floor":6,"key":"SMITH"}],"circlet_count":0,"master_deck":["Strike_R","Strike_R","Strike_R","Strike_R","Strike_R","Defend_R","Defend_R","Defend_R","Defend_R","Bash","Immolate","Clash+1","Perfected Strike","Doubt","Regret","Evolve","Clash","Headbutt"],"relics":["Burning Blood","Self Forming Clay","FossilizedHelix","Golden Idol","Lantern"],"acts_visited":["Exordium"],"potions_floor_usage":[],"damage_taken":[{"damage":6,"enemies":"2 Louse","floor":1,"turns":2},{"damage":6,"enemies":"Jaw Worm","floor":3,"turns":2},{"damage":21,"enemies":"3 Sentries","floor":7,"turns":6},{"damage":12,"enemies":"Cultist","floor":10,"turns":4},{"damage":16,"enemies":"Blue Slaver","floor":11,"turns":4},{"damage":31,"enemies":"Lagavulin","floor":12,"turns":4}],"seed_played":"3299820792389719998","potions_obtained":[{"floor":1,"key":"Ancient Potion"},{"floor":3,"key":"LiquidMemories"},{"floor":11,"key":"ElixirPotion"}],"is_trial":false,"path_per_floor":["M","?","M","?","?","R","E","?","T","M","M","E"],"character_chosen":"IRONCLAD","items_purchased":[],"campfire_rested":0,"item_purchase_floors":[],"current_hp_per_floor":[80,80,80,80,80,80,65,45,45,39,29,0,0],"gold":283,"neow_bonus":"THREE_RARE_CARDS","is_daily":false,"chose_seed":false,"campfire_upgraded":1,"win_rate":0.0,"timestamp":1611040492,"path_taken":["M","?","M","?","?","R","E","?","T","M","?","E"],"items_purchased_type":[],"build_version":"2020-12-22","purchased_purges":0,"victory":false,"max_hp_per_floor":[80,80,80,80,80,80,80,80,80,80,80,80,80],"card_choices":[{"not_picked":["Impervious","Brutality"],"picked":"Immolate","floor":0},{"not_picked":["Intimidate","Flex"],"picked":"Clash","floor":1},{"not_picked":["Heavy Blade","Warcry"],"picked":"Perfected Strike","floor":3},{"not_picked":["Carnage","Limit Break"],"picked":"Evolve","floor":7},{"not_picked":["Perfected Strike","True Grit"],"picked":"Clash","floor":10},{"not_picked":["Sword Boomerang","Clash"],"picked":"Headbutt","floor":11}],"player_experience":98176,"relics_obtained":[{"floor":7,"key":"FossilizedHelix"},{"floor":9,"key":"Lantern"}],"event_choices":[{"damage_healed":0,"gold_gain":175,"player_choice":"AGREE","damage_taken":0,"max_hp_gain":0,"max_hp_loss":0,"event_name":"Liars Game","floor":4,"gold_loss":0,"cards_obtained":["Doubt"]},{"damage_healed":0,"gold_gain":0,"player_choice":"Box","damage_taken":0,"relics_obtained":["Self Forming Clay"],"max_hp_gain":0,"max_hp_loss":0,"event_name":"Big Fish","floor":5,"gold_loss":0,"cards_obtained":["Regret"]},{"damage_healed":0,"gold_gain":0,"player_choice":"Take Damage","damage_taken":20,"relics_obtained":["Golden Idol"],"max_hp_gain":0,"max_hp_loss":0,"event_name":"Golden Idol","floor":8,"gold_loss":0}],"is_beta":false,"boss_relics":[],"items_purged_floors":[],"is_endless":false,"potions_floor_spawned":[1,3,11],"killed_by":"Lagavulin","ascension_level":1}}