{"host":"43eszqhj3e37fphl","time":1611045466,"event":{"mods":["100% Spire Juice","Act Like it!","BaseMod","Colored Map","Colored Powertips","Downfall","GungeonMod","Hallownest","Hermit","Marisa????????","Minty Spire (QoL Compilation)","READ ME - Guardian Mod","Rare Cards Sparkle","StSLib","The Animator","The Bug Knight","The Forsaken","The Jungle","The Necromancer","The Poker Player"],"gold_per_floor":[114,114,132,307,307,343,415,435,461,485,485,27,51,65,65,189,189,207,207,59,80,2,2,2],"floor_reached":23,"language":"ENG","playtime":981,"items_purged":["Doubt","Body Slam"],"score":216,"play_id":"7eb2a2de-8817-4106-87e1-73acf17ee45d","local_time":"20210119093746","is_ascension_mode":false,"campfire_choices":[{"floor":11,"key":"RECALL"},{"floor":15,"key":"REST"}],"circlet_count":0,"master_deck":["Strike_R","Strike_R","Strike_R","Strike_R","Defend_R","Defend_R","Defend_R","Defend_R","Bash","Clash","Iron Wave","Perfected Strike","Warcry","Body Slam","Twin Strike","DemoMod:BlackBlade","DemoMod:WhiteBlade","Reaper","Headbutt","Clash","Sword Boomerang"],"relics":["Burning Blood","NeowsBlessing","Golden Idol","Shuriken","Bronze Scales","HollowMod:StagPassRelic","DemoMod:GnawedKey","Black Star","FaceOfCleric"],"acts_visited":["Exordium","TheCity"],"potions_floor_usage":[13,16,21,23],"damage_taken":[{"damage":0,"enemies":"Small Slimes","floor":1,"turns":1},{"damage":0,"enemies":"Cultist","floor":3,"turns":1},{"damage":0,"enemies":"Lagavulin","floor":6,"turns":1},{"damage":11,"enemies":"Jaw Worm","floor":8,"turns":2},{"damage":4,"enemies":"Looter","floor":10,"turns":3},{"damage":9,"enemies":"Blue Slaver","floor":13,"turns":2},{"damage":20,"enemies":"Red Slaver","floor":14,"turns":4},{"damage":33,"enemies":"Slime Boss","floor":16,"turns":7},{"damage":34,"enemies":"Chosen","floor":18,"turns":6},{"damage":37,"enemies":"Cultist and Chosen","floor":21,"turns":6},{"damage":43,"enemies":"HollowMod:Nosk","floor":23,"turns":7}],"seed_played":"5255099574628568217","potions_obtained":[{"floor":3,"key":"HeartOfIron"},{"floor":13,"key":"BloodPotion"},{"floor":16,"key":"bronze:BurnAndBuffPotion"}],"is_trial":false,"path_per_floor":["M","?","M","?","?","E","T","M","T","M","R","$","M","M","R","B",null,"M","?","$","M","$","E"],"character_chosen":"IRONCLAD","items_purchased":["HollowMod:StagPassRelic","DemoMod:GnawedKey","Body Slam","Clash","DuplicationPotion"],"campfire_rested":1,"item_purchase_floors":[12,12,12,20,22],"current_hp_per_floor":[80,80,80,80,60,66,66,61,61,63,63,63,76,62,80,53,80,59,59,59,38,38,0,0],"gold":2,"neow_bonus":"THREE_ENEMY_KILL","is_daily":false,"chose_seed":false,"campfire_upgraded":0,"win_rate":0.0,"timestamp":1611045466,"path_taken":["M","?","?","?","?","E","?","?","T","M","R","$","M","M","R","BOSS","M","?","?","M","?","E"],"items_purchased_type":["Relic","Relic","Card","Card","Potion"],"build_version":"2020-12-22","purchased_purges":2,"victory":false,"max_hp_per_floor":[80,80,80,80,80,80,80,80,80,80,80,80,80,80,80,80,80,80,80,80,81,81,81,81],"card_choices":[{"not_picked":["Iron Wave","True Grit"],"picked":"Clash","floor":1},{"not_picked":["Warcry","Power Through"],"picked":"Iron Wave","floor":3},{"not_picked":["Twin Strike","Cleave"],"picked":"Perfected Strike","floor":6},{"not_picked":["Body Slam","Clothesline"],"picked":"Warcry","floor":8},{"not_picked":["Juggernaut","Headbutt"],"picked":"Body Slam","floor":10},{"not_picked":["Dropkick","Dark Embrace"],"picked":"Twin Strike","floor":13},{"not_picked":["Entrench","Perfected Strike"],"picked":"DemoMod:WhiteBlade","floor":14},{"not_picked":["Feed","Offering"],"picked":"Reaper","floor":16},{"not_picked":["Hemokinesis","Body Slam"],"picked":"Headbutt","floor":18},{"not_picked":["Burning Pact+1","Iron Wave"],"picked":"Sword Boomerang","floor":21}],"player_experience":39347,"relics_obtained":[{"floor":6,"key":"Shuriken"},{"floor":9,"key":"Bronze Scales"}],"event_choices":[{"cards_removed":["Strike_R"],"damage_healed":0,"gold_gain":0,"player_choice":"Purged","damage_taken":0,"max_hp_gain":0,"max_hp_loss":0,"event_name":"Purifier","floor":2,"gold_loss":0},{"damage_healed":0,"gold_gain":175,"player_choice":"AGREE","damage_taken":0,"max_hp_gain":0,"max_hp_loss":0,"event_name":"Liars Game","floor":4,"gold_loss":0,"cards_obtained":["Doubt"]},{"damage_healed":0,"gold_gain":0,"player_choice":"Take Damage","damage_taken":20,"relics_obtained":["Golden Idol"],"max_hp_gain":0,"max_hp_loss":0,"event_name":"Golden Idol","floor":5,"gold_loss":0},{"damage_healed":0,"gold_gain":0,"player_choice":"Trade","damage_taken":0,"relics_obtained":["FaceOfCleric"],"max_hp_gain":0,"max_hp_loss":0,"event_name":"FaceTrader","floor":19,"gold_loss":0}],"is_beta":false,"boss_relics":[{"not_picked":["Sozu","Cursed Key"],"picked":"Black Star"}],"items_purged_floors":[12,20],"is_endless":false,"potions_floor_spawned":[3,13,16],"killed_by":"HollowMod:Nosk","ascension_level":0}}