{"host":"yttw759xqm3gosmj","time":1611025861,"event":{"mods":["AchievementEnabler","Aspiration","Bartender","BaseMod","Bestiary","Better Note","Better Third Choice","BetterRewards","Clockwork Mod","Colored Map","Colorless Booster Pack","Conspire","Custom Start","Dark Map","Dio Mod","Energized Spire","Fiend Mod","GifTheSpireLib","Glutton Mod","Googly Eyes","Hermit","Hubris","Infinite Spire","Ironclad Rager","Mimic Mod","Minty Spire (QoL Compilation)","MostiFishMod","Rare Cards Sparkle","RatMod","Replay The Spire","Retaliation","Shade Mod","Shop Mod","Somnambulant","Spicy Shops","Spikes Relics","Spire Birthday Party","StSLib","Stuff the Spire","The Alterego","The Animator","The Bladedancer","The Cursed","The Edgeheg","The Forsaken","The Hierophant","The Judge","The Jungle","The Marked","The Necromancer","The Poker Player","The Servant 0.9.4","The Trickster","TheSwordswoman","TheVacant","Trackpad","Unceasing Turn Reminder","Useless Jewels Mod","Waifu the Spire","WarShipGirlsR/????R mod","egg","slay the spire mod where everything is the same but ironclad has a cowboy hat","thorton","vexMod","??????REMEMod"],"gold_per_floor":[116,128,128,144,162,188,188,198,198,198,208,222,2,22,22,120,120,130,130,130,130,147,178,178,197,237,247,522,522,522,522],"floor_reached":30,"language":"ENG","playtime":1527,"items_purged":["thethorton:CoinClash"],"score":304,"play_id":"a9737e27-cc14-40d0-9c03-b4643cb63e2b","local_time":"20210118221101","is_ascension_mode":false,"campfire_choices":[{"floor":7,"key":"REST"},{"floor":10,"key":"RECALL"},{"data":"theMarked:HeritageOfTheMarked","floor":15,"key":"SMITH"},{"data":"theMarked:ComboAttacks","floor":24,"key":"SMITH"},{"data":"theMarked:SelfDefenseTraining","floor":29,"key":"SMITH"}],"circlet_count":0,"master_deck":["theMarked:Strike","theMarked:Strike","theMarked:Strike","theMarked:Strike","theMarked:Strike","theMarked:Defend","theMarked:Defend","theMarked:Defend","theMarked:Defend","theMarked:SoldierOfQuellstein","theMarked:LightningStrikesTwice","theMarked:Overcharge","theMarked:SwordAndMagic","theMarked:Overcharge","theMarked:HeritageOfTheMarked+1","theMarked:WardOff","theMarked:SuspiciousRaven","theMarked:ElementalBlade","theMarked:MuscleMemory","theMarked:HeritageOfTheMarked","theMarked:Frustration","theMarked:SummonStrength","theMarked:BanishingStrike","animator:Emilia+1","theMarked:SuspiciousRaven","theMarked:ComboAttacks+1","theMarked:Polarize+1","theMarked:Aftermath","theMarked:SelfDefenseTraining+1","ReplayTheSpireMod:Splinters"],"relics":["theMarked:ArtifactOfAir","REME_ComplimentaryCards","DaveBox","Membership Card","SynthV:TestCard","hubris:TenFootPole","Lee\u0027s Waffle","MiniBlackHole","HandDrill","ShadowXiaoBlade","hubris:BottledHeart","Replay:PocketPolymizer","White Beast Statue"],"acts_visited":["Exordium","TheCity"],"potions_floor_usage":[6,12,14,23,30],"damage_taken":[{"damage":0,"enemies":"Cultist","floor":1,"turns":3},{"damage":11,"enemies":"Jaw Worm","floor":2,"turns":2},{"damage":9,"enemies":"Small Slimes","floor":4,"turns":3},{"damage":17,"enemies":"Exordium Thugs","floor":5,"turns":4},{"damage":0,"enemies":"Replay:BlueRogue","floor":6,"turns":4},{"damage":18,"enemies":"2 Fungi Beasts","floor":8,"turns":4},{"damage":5,"enemies":"Blue Slaver","floor":11,"turns":2},{"damage":5,"enemies":"3 Louse","floor":12,"turns":2},{"damage":9,"enemies":"Red Slaver","floor":14,"turns":2},{"damage":33,"enemies":"The Guardian","floor":16,"turns":7},{"damage":5,"enemies":"Spheric Guardian","floor":18,"turns":3},{"damage":0,"enemies":"Shell Parasite","floor":22,"turns":4},{"damage":0,"enemies":"Replay:Snechameleon","floor":23,"turns":3},{"damage":0,"enemies":"3 Cultists","floor":25,"turns":4},{"damage":0,"enemies":"Centurion and Healer","floor":26,"turns":4},{"damage":0,"enemies":"Centurion and Healer","floor":27,"turns":3},{"damage":9,"enemies":"Gremlin Leader","floor":30,"turns":3}],"seed_played":"-1834364673060483141","potions_obtained":[{"floor":1,"key":"Swift Potion"},{"floor":5,"key":"DDmod:CleansePotion"},{"floor":8,"key":"Explosive Potion"},{"floor":11,"key":"SkillPotion"},{"floor":18,"key":"Strength Potion"},{"floor":27,"key":"SkillPotion"}],"is_trial":false,"path_per_floor":["M","M","?","M","M","E","R","M","T","R","M","M","$","M","R","B",null,"M","?","?","?","M","E","R","M","MIM","M","?","R","E"],"character_chosen":"THE_DEFAULT","items_purchased":["theMarked:LightningStrikesTwice","Lee\u0027s Waffle","MiniBlackHole","HandDrill"],"campfire_rested":1,"item_purchase_floors":[0,13,13,13],"current_hp_per_floor":[70,59,59,50,33,33,54,36,36,36,31,26,77,68,68,35,77,72,72,1,1,1,1,1,1,1,1,1,1,0,0],"gold":522,"neow_bonus":"","is_daily":false,"chose_seed":false,"campfire_upgraded":3,"win_rate":0.0,"timestamp":1611025861,"path_taken":["M","?","?","M","M","E","R","M","T","R","?","M","?","?","R","BOSS","M","?","?","?","M","E","R","M","MIM","M","?","R","E"],"items_purchased_type":["Card","Relic","Relic","Relic"],"build_version":"2020-12-22","purchased_purges":1,"victory":false,"max_hp_per_floor":[70,70,70,70,70,70,70,70,70,70,70,70,77,77,77,77,77,77,77,1,1,1,1,1,1,1,1,1,1,1,1],"card_choices":[{"not_picked":["theMarked:WardOff","theMarked:Frustration"],"picked":"theMarked:Overcharge","floor":1},{"not_picked":["theMarked:Aftermath","theMarked:StartUp","theMarked:Overcharge","theMarked:EmpowerWeapon"],"picked":"theMarked:SwordAndMagic","floor":2},{"not_picked":["theMarked:TunnelVision","theMarked:EmpowerWeapon","theMarked:RepellingDischarge","theMarked:Improvise"],"picked":"theMarked:HeritageOfTheMarked","floor":4},{"not_picked":["theMarked:ElectricStrings","theMarked:Frustration","theMarked:SwordAndMagic","theMarked:Aftermath"],"picked":"theMarked:WardOff","floor":5},{"not_picked":["theMarked:WastefulAttack","theMarked:Parkour","theMarked:ChainLightning","theMarked:HeritageOfTheMarked"],"picked":"theMarked:SuspiciousRaven","floor":6},{"not_picked":["theMarked:ChainLightning","theMarked:WastefulAttack","theMarked:RepellingDischarge","theMarked:Electrify"],"picked":"theMarked:ElementalBlade","floor":8},{"not_picked":["theMarked:ElectricStrings","theMarked:Parkour","theMarked:TwofoldDefense","theMarked:WastefulDefense"],"picked":"theMarked:MuscleMemory","floor":11},{"not_picked":["theMarked:WastefulDefense","theMarked:RepellingDischarge","theMarked:Static","theMarked:WastefulAttack"],"picked":"theMarked:HeritageOfTheMarked","floor":12},{"not_picked":["theMarked:Parkour","theMarked:AttractMetal","theMarked:DispelDoubt","theMarked:ElementalBlade"],"picked":"theMarked:Frustration","floor":14},{"not_picked":["theMarked:Challenge","theMarked:TurnInvisible","theMarked:Levitate","theMarked:ChannelForce"],"picked":"theMarked:SummonStrength","floor":16},{"not_picked":["theMarked:ResourceFulStrike+1","theMarked:EmpowerWeapon+1","theMarked:ElectricStrings","theMarked:Aftermath+1"],"picked":"theMarked:BanishingStrike","floor":18},{"not_picked":["theMarked:Frustration+1","theMarked:ElectricStrings","theMarked:EmpowerWeapon+1","theMarked:Improvise"],"picked":"theMarked:SuspiciousRaven","floor":22},{"not_picked":["theMarked:ChainLightning","theMarked:ParalyzingBlade","theMarked:GodGivenPower","theMarked:AttractMetal"],"picked":"theMarked:ComboAttacks","floor":23},{"not_picked":["theMarked:ElectricStrings","theMarked:TwofoldDefense","theMarked:Static","theMarked:EmpowerWeapon"],"picked":"theMarked:Polarize+1","floor":25},{"not_picked":["theMarked:Challenge","theMarked:Electrify","theMarked:ParalyzingBlade","theMarked:Seal"],"picked":"theMarked:Aftermath","floor":26},{"not_picked":["theMarked:LightningStrikesTwice+1","theMarked:Seal","theMarked:WardOff","theMarked:Polarize"],"picked":"theMarked:SelfDefenseTraining","floor":27}],"player_experience":114492,"relics_obtained":[{"floor":1,"key":"SynthV:TestCard"},{"floor":6,"key":"hubris:TenFootPole"},{"floor":23,"key":"Replay:PocketPolymizer"},{"floor":26,"key":"White Beast Statue"}],"event_choices":[{"cards_removed":["theMarked:HeritageOfTheMarked"],"damage_healed":0,"gold_gain":0,"player_choice":"Take \u0026 Give","damage_taken":0,"max_hp_gain":0,"max_hp_loss":0,"event_name":"betterNote:BetterNote","floor":19,"gold_loss":0,"cards_obtained":["animator:Emilia"]},{"damage_healed":0,"gold_gain":275,"player_choice":"Desecrate","damage_taken":0,"max_hp_gain":0,"max_hp_loss":0,"event_name":"Golden Shrine","floor":28,"gold_loss":0,"cards_obtained":["Regret"]}],"is_beta":false,"boss_relics":[{"not_picked":["EE1DDrone","energizedSpire:RedRose"],"picked":"ShadowXiaoBlade"}],"items_purged_floors":[0],"is_endless":false,"potions_floor_spawned":[1,5,8,11,18,27],"killed_by":"Gremlin Leader","ascension_level":0}}