{"host":"bf9sa99gaumonoeu","time":1611091246,"event":{"mods":["AchievementEnabler","Act Like it!","Aspiration","BaseMod","Bestiary","Better Note","Block Reminder","Colored Map","Colored Powertips","Fox Events","Friendly Minions","Gensokyo","GifTheSpireLib","Googly Eyes","Hallownest","Hermit","Highlight Path","Jorbs\u0027s Wanderer Trilogy","KinomotoSakuraMod(????)","Koishi","Marisa????????","Minty Spire (QoL Compilation)","Rare Cards Sparkle","Relic Stats","Remilia??????","Replay The Spire","Spire Arcade","StS++","StSLib","The Administrix","The Animator","The Blue Laboratory","The Bug Knight","The Construct","The Cursed","The Hierophant","The Mystic","The Necromancer","The Poker Player","The Runesmith","The Senshi","The Servant 0.9.4","ojb\u0027s Info Mod"],"gold_per_floor":[112,122,141,154,169,204,216,244,244,244,275,0,29,29,29,100,177,196,30,49,61,75,110,35,64,164,164,178,188,215,233,233,308,385,399,399,501,156,156,189,189,206,283,316,78,116,12,47,47,51,59],"floor_reached":52,"language":"ENG","playtime":5264,"items_purged":["Strike_G","Strike_G","Strike_G","Defend_G"],"score":2013,"play_id":"1c85105f-297d-4494-8aa9-23584aa7cf74","local_time":"20210119192046","is_ascension_mode":true,"campfire_choices":[{"data":"Blade Dance","floor":10.0,"key":"SMITH"},{"data":"StSpp:SwitchWeapon","floor":15.0,"key":"SMITH"},{"data":"Neutralize","floor":27.0,"key":"SMITH"},{"data":"Cloak And Dagger","floor":32.0,"key":"SMITH"},{"data":"Leg Sweep","floor":41.0,"key":"SMITH"},{"data":"Accuracy","floor":49,"key":"SMITH"}],"circlet_count":0,"master_deck":["AscendersBane","Strike_G+1","Strike_G+1","Defend_G","Defend_G","Defend_G","Survivor","Neutralize+1","Blade Dance+1","Dagger Spray","StSpp:PoisonousPunch","Dash","ReplayTheSpireMod:Speed Training","Accuracy+1","Accuracy","Pot Of Greed","Pot Of Greed","StSpp:SwitchWeapon+1","Deflect","Corpse Explosion","Cloak And Dagger+1","Pot Of Greed","Replay:Bag of Tricks","Crow Ritual","Accuracy","Leg Sweep+1","Cloak And Dagger","ReplayTheSpireMod:Necrogeddon"],"relics":["Ring of the Snake","aspiration:ChemicalBlood","Singing Bowl","Grinning Jar","aspiration:HummingbirdHeart","theSenshi:FeatherClipsRelic","foxEvents:LuckyCharm","Bronze Scales","aspiration:SecretTechniqueScroll","PreservedInsect","Vajra","Ice Cream","aspiration:HiddenCompartment","Snake Skull","Black Star","Simple Rune","Orrery","Blue Doll","Replay:Wax Seal","Replay:Bandana","Replay:Rubber Ducky","Smiling Mask"],"acts_visited":["Exordium","TheCity","TheBeyond"],"potions_floor_usage":[42,46,46,50,51,51,51],"damage_taken":[{"damage":5.0,"enemies":"Small Slimes","floor":1.0,"turns":6.0},{"damage":0.0,"enemies":"2 Louse","floor":2.0,"turns":3.0},{"damage":0.0,"enemies":"Cultist","floor":3.0,"turns":3.0},{"damage":1.0,"enemies":"Red Slaver","floor":4.0,"turns":3.0},{"damage":1.0,"enemies":"Lots of Slimes","floor":5.0,"turns":3.0},{"damage":4.0,"enemies":"3 Sentries","floor":6.0,"turns":4.0},{"damage":9.0,"enemies":"Exordium Thugs","floor":7.0,"turns":5.0},{"damage":0.0,"enemies":"Replay:BlueRogue","floor":8.0,"turns":4.0},{"damage":3.0,"enemies":"Lagavulin","floor":11.0,"turns":6.0},{"damage":9.0,"enemies":"Colosseum Slavers","floor":13.0,"turns":3.0},{"damage":30.0,"enemies":"Slime Boss","floor":16.0,"turns":8.0},{"damage":0.0,"enemies":"3 Byrds","floor":18.0,"turns":2.0},{"damage":15.0,"enemies":"Shell Parasite","floor":20.0,"turns":5.0},{"damage":0.0,"enemies":"3 Cultists","floor":21.0,"turns":2.0},{"damage":0.0,"enemies":"Sentry and Sphere","floor":22.0,"turns":3.0},{"damage":10.0,"enemies":"Slavers","floor":23.0,"turns":2.0},{"damage":11.0,"enemies":"Gremlin Leader","floor":25.0,"turns":5.0},{"damage":0.0,"enemies":"Cultist and Chosen","floor":28.0,"turns":3.0},{"damage":4.0,"enemies":"Centurion and Healer","floor":29.0,"turns":3.0},{"damage":1.0,"enemies":"Replay:Snechameleon","floor":30.0,"turns":3.0},{"damage":0.0,"enemies":"Snecko","floor":31.0,"turns":4.0},{"damage":30.0,"enemies":"Automaton","floor":33.0,"turns":10.0},{"damage":3.0,"enemies":"3 Shapes","floor":35.0,"turns":3.0},{"damage":17.0,"enemies":"R_Hoarder","floor":40.0,"turns":7.0},{"damage":0,"enemies":"3 Darklings","floor":42,"turns":2},{"damage":14,"enemies":"Nemesis","floor":44,"turns":7},{"damage":9,"enemies":"Spire Growth","floor":46,"turns":4},{"damage":0,"enemies":"Transient","floor":48,"turns":6},{"damage":15,"enemies":"Time Eater","floor":50,"turns":11},{"damage":85,"enemies":"Donu and Deca","floor":51,"turns":9}],"seed_played":"-5646906404462358943","potions_obtained":[{"floor":2.0,"key":"PowerPotion"},{"floor":5.0,"key":"blueLaboratory:PhilterOfMotion"},{"floor":6.0,"key":"Block Potion"},{"floor":8.0,"key":"Adrenaline Potion"},{"floor":13.0,"key":"Block Potion"},{"floor":16.0,"key":"blueLaboratory:FruitPunch"},{"floor":21.0,"key":"blueLaboratory:HeartbeatPotion"},{"floor":22.0,"key":"blueLaboratory:HeartbeatPotion"},{"floor":23.0,"key":"BlessingOfTheForge"},{"floor":29.0,"key":"blueLaboratory:PyrophylliteBrew"},{"floor":33.0,"key":"CunningPotion"},{"floor":40.0,"key":"Regen Potion"}],"is_trial":false,"path_per_floor":["M","M","M","M","M","E","M","E","T","R","E","$","?","?","R","B",null,"M","$","M","M","M","E","$","E","T","R","M","M","E","M","R","B",null,"M","?","T","$","?","E","R","M","T","E","$","M","$","M","R","B","B",null],"character_chosen":"THE_SILENT","items_purchased":["theSenshi:FeatherClipsRelic","PreservedInsect","Accuracy","Orrery","ReplayTheSpireMod:Necrogeddon","blueLaboratory:FrostheartPotion"],"campfire_rested":0,"item_purchase_floors":[12,19,38,38,45,47],"current_hp_per_floor":[54,54,54,53,52,48,39,39,39,39,36,36,33,33,33,9,52,60,60,53,63,71,69,69,66,66,66,74,76,83,86,86,62,80,85,79,79,85,84,90,90,98,98,92,92,91,91,99,99,90,11],"gold":59,"neow_bonus":"REMOVE_CARD","is_daily":false,"chose_seed":false,"campfire_upgraded":6,"win_rate":0.0,"timestamp":1611091246,"path_taken":["M","M","M","M","M","E","M","E","T","R","E","$","?","?","R","BOSS","M","?","M","M","M","E","$","E","T","R","?","?","E","M","R","BOSS","M","?","?","?","?","E","R","M","T","E","$","M","$","M","R","BOSS","BOSS"],"items_purchased_type":["Relic","Relic","Card","Relic","Card","Potion"],"build_version":"2020-12-22","purchased_purges":4,"victory":true,"max_hp_per_floor":[66,66,66,66,66,66,66,66,66,66,66,66,66,66,66,66,66,68,68,70,74,76,78,78,80,80,80,82,82,84,86,86,86,86,88,92,92,98,98,100,100,102,102,104,104,106,106,108,108,108,108],"relic_stats":{"Singing Bowl":40,"counters":[30,139],"Bronze Scales":[320],"PreservedInsect":267,"Snake Skull":[20],"Black Star":2,"Smiling Mask":175,"obtain_stats":[{"Ice Cream":25,"Singing Bowl":8,"Vajra":23,"Blue Doll":40,"Snake Skull":30,"theSenshi:FeatherClipsRelic":12,"Smiling Mask":44,"Replay:Rubber Ducky":44,"Replay:Bandana":43,"WristBlade":16,"Kunai":48,"Replay:Wax Seal":40,"Ring of the Snake":0,"aspiration:ChemicalBlood":6,"PreservedInsect":19,"Pen Nib":20,"aspiration:HummingbirdHeart":11,"aspiration:SecretTechniqueScroll":17,"Letter Opener":33,"aspiration:HiddenCompartment":26,"Ornamental Fan":25,"Shuriken":46,"Bronze Scales":14,"Orrery":38,"Simple Rune":37,"foxEvents:LuckyCharm":13,"Black Star":34,"Grinning Jar":9},{"Ice Cream":17,"Singing Bowl":8,"Vajra":16,"Blue Doll":24,"Snake Skull":20,"theSenshi:FeatherClipsRelic":9,"Smiling Mask":26,"Replay:Rubber Ducky":26,"Replay:Bandana":25,"WristBlade":11,"Kunai":28,"Replay:Wax Seal":24,"Ring of the Snake":0,"aspiration:ChemicalBlood":6,"PreservedInsect":12,"Pen Nib":13,"aspiration:HummingbirdHeart":9,"aspiration:SecretTechniqueScroll":11,"Letter Opener":22,"aspiration:HiddenCompartment":17,"Ornamental Fan":17,"Shuriken":27,"Bronze Scales":10,"Orrery":23,"Simple Rune":23,"foxEvents:LuckyCharm":10,"Black Star":22,"Grinning Jar":8},{"Ice Cream":67,"Singing Bowl":31,"Vajra":62,"Blue Doll":100,"Snake Skull":76,"theSenshi:FeatherClipsRelic":37,"Smiling Mask":109,"Replay:Rubber Ducky":109,"Replay:Bandana":102,"WristBlade":44,"Kunai":119,"Replay:Wax Seal":100,"Ring of the Snake":0,"aspiration:ChemicalBlood":22,"PreservedInsect":50,"Pen Nib":51,"aspiration:HummingbirdHeart":37,"aspiration:SecretTechniqueScroll":48,"Letter Opener":81,"aspiration:HiddenCompartment":67,"Ornamental Fan":63,"Shuriken":111,"Bronze Scales":40,"Orrery":93,"Simple Rune":93,"foxEvents:LuckyCharm":40,"Black Star":90,"Grinning Jar":31}],"Ring of the Snake":[60]},"card_choices":[{"not_picked":["Sucker Punch","Dodge and Roll"],"picked":"Blade Dance","floor":1.0},{"not_picked":["Outmaneuver","Poisoned Stab"],"picked":"Dagger Spray","floor":2.0},{"not_picked":["Tactician","Sucker Punch"],"picked":"StSpp:PoisonousPunch","floor":3.0},{"not_picked":["Backflip","Slice"],"picked":"Masterful Stab","floor":4.0},{"not_picked":["Poisoned Stab","Blur"],"picked":"Dash","floor":5.0},{"not_picked":["Poisoned Stab","Expertise"],"picked":"ReplayTheSpireMod:Speed Training","floor":6.0},{"not_picked":["StSpp:CorrosivePoison","Acrobatics"],"picked":"Accuracy","floor":7.0},{"not_picked":["StSpp:Throw","StSpp:SpareBlade"],"picked":"Accuracy","floor":8.0},{"not_picked":["StSpp:AbandonFlesh","StSpp:Throw"],"picked":"StSpp:SwitchWeapon","floor":11.0},{"not_picked":["Dagger Throw","Dodge and Roll"],"picked":"Deflect","floor":13.0},{"not_picked":["StSpp:AbandonFlesh","Bullet Time"],"picked":"Corpse Explosion","floor":16.0},{"not_picked":["StSpp:Throw","StSpp:PoisonousPunch","Underhanded Strike"],"picked":"Singing Bowl","floor":18.0},{"not_picked":["Catalyst","StSpp:PoisonousPunch","Flechettes+1"],"picked":"Singing Bowl","floor":20.0},{"not_picked":["Quick Slash","Reflex","Heel Hook"],"picked":"Singing Bowl","floor":21.0},{"not_picked":["Backflip","Acrobatics","Outmaneuver"],"picked":"Singing Bowl","floor":22.0},{"not_picked":["Heel Hook","Sucker Punch","Phantasmal Killer"],"picked":"Singing Bowl","floor":23.0},{"not_picked":["StSpp:TimeParadox","StSpp:StrikeFirst","Masterful Stab"],"picked":"Singing Bowl","floor":25.0},{"not_picked":["Acrobatics+1","Backflip","Quick Slash"],"picked":"Singing Bowl","floor":28.0},{"not_picked":["Footwork","Acrobatics"],"picked":"Cloak And Dagger","floor":29.0},{"not_picked":["Riddle With Holes","Predator","Masterful Stab"],"picked":"Singing Bowl","floor":30.0},{"not_picked":["Bane","Masterful Stab","Dagger Throw"],"picked":"Singing Bowl","floor":31.0},{"not_picked":["After Image","Die Die Die"],"picked":"Replay:Bag of Tricks","floor":33.0},{"not_picked":["Deadly Poison","Bane","Setup"],"picked":"Singing Bowl","floor":35.0},{"not_picked":["Replay:Sssssssssshield","Good Instincts","Impatience"],"picked":"Singing Bowl","floor":36.0},{"not_picked":["Enlightenment","Replay:Sssssssssshield","Replay:Sssssssssstrike"],"picked":"Singing Bowl","floor":36.0},{"not_picked":["Madness","PanicButton"],"picked":"Crow Ritual","floor":36.0},{"not_picked":["Poisoned Stab+1","Flying Knee"],"picked":"Leg Sweep","floor":38.0},{"not_picked":["Outmaneuver","Skewer","Corpse Explosion"],"picked":"Singing Bowl","floor":38.0},{"not_picked":["StSpp:Dive","Acrobatics","Crippling Poison"],"picked":"Singing Bowl","floor":38.0},{"not_picked":["StSpp:Throw","Dagger Throw","StSpp:Dive+1"],"picked":"Singing Bowl","floor":38.0},{"not_picked":["Acrobatics+1","Dodge and Roll"],"picked":"Cloak And Dagger","floor":38.0},{"not_picked":["Replay:Poison Smokescreen","Doppelganger","Bane+1"],"picked":"Singing Bowl","floor":40.0},{"not_picked":["Bane","Caltrops","StSpp:FiercePoison+1"],"picked":"Singing Bowl","floor":42},{"not_picked":["Eviscerate","StSpp:TimeParadox","ReplayTheSpireMod:Scrap Shanks+1"],"picked":"Singing Bowl","floor":44},{"not_picked":["Sucker Punch","Leg Sweep","Quick Slash"],"picked":"Singing Bowl","floor":46},{"not_picked":["Replay:Poison Smokescreen","Poisoned Stab","Masterful Stab"],"picked":"Singing Bowl","floor":48}],"player_experience":995412,"relics_obtained":[{"floor":6.0,"key":"aspiration:ChemicalBlood"},{"floor":8.0,"key":"Singing Bowl"},{"floor":9.0,"key":"Grinning Jar"},{"floor":11.0,"key":"aspiration:HummingbirdHeart"},{"floor":13.0,"key":"foxEvents:LuckyCharm"},{"floor":23.0,"key":"Vajra"},{"floor":25.0,"key":"Ice Cream"},{"floor":26.0,"key":"aspiration:HiddenCompartment"},{"floor":30.0,"key":"Snake Skull"},{"floor":37.0,"key":"Simple Rune"},{"floor":40.0,"key":"Blue Doll"},{"floor":40.0,"key":"Replay:Wax Seal"},{"floor":43,"key":"Replay:Bandana"},{"floor":44,"key":"Replay:Rubber Ducky"},{"floor":44,"key":"Smiling Mask"}],"event_choices":[{"cards_removed":["Masterful Stab"],"damage_healed":0.0,"max_hp_gain":0.0,"max_hp_loss":0.0,"gold_gain":0.0,"event_name":"WeMeetAgain","player_choice":"Gave Card","floor":14.0,"gold_loss":0.0,"damage_taken":0.0,"relics_obtained":["Bronze Scales"]},{"damage_healed":0.0,"max_hp_gain":0.0,"max_hp_loss":0.0,"gold_gain":0.0,"event_name":"SensoryStone","player_choice":"Memory 3","floor":36.0,"gold_loss":0.0,"damage_taken":10.0}],"is_beta":false,"boss_relics":[{"not_picked":["Runic Pyramid","aspiration:RunicSpoon"],"picked":"aspiration:SecretTechniqueScroll"},{"not_picked":["StSpp:Magatama","Replay:Drink Me"],"picked":"Black Star"}],"items_purged_floors":[24,38,45,47],"is_endless":false,"potions_floor_spawned":[2,5,6,8,13,16,20,21,22,29,33,35,40],"ascension_level":20}}