{"host":"zk71suw73lg2r165","time":1611034446,"event":{"mods":["BaseMod","Colored Map","Minty Spire (QoL Compilation)","Permanent Neow","Relic Stats","StSLib"],"gold_per_floor":[110,35,51,71,71,71,97,108,108,133,155,167,204,229,241,327,339,367,379,391,413,443,455,455],"floor_reached":23,"language":"ENG","playtime":711,"items_purged":[],"score":426,"play_id":"a7ed5fa7-71c7-46cb-8fee-307e322fb718","local_time":"20210119003406","is_ascension_mode":true,"campfire_choices":[{"data":"Glass Knife","floor":6.0,"key":"SMITH"},{"floor":12.0,"key":"REST"},{"floor":15.0,"key":"REST"}],"circlet_count":0,"master_deck":["AscendersBane","Strike_G","Defend_G","Defend_G","Defend_G","Defend_G","Defend_G","Survivor","Neutralize","Glass Knife+1","Deadly Poison","Crippling Poison","PiercingWail","Leg Sweep","Corpse Explosion","Bane","Dagger Throw","Noxious Fumes","Backflip","Die Die Die","Slice+1","Ghostly","Ghostly","Ghostly","Infinite Blades","Finisher","Expertise","Catalyst"],"relics":["Ring of the Snake","Paper Crane","Bottled Flame","MawBank","Nunchaku","Philosopher\u0027s Stone"],"acts_visited":["Exordium","TheCity"],"potions_floor_usage":[23],"damage_taken":[{"damage":1.0,"enemies":"2 Louse","floor":1.0,"turns":2.0},{"damage":0.0,"enemies":"Small Slimes","floor":3.0,"turns":3.0},{"damage":0.0,"enemies":"Cultist","floor":4.0,"turns":3.0},{"damage":20.0,"enemies":"Lagavulin","floor":7.0,"turns":6.0},{"damage":8.0,"enemies":"Exordium Wildlife","floor":8.0,"turns":6.0},{"damage":8.0,"enemies":"3 Sentries","floor":10.0,"turns":3.0},{"damage":0.0,"enemies":"Exordium Thugs","floor":11.0,"turns":3.0},{"damage":21.0,"enemies":"Lagavulin","floor":13.0,"turns":6.0},{"damage":5.0,"enemies":"Red Slaver","floor":14.0,"turns":4.0},{"damage":23.0,"enemies":"The Guardian","floor":16.0,"turns":8.0},{"damage":18,"enemies":"Shell Parasite","floor":18,"turns":4},{"damage":1,"enemies":"2 Thieves","floor":21,"turns":4},{"damage":4,"enemies":"Snake Plant","floor":22,"turns":5},{"damage":47,"enemies":"Gremlin Leader","floor":23,"turns":2}],"seed_played":"4746657774471834890","potions_obtained":[{"floor":3.0,"key":"AttackPotion"},{"floor":7.0,"key":"FearPotion"},{"floor":8.0,"key":"LiquidBronze"},{"floor":16,"key":"FairyPotion"}],"is_trial":false,"path_per_floor":["M","?","M","M","?","R","E","M","T","E","M","R","E","M","R","B",null,"M","?","?","M","M","E"],"character_chosen":"THE_SILENT","items_purchased":[],"campfire_rested":2,"item_purchase_floors":[],"current_hp_per_floor":[58,58,58,58,58,58,38,30,30,22,22,41,20,15,34,11,52,34,33,33,32,28,0,0],"gold":455,"neow_bonus":"ONE_RANDOM_RARE_CARD","is_daily":false,"chose_seed":false,"campfire_upgraded":1,"win_rate":0.0,"timestamp":1611034446,"path_taken":["M","?","M","M","?","R","E","M","T","E","M","R","E","M","R","BOSS","BOSS","M","?","?","M","?","E"],"items_purchased_type":[],"build_version":"2020-12-22","purchased_purges":0,"victory":false,"max_hp_per_floor":[66,66,66,66,66,66,66,66,66,66,66,66,66,66,66,66,66,66,33,33,33,33,33,33],"relic_stats":{"Nunchaku":[3],"counters":[14,59],"MawBank":156,"obtain_stats":[{"Bottled Flame":9,"Nunchaku":13,"Philosopher\u0027s Stone":17,"Paper Crane":7,"MawBank":10,"Ring of the Snake":0},{"Bottled Flame":5,"Nunchaku":8,"Philosopher\u0027s Stone":10,"Paper Crane":4,"MawBank":6,"Ring of the Snake":0},{"Bottled Flame":20,"Nunchaku":32,"Philosopher\u0027s Stone":44,"Paper Crane":14,"MawBank":23,"Ring of the Snake":0}],"Ring of the Snake":[28]},"card_choices":[{"not_picked":["Prepared","Backstab"],"picked":"Deadly Poison","floor":1.0},{"not_picked":["Finisher","Distraction"],"picked":"Crippling Poison","floor":3.0},{"not_picked":["Prepared","Acrobatics"],"picked":"PiercingWail","floor":4.0},{"not_picked":["Choke","Distraction"],"picked":"Corpse Explosion","floor":7.0},{"not_picked":["Underhanded Strike","Infinite Blades"],"picked":"Bane","floor":8.0},{"not_picked":["Poisoned Stab","Distraction"],"picked":"Dagger Throw","floor":10.0},{"not_picked":["Outmaneuver","Cloak And Dagger","PiercingWail"],"picked":"SKIP","floor":11.0},{"not_picked":["Dodge and Roll","Dash"],"picked":"Noxious Fumes","floor":13.0},{"not_picked":["Outmaneuver","Sucker Punch"],"picked":"Backflip","floor":14.0},{"not_picked":["Phantasmal Killer","Grand Finale"],"picked":"Die Die Die","floor":16},{"not_picked":["Acrobatics","Skewer"],"picked":"Slice+1","floor":18},{"not_picked":["Bouncing Flask","Outmaneuver"],"picked":"Expertise","floor":21},{"not_picked":["Deflect+1","Dagger Spray"],"picked":"Catalyst","floor":22}],"player_experience":1346184,"relics_obtained":[{"floor":7.0,"key":"Paper Crane"},{"floor":9.0,"key":"Bottled Flame"},{"floor":10.0,"key":"MawBank"},{"floor":13.0,"key":"Nunchaku"}],"event_choices":[{"cards_removed":["Strike_G"],"damage_healed":0.0,"max_hp_gain":0.0,"max_hp_loss":0.0,"gold_gain":0.0,"event_name":"The Cleric","player_choice":"Card Removal","floor":2.0,"gold_loss":75.0,"damage_taken":0.0},{"damage_healed":0.0,"max_hp_gain":0.0,"max_hp_loss":0.0,"gold_gain":0.0,"cards_transformed":["Strike_G"],"event_name":"Transmorgrifier","player_choice":"Transformed","floor":5.0,"gold_loss":0.0,"damage_taken":0.0,"cards_obtained":["Leg Sweep"]},{"damage_healed":0,"gold_gain":0,"player_choice":"Became a Ghost","damage_taken":0,"max_hp_gain":0,"max_hp_loss":33,"event_name":"Ghosts","floor":19,"gold_loss":0,"cards_obtained":["Ghostly","Ghostly","Ghostly"]},{"damage_healed":0,"gold_gain":0,"cards_transformed":["Strike_G","Strike_G"],"player_choice":"Became Test Subject","damage_taken":0,"max_hp_gain":0,"max_hp_loss":0,"event_name":"Drug Dealer","floor":20,"gold_loss":0,"cards_obtained":["Infinite Blades","Finisher"]}],"is_beta":false,"boss_relics":[{"not_picked":["SlaversCollar","Black Star"],"picked":"Philosopher\u0027s Stone"}],"items_purged_floors":[],"is_endless":false,"potions_floor_spawned":[3,7,8,16,18,21],"killed_by":"Gremlin Leader","ascension_level":20}}