{"host":"he07elbwfbprxmdo","time":1611063857,"event":{"mods":["BaseMod","Better Skull","Better Third Choice","Better Vampires","Clockwork Mod","Colored Map","Downfall","Energized Spire","Halation","Hermit","Highlight Path","Marisa????????","Minty Spire (QoL Compilation)","Relic Stats","StSLib","The Animator","The Servant 0.9.4","Unceasing Turn Reminder"],"gold_per_floor":[117,117,132,143,157,157,188,188,188,188,188,210,135,135,135,135,135],"floor_reached":16,"language":"ENG","playtime":1721,"items_purged":["Clockwork:Shield"],"score":98,"play_id":"501b80b8-8fc5-4d0d-a4a7-c9629fa9a522","local_time":"20210119154417","is_ascension_mode":false,"campfire_choices":[{"data":"Clockwork:QuantumStrike","floor":6,"key":"SMITH"},{"data":"Clockwork:WarmUp","floor":8,"key":"SMITH"},{"data":"Clockwork:Tinker","floor":11,"key":"SMITH"},{"floor":15,"key":"REST"}],"circlet_count":0,"master_deck":["Clockwork:Strike","Clockwork:Strike+1","Clockwork:Strike","Clockwork:Strike","Clockwork:Shield","Clockwork:Shield","Clockwork:Shield","Clockwork:Tinker+1","Clockwork:WarmUp+1","Clockwork:Roundhouse+1","Clockwork:QuantumStrike+1"],"relics":["Clockwork:MomentumEngine","Clockwork:BloodPhial","Clockwork:SomewhatSmoothStone","Art of War","Meat on the Bone","Odd Mushroom","The Courier"],"acts_visited":["Exordium"],"potions_floor_usage":[7],"damage_taken":[{"damage":0.0,"enemies":"Small Slimes","floor":1.0,"turns":7.0},{"damage":1.0,"enemies":"Cultist","floor":3.0,"turns":7.0},{"damage":1.0,"enemies":"2 Louse","floor":4.0,"turns":7.0},{"damage":3,"enemies":"Exordium Wildlife","floor":5,"turns":6},{"damage":26,"enemies":"Lagavulin","floor":7,"turns":9},{"damage":29,"enemies":"The Mushroom Lair","floor":12,"turns":4},{"damage":53,"enemies":"Hexaghost","floor":16,"turns":7}],"seed_played":"-2618717096100561075","potions_obtained":[{"floor":1.0,"key":"Weak Potion"},{"floor":3.0,"key":"SkillPotion"}],"is_trial":false,"path_per_floor":["M","?","M","M","M","R","E","R","T","?","R","?","$","T","R","B"],"character_chosen":"CLOCKWORK","items_purchased":[],"campfire_rested":1,"item_purchase_floors":[],"current_hp_per_floor":[85,85,85,84,82,82,58,58,58,41,41,26,26,26,51,0,0],"gold":135,"neow_bonus":"THREE_CARDS","is_daily":false,"chose_seed":false,"campfire_upgraded":3,"win_rate":0.0,"timestamp":1611063857,"path_taken":["M","?","M","M","?","R","E","R","T","?","R","?","$","?","R","BOSS"],"items_purchased_type":[],"build_version":"2020-12-22","purchased_purges":1,"victory":false,"max_hp_per_floor":[85,85,85,85,85,85,85,85,85,85,85,85,85,85,85,85,85],"relic_stats":{"counters":[7,47],"Art of War":[0],"obtain_stats":[{"Clockwork:MomentumEngine":0,"Clockwork:BloodPhial":3,"Clockwork:SomewhatSmoothStone":5,"The Courier":14,"Art of War":7,"Odd Mushroom":12,"Meat on the Bone":9},{"Clockwork:MomentumEngine":0,"Clockwork:BloodPhial":2,"Clockwork:SomewhatSmoothStone":4,"The Courier":6,"Art of War":5,"Odd Mushroom":6,"Meat on the Bone":5},{"Clockwork:MomentumEngine":0,"Clockwork:BloodPhial":13,"Clockwork:SomewhatSmoothStone":22,"The Courier":40,"Art of War":36,"Odd Mushroom":40,"Meat on the Bone":36}],"Meat on the Bone":12},"card_choices":[{"not_picked":["Clockwork:Friction","Clockwork:MechanicalBulk"],"picked":"Clockwork:Roundhouse","floor":0.0},{"not_picked":["Clockwork:SpringShield","Clockwork:StasisBreak"],"picked":"Clockwork:CraftBloodPhial","floor":1.0},{"not_picked":["Clockwork:ForgeStrike","Clockwork:ElasticNanites"],"picked":"Clockwork:CraftSomewhatSmoothStone","floor":3.0},{"not_picked":["Clockwork:ChargingBlade","Clockwork:AdaptiveCannon","Clockwork:Minimalism"],"picked":"SKIP","floor":4.0},{"not_picked":["Clockwork:Downsize","Clockwork:AssemblyLine"],"picked":"Clockwork:QuantumStrike","floor":5},{"not_picked":["Clockwork:CogBarrier","Clockwork:RampUp","Clockwork:Selectivity"],"picked":"SKIP","floor":7}],"player_experience":147189,"relics_obtained":[{"floor":7,"key":"Art of War"},{"floor":9,"key":"Meat on the Bone"},{"floor":12,"key":"Odd Mushroom"},{"floor":14,"key":"The Courier"}],"event_choices":[{"damage_healed":0.0,"max_hp_gain":0.0,"max_hp_loss":0.0,"gold_gain":0.0,"event_name":"Upgrade Shrine","player_choice":"Upgraded","floor":2.0,"gold_loss":0.0,"damage_taken":0.0,"cards_upgraded":["Clockwork:CraftBloodPhial"]},{"damage_healed":58,"gold_gain":0,"player_choice":"Upgrade","damage_taken":17,"max_hp_gain":0,"max_hp_loss":85,"event_name":"betterThird:BetterShining","floor":10,"gold_loss":0,"cards_upgraded":["Clockwork:Roundhouse","Clockwork:Strike"]},{"damage_healed":0,"gold_gain":0,"player_choice":"Fought Mushrooms","damage_taken":0,"max_hp_gain":0,"max_hp_loss":0,"event_name":"Mushrooms","floor":12,"gold_loss":0}],"is_beta":false,"boss_relics":[],"items_purged_floors":[13],"is_endless":false,"potions_floor_spawned":[1,3],"killed_by":"Hexaghost","ascension_level":0}}