{"host":"p9jk0mlyvhgdzcz4","time":1611034424,"event":{"mods":["BaseMod","Colored Map","Minty Spire (QoL Compilation)","Quick Restart","Slay the Streamer","SuperFastMode"],"gold_per_floor":[119,119,194,194,211,241,9,9,36,36,49,64,77,94,105,105,202,202,217,217,17,116,142,168,168,183,183,183,183,197,209,209,229,229,333,333,343,358,373,390,390,390],"floor_reached":41,"language":"ENG","playtime":2518,"items_purged":["Recycle+1","Hologram"],"score":442,"play_id":"751f2c95-2886-411f-a201-3bc1dc250a76","local_time":"20210118233344","is_ascension_mode":false,"campfire_choices":[{"floor":8,"key":"REST"},{"data":"Loop","floor":16,"key":"SMITH"},{"floor":29,"key":"REST"},{"data":"Loop","floor":32,"key":"SMITH"},{"data":"Blizzard","floor":34,"key":"SMITH"}],"circlet_count":0,"master_deck":["Lockon","Leap","Conserve Battery+1","Sweeping Beam","Glacier","Cold Snap","Loop+1","Cold Snap","Ball Lightning","Cold Snap","Cold Snap","Capacitor","Darkness","Barrage","Coolheaded","Reinforced Body","Chaos","BootSequence","Capacitor","Stack","Blizzard+1","Loop+1","Steam","Hologram","Self Repair","Leap+1","Sweeping Beam+1","Cold Snap","Creative AI","Turbo","Melter+1","Stack","Rebound"],"relics":["Cracked Core","The Courier","War Paint","Orrery","Bag of Marbles","Velvet Choker","Red Mask","Potion Belt","Ornamental Fan","Astrolabe","Astrolabe"],"acts_visited":["Exordium","TheCity","TheBeyond"],"potions_floor_usage":[31,31,35,41],"damage_taken":[{"damage":0,"enemies":"Cultist","floor":1,"turns":3},{"damage":3,"enemies":"Small Slimes","floor":5,"turns":2},{"damage":3,"enemies":"Lagavulin","floor":6,"turns":6},{"damage":0,"enemies":"Jaw Worm","floor":11,"turns":2},{"damage":2,"enemies":"3 Louse","floor":12,"turns":4},{"damage":0,"enemies":"Exordium Wildlife","floor":13,"turns":6},{"damage":0,"enemies":"2 Fungi Beasts","floor":14,"turns":3},{"damage":0,"enemies":"Looter","floor":15,"turns":2},{"damage":32,"enemies":"Hexaghost","floor":17,"turns":9},{"damage":5,"enemies":"Chosen","floor":19,"turns":5},{"damage":18,"enemies":"Masked Bandits","floor":23,"turns":5},{"damage":22,"enemies":"Slavers","floor":24,"turns":7},{"damage":9,"enemies":"2 Thieves","floor":26,"turns":4},{"damage":3,"enemies":"Centurion and Healer","floor":30,"turns":8},{"damage":1,"enemies":"3 Cultists","floor":31,"turns":6},{"damage":3,"enemies":"Shelled Parasite and Fungi","floor":33,"turns":8},{"damage":54,"enemies":"Collector","floor":35,"turns":15},{"damage":15,"enemies":"Orb Walker","floor":37,"turns":4},{"damage":18,"enemies":"3 Darklings","floor":38,"turns":4},{"damage":12,"enemies":"Maw","floor":39,"turns":9},{"damage":40,"enemies":"Jaw Worm Horde","floor":40,"turns":6},{"damage":12,"enemies":"Writhing Mass","floor":41,"turns":3}],"seed_played":"-7827001708956630254","potions_obtained":[{"floor":1,"key":"SteroidPotion"},{"floor":5,"key":"SteroidPotion"},{"floor":6,"key":"SteroidPotion"},{"floor":24,"key":"CultistPotion"},{"floor":31,"key":"BlessingOfTheForge"},{"floor":33,"key":"ColorlessPotion"},{"floor":39,"key":"Energy Potion"}],"is_trial":false,"path_per_floor":["M","?","?","?","M","E","$","R","T","T","M","M","M","M","M","R","B",null,"M","?","$","?","?","E","$","M","T","T","R","M","M","R","M","R","B",null,"M","M","M","M","M"],"character_chosen":"DEFECT","items_purchased":["Capacitor","Orrery","Blizzard","Loop"],"campfire_rested":2,"item_purchase_floors":[7,7,21,21],"current_hp_per_floor":[75,57,46,51,48,45,45,69,69,69,69,67,67,67,67,67,35,80,75,75,75,75,57,35,35,26,26,26,50,54,60,60,64,64,17,80,65,47,42,9,0,0],"gold":390,"neow_bonus":"REMOVE_CARD","is_daily":false,"chose_seed":false,"campfire_upgraded":3,"win_rate":0.0,"timestamp":1611034424,"path_taken":["M","?","?","?","M","E","$","R","T","M","M","M","M","M","R","BOSS","M","?","$","?","?","E","$","M","T","R","M","M","R","M","R","BOSS","M","M","M","M","M"],"items_purchased_type":["Card","Relic","Card","Card"],"build_version":"2020-12-22","purchased_purges":2,"victory":false,"max_hp_per_floor":[75,75,75,80,80,80,80,80,80,80,80,80,80,80,80,80,80,80,80,80,80,80,80,80,80,80,80,80,80,80,80,80,80,80,80,80,80,80,80,80,80,80],"card_choices":[{"not_picked":["Sweeping Beam","Compile Driver"],"picked":"Cold Snap","floor":1},{"not_picked":["Stack","Defragment"],"picked":"Recycle","floor":5},{"not_picked":["Leap","Thunder Strike"],"picked":"Cold Snap","floor":6},{"not_picked":["Hello World","Hologram"],"picked":"Darkness","floor":7},{"not_picked":["Leap","Redo"],"picked":"Barrage","floor":7},{"not_picked":["Sweeping Beam","Leap"],"picked":"Coolheaded","floor":7},{"not_picked":["Force Field","Chill"],"picked":"Reinforced Body","floor":7},{"not_picked":["Fusion","Streamline"],"picked":"Chaos","floor":11},{"not_picked":["Skim","Barrage"],"picked":"BootSequence","floor":12},{"not_picked":["Doom and Gloom","Compile Driver"],"picked":"Turbo","floor":13},{"not_picked":["Sweeping Beam","Ball Lightning"],"picked":"Hologram","floor":14},{"not_picked":["Hologram","Beam Cell"],"picked":"Capacitor","floor":15},{"not_picked":["Steam Power","Reinforced Body"],"picked":"Stack","floor":19},{"not_picked":["Coolheaded+1","Static Discharge"],"picked":"Steam","floor":23},{"not_picked":["Coolheaded+1","Chill+1"],"picked":"Hologram","floor":24},{"not_picked":["Aggregate","Streamline"],"picked":"Self Repair","floor":26},{"not_picked":["Sweeping Beam","Coolheaded"],"picked":"Leap+1","floor":30},{"not_picked":["All For One","Scrape+1"],"picked":"Sweeping Beam+1","floor":31},{"not_picked":["Go for the Eyes","Leap"],"picked":"Cold Snap","floor":33},{"not_picked":["Reboot","Buffer"],"picked":"Creative AI","floor":35},{"not_picked":["Hologram+1","Conserve Battery"],"picked":"Turbo","floor":37},{"not_picked":["BootSequence","Static Discharge+1"],"picked":"Melter+1","floor":38},{"not_picked":["Sweeping Beam","Conserve Battery"],"picked":"Stack","floor":39},{"not_picked":["Loop","Capacitor+1"],"picked":"Rebound","floor":40}],"player_experience":6955,"relics_obtained":[{"floor":6,"key":"War Paint"},{"floor":9,"key":"Bag of Marbles"},{"floor":23,"key":"Red Mask"},{"floor":24,"key":"Potion Belt"},{"floor":27,"key":"Ornamental Fan"}],"event_choices":[{"damage_healed":0,"gold_gain":0,"player_choice":"Success","damage_taken":18,"relics_obtained":["The Courier"],"max_hp_gain":0,"max_hp_loss":0,"event_name":"Scrap Ooze","floor":2,"gold_loss":0},{"damage_healed":0,"gold_gain":75,"player_choice":"Gather Gold","damage_taken":11,"max_hp_gain":0,"max_hp_loss":0,"event_name":"World of Goop","floor":3,"gold_loss":0},{"damage_healed":0,"gold_gain":0,"player_choice":"Donut","damage_taken":0,"max_hp_gain":5,"max_hp_loss":0,"event_name":"Big Fish","floor":4,"gold_loss":0},{"cards_removed":["Turbo"],"damage_healed":0,"gold_gain":0,"player_choice":"Elegance","damage_taken":0,"max_hp_gain":0,"max_hp_loss":0,"event_name":"Back to Basics","floor":20,"gold_loss":0},{"damage_healed":0,"gold_gain":99,"player_choice":"Stole From Cult","damage_taken":0,"max_hp_gain":0,"max_hp_loss":0,"event_name":"Nest","floor":22,"gold_loss":0},{"damage_healed":0,"gold_gain":0,"player_choice":"Fought Bandits","damage_taken":0,"max_hp_gain":0,"max_hp_loss":0,"event_name":"Masked Bandits","floor":23,"gold_loss":0}],"is_beta":false,"boss_relics":[{"not_picked":["Calling Bell","Fusion Hammer"],"picked":"Velvet Choker"},{"not_picked":["Tiny House","Runic Dome"],"picked":"Astrolabe"},{"not_picked":["Tiny House","Runic Dome"],"picked":"Astrolabe"}],"items_purged_floors":[7,21],"is_endless":false,"potions_floor_spawned":[1,5,6,12,17,24,31,33,39],"killed_by":"Writhing Mass","ascension_level":0}}