{"host":"pletss163z7s8pvv","time":1611019697,"event":{"mods":["AchievementEnabler","BaseMod","Better Altar","CapriCore","Colored Map","Colored Powertips","Conspire","Energized Spire","GifTheSpireLib","Hermit","Ironclad Rager","Jedi Mod","Minty Spire (QoL Compilation)","Spicy Shops","StS++","StSLib","The Alterego","The Bladedancer","The Cursed","The Disciple","The Immortal","The Marked","The Servant 0.9.4"],"gold_per_floor":[119,131,146,146,11,38,38,38,38,38,50,13,13,31,31,130,130,146,156,156,156,156],"floor_reached":20,"language":"ENG","playtime":823,"items_purged":[],"score":174,"play_id":"db20be2f-fda0-47cf-a6d7-5dbdcc374bf5","local_time":"20210118192817","is_ascension_mode":false,"campfire_choices":[{"floor":7,"key":"REST"},{"floor":8,"key":"REST"},{"data":"MokouMod:SacredFire","floor":10,"key":"SMITH"},{"floor":13,"key":"REST"},{"data":"MokouMod:FujiyamaVolcano","floor":15,"key":"SMITH"}],"circlet_count":0,"master_deck":["MokouMod:Strike","MokouMod:Strike","MokouMod:Strike","MokouMod:Strike","MokouMod:Strike","MokouMod:Defend","MokouMod:Defend","MokouMod:Defend","MokouMod:Defend","MokouMod:HeatSpark","MokouMod:FujiyamaVolcano","MokouMod:SacredFire+1","MokouMod:UncontrollableSolarReaction","MokouMod:PhoenixFeathers","MokouMod:Overheat","MokouMod:IndiscriminateIgnition","MokouMod:Afterburner","MokouMod:FujiyamaVolcano+1","MokouMod:RoaringFlare","MokouMod:Afterburner","MokouMod:FlareStarter","MokouMod:TemporalFireSeal","MokouMod:AdaptivePyromancy","MokouMod:CrimsonFlare","MokouMod:RoaringFlare","MokouMod:Rebirth","MokouMod:Singe+1","MokouMod:IndiscriminateIgnition"],"relics":["MokouMod:PhoenixFeather","HornCleat"],"acts_visited":["Exordium","TheCity"],"potions_floor_usage":[16,16],"damage_taken":[{"damage":8,"enemies":"2 Louse","floor":1,"turns":3},{"damage":11,"enemies":"Jaw Worm","floor":2,"turns":3},{"damage":6,"enemies":"Cultist","floor":3,"turns":3},{"damage":37,"enemies":"Lagavulin","floor":6,"turns":7},{"damage":12,"enemies":"3 Louse","floor":11,"turns":3},{"damage":0,"enemies":"Large Slime","floor":14,"turns":5},{"damage":26,"enemies":"Hexaghost","floor":16,"turns":8},{"damage":32,"enemies":"Shell Parasite","floor":18,"turns":6},{"damage":17,"enemies":"Chosen","floor":19,"turns":4},{"damage":27,"enemies":"Sentry and Sphere","floor":20,"turns":5}],"seed_played":"-1819913304779955875","potions_obtained":[{"floor":3,"key":"LiquidMemories"},{"floor":6,"key":"jedi:wingpotion"},{"floor":11,"key":"jedi:hoardpotion"},{"floor":14,"key":"SkillPotion"},{"floor":19,"key":"StSpp:ScatteredWeakPotion"}],"is_trial":false,"path_per_floor":["M","M","M","?","$","E","R","R","T","R","M","$","R","M","R","B",null,"M","M","M"],"character_chosen":"MKU","items_purchased":["MokouMod:RoaringFlare","MokouMod:Afterburner","MokouMod:FlareStarter","MokouMod:CrimsonFlare"],"campfire_rested":3,"item_purchase_floors":[5,5,5,12],"current_hp_per_floor":[74,63,57,57,57,20,44,68,68,68,56,56,80,80,80,54,82,50,33,6,6,6],"gold":156,"neow_bonus":"TEN_PERCENT_HP_BONUS","is_daily":false,"chose_seed":false,"campfire_upgraded":2,"win_rate":0.0,"timestamp":1611019697,"path_taken":["M","M","M","?","$","E","R","R","T","R","M","$","R","M","R","BOSS","M","M","M"],"items_purchased_type":["Card","Card","Card","Card"],"build_version":"2020-12-22","purchased_purges":0,"victory":false,"max_hp_per_floor":[82,82,82,82,82,82,82,82,82,82,82,82,82,82,82,82,82,82,82,82,82,82],"card_choices":[{"not_picked":["MokouMod:Stoke","MokouMod:InfernalWave"],"picked":"MokouMod:FujiyamaVolcano","floor":1},{"not_picked":["MokouMod:BlazingComet","MokouMod:Firecracker"],"picked":"MokouMod:SacredFire","floor":2},{"not_picked":["MokouMod:Trailblazer","MokouMod:ImperishableFlame"],"picked":"MokouMod:UncontrollableSolarReaction","floor":3},{"not_picked":["MokouMod:RetainTemperature","MokouMod:ThermalPressure"],"picked":"MokouMod:TemporalFireSeal","floor":6},{"not_picked":["MokouMod:BlazingComet","MokouMod:Refresh"],"picked":"MokouMod:AdaptivePyromancy","floor":11},{"not_picked":["MokouMod:EternalBurstReactor","MokouMod:Overheat"],"picked":"MokouMod:RoaringFlare","floor":14},{"not_picked":["MokouMod:Geothermal","MokouMod:ExplosiveFlame"],"picked":"MokouMod:Rebirth","floor":16},{"not_picked":["MokouMod:FujiyamaVolcano","MokouMod:EternalBurstReactor"],"picked":"MokouMod:Singe+1","floor":18},{"not_picked":["MokouMod:Burn","MokouMod:RoaringFlare"],"picked":"MokouMod:IndiscriminateIgnition","floor":19}],"player_experience":430255,"relics_obtained":[{"floor":6,"key":"HornCleat"}],"event_choices":[],"is_beta":false,"boss_relics":[{"not_picked":["Snecko Eye","jedi:hotpepper","energizedSpire:MagnifyingGlass"]}],"items_purged_floors":[],"is_endless":false,"potions_floor_spawned":[3,6,11,14,19],"killed_by":"Sentry and Sphere","ascension_level":0}}