{"host":"d9m9v0h6vo0edadb","time":1611055521,"event":{"mods":["BaseMod","Hermit","Keyboard Shortcuts","Minty Spire (QoL Compilation)","StSLib","SuperFastMode","The Cursed"],"gold_per_floor":[118,138,63,79,79,79,92,92,92],"floor_reached":8,"language":"KOR","playtime":143,"items_purged":["Strike_G"],"score":96,"play_id":"b7003590-2460-4dbf-9474-870d605ca9ee","local_time":"20210119202521","is_ascension_mode":true,"campfire_choices":[{"data":"Blade Dance","floor":6,"key":"SMITH"}],"circlet_count":0,"master_deck":["AscendersBane","Strike_G","Strike_G+1","Strike_G","Defend_G","Defend_G","Defend_G","Defend_G","Defend_G","Survivor","Neutralize","Infinite Blades","Cloak And Dagger+1","Footwork","Blade Dance+1","Backstab"],"relics":["Ring of the Snake"],"acts_visited":["Exordium"],"potions_floor_usage":[7,7],"damage_taken":[{"damage":8,"enemies":"2 Louse","floor":1,"turns":4},{"damage":1,"enemies":"Small Slimes","floor":2,"turns":4},{"damage":7,"enemies":"Jaw Worm","floor":4,"turns":7},{"damage":0,"enemies":"Exordium Thugs","floor":7,"turns":4},{"damage":25,"enemies":"3 Sentries","floor":8,"turns":8}],"seed_played":"8450952637831109662","potions_obtained":[{"floor":2,"key":"Block Potion"},{"floor":4,"key":"Fire Potion"}],"is_trial":false,"path_per_floor":["M","M","$","M","?","R","M","E"],"character_chosen":"THE_SILENT","items_purchased":[],"campfire_rested":0,"item_purchase_floors":[],"current_hp_per_floor":[51,50,50,43,23,23,23,0,0],"gold":92,"neow_bonus":"TRANSFORM_CARD","is_daily":false,"chose_seed":false,"campfire_upgraded":1,"win_rate":0.0,"timestamp":1611055521,"path_taken":["M","M","$","M","?","R","M","E"],"items_purchased_type":[],"build_version":"2020-12-22","purchased_purges":1,"victory":false,"max_hp_per_floor":[66,66,66,66,66,66,66,66,66],"card_choices":[{"not_picked":["Dagger Spray","Outmaneuver"],"picked":"Cloak And Dagger","floor":1},{"not_picked":["Crippling Poison","Deflect"],"picked":"Footwork","floor":2},{"not_picked":["Tactician","Dodge and Roll"],"picked":"Blade Dance","floor":4},{"not_picked":["Caltrops","Quick Slash"],"picked":"Backstab","floor":7}],"player_experience":978553,"relics_obtained":[],"event_choices":[{"damage_healed":0,"gold_gain":0,"player_choice":"Entered Light","damage_taken":20,"max_hp_gain":0,"max_hp_loss":0,"event_name":"Shining Light","floor":5,"gold_loss":0,"cards_upgraded":["Cloak And Dagger","Strike_G"]}],"is_beta":false,"boss_relics":[],"items_purged_floors":[3],"is_endless":false,"potions_floor_spawned":[2,4],"killed_by":"3 Sentries","ascension_level":20}}