{"host":"1z4hbl9vfqrhg136","time":1611097072,"event":{"mods":["BaseMod","Minty Spire (QoL Compilation)"],"gold_per_floor":[112,128,53,73,92,126,126,146,146,146,178,189,189,223,223,297,297,310,35,35,45,6,32,32,32,32],"floor_reached":25,"language":"ENG","playtime":1936,"items_purged":[],"score":557,"play_id":"ea94189a-01ad-4bcb-a4ab-5b64bfca2866","local_time":"20210119225752","is_ascension_mode":true,"campfire_choices":[{"data":"Predator","floor":7,"key":"SMITH"},{"floor":10,"key":"REST"},{"data":"Doppelganger","floor":15,"key":"SMITH"},{"data":"Skewer","floor":24,"key":"SMITH"}],"circlet_count":0,"master_deck":["AscendersBane","Defend_G","Defend_G","Defend_G","Defend_G","Survivor","Neutralize","Masterful Stab","Flying Knee","Blade Dance","Leg Sweep","Terror","Predator+1","Doppelganger+1","Dash","Skewer+1","Unload","A Thousand Cuts","Bite","Bite","Bite","Bite","Bite","Caltrops+1"],"relics":["Ring of the Snake","Incense Burner","Mercury Hourglass","Meat on the Bone","Letter Opener","Bottled Lightning","Snecko Eye","Frozen Egg 2","Mango"],"acts_visited":["Exordium","TheCity"],"potions_floor_usage":[25,25],"damage_taken":[{"damage":4.0,"enemies":"Small Slimes","floor":1.0,"turns":3.0},{"damage":4.0,"enemies":"Jaw Worm","floor":2.0,"turns":4.0},{"damage":0.0,"enemies":"Cultist","floor":4.0,"turns":3.0},{"damage":6.0,"enemies":"2 Fungi Beasts","floor":5.0,"turns":3.0},{"damage":24,"enemies":"Gremlin Nob","floor":6,"turns":4},{"damage":2,"enemies":"3 Louse","floor":8,"turns":5},{"damage":3,"enemies":"3 Sentries","floor":11,"turns":6},{"damage":0,"enemies":"Lots of Slimes","floor":12,"turns":3},{"damage":0,"enemies":"Gremlin Nob","floor":14,"turns":3},{"damage":18,"enemies":"The Guardian","floor":16,"turns":9},{"damage":0,"enemies":"Spheric Guardian","floor":18,"turns":3},{"damage":7,"enemies":"3 Byrds","floor":21,"turns":4},{"damage":3,"enemies":"Gremlin Leader","floor":23,"turns":4},{"damage":61,"enemies":"Slavers","floor":25,"turns":4}],"seed_played":"-5758823624042049482","potions_obtained":[{"floor":1.0,"key":"Weak Potion"},{"floor":4.0,"key":"EssenceOfSteel"},{"floor":11,"key":"DuplicationPotion"},{"floor":14,"key":"CunningPotion"}],"is_trial":false,"path_per_floor":["M","M","?","M","M","E","R","M","T","R","E","M","?","E","R","B",null,"M","$","?","M","$","E","R","E"],"character_chosen":"THE_SILENT","items_purchased":["Frozen Egg 2","Caltrops+1"],"campfire_rested":1,"item_purchase_floors":[19,22],"current_hp_per_floor":[55,51,51,51,45,21,21,19,19,38,35,35,35,35,35,29,57,57,57,46,45,45,60,60,0,0],"gold":32,"neow_bonus":"TRANSFORM_TWO_CARDS","is_daily":false,"chose_seed":false,"campfire_upgraded":3,"win_rate":0.0,"timestamp":1611097072,"path_taken":["M","M","?","M","M","E","R","M","T","R","E","M","?","E","R","BOSS","M","?","?","M","$","E","R","E"],"items_purchased_type":["Relic","Card"],"build_version":"2020-12-22","purchased_purges":0,"victory":false,"max_hp_per_floor":[66,66,66,66,66,66,66,66,66,66,66,66,66,66,66,66,66,66,66,46,46,46,60,60,60,60],"card_choices":[{"not_picked":["Quick Slash","Outmaneuver"],"picked":"Blade Dance","floor":1.0},{"not_picked":["Deadly Poison","Slice"],"picked":"Leg Sweep","floor":2.0},{"not_picked":["Dagger Throw","Outmaneuver"],"picked":"Terror","floor":4.0},{"not_picked":["Outmaneuver","Dagger Spray"],"picked":"Predator","floor":5.0},{"not_picked":["Flying Knee","Quick Slash"],"picked":"Doppelganger","floor":6},{"not_picked":["Flying Knee","Dagger Spray"],"picked":"Dash","floor":8},{"not_picked":["Dodge and Roll","Infinite Blades","Sucker Punch"],"picked":"SKIP","floor":11},{"not_picked":["Dagger Throw","Poisoned Stab"],"picked":"Skewer","floor":12},{"not_picked":["Blade Dance","Tactician"],"picked":"Unload","floor":14},{"not_picked":["Glass Knife","Night Terror"],"picked":"A Thousand Cuts","floor":16},{"not_picked":["Dagger Spray","Outmaneuver+1","Acrobatics+1"],"picked":"SKIP","floor":18},{"not_picked":["Deadly Poison+1","Slice","Acrobatics"],"picked":"SKIP","floor":21},{"not_picked":["Sucker Punch","Prepared","Night Terror"],"picked":"SKIP","floor":23}],"player_experience":1902149,"relics_obtained":[{"floor":6,"key":"Incense Burner"},{"floor":9,"key":"Mercury Hourglass"},{"floor":11,"key":"Meat on the Bone"},{"floor":14,"key":"Bottled Lightning"},{"floor":23,"key":"Mango"}],"event_choices":[{"cards_removed":["Normality"],"damage_healed":0.0,"max_hp_gain":0.0,"max_hp_loss":0.0,"gold_gain":0.0,"event_name":"The Cleric","player_choice":"Card Removal","floor":3.0,"gold_loss":75.0,"damage_taken":0.0},{"damage_healed":0,"gold_gain":0,"player_choice":"Gave Potion","damage_taken":0,"relics_obtained":["Letter Opener"],"max_hp_gain":0,"max_hp_loss":0,"event_name":"WeMeetAgain","floor":13,"gold_loss":0},{"damage_healed":0,"gold_gain":0,"player_choice":"Became a vampire","damage_taken":0,"max_hp_gain":0,"max_hp_loss":20,"event_name":"Vampires","floor":20,"gold_loss":0,"cards_obtained":["Bite","Bite","Bite","Bite","Bite"]}],"is_beta":false,"boss_relics":[{"not_picked":["Cursed Key","Runic Dome"],"picked":"Snecko Eye"}],"items_purged_floors":[],"is_endless":false,"potions_floor_spawned":[1,4,8,11,14,21],"killed_by":"Slavers","ascension_level":20}}