{"host":"l7l2v2zs4hqku4vk","time":1611054410,"event":{"mods":["Act Like it!","BaseMod","Colored Powertips","Highlight Path","Minty Spire (QoL Compilation)","Replay The Spire","RumiaBox-露米娅的神秘盒子","StSLib","TestMod","The Servant 0.9.4","篝火指南"],"gold_per_floor":[144,144,544,589,316,192,0,0,25,25,209,308,353,398,18,318,318,372,417,165,210,264,39,39,39],"floor_reached":24,"language":"ZHS","playtime":1395,"items_purged":["Strike_R","Strike_R","Strike_R","Strike_R","Strike_R","Doubt"],"score":221,"play_id":"d03d5d48-9339-4d9a-9fa3-804a697b4abd","local_time":"20210119190650","daily_mods":["Allstar","Blue Cards","Midas"],"is_ascension_mode":false,"campfire_choices":[{"floor":8,"key":"REST"}],"circlet_count":0,"master_deck":["Defend_R","Defend_R","Defend_R","Defend_R","Bash","Replay:Sssssssssshield","Panache+1","testmod-ComboMaster","testmod-DisillusionmentEcho+1","Bandage Up","Gash","Coolheaded","Pommel Strike","Heatsinks","Bloodletting","Apotheosis","Thunderclap+1","testmod-BackupPower+1","Loop+1"],"relics":["Burning Blood","testmod-BatchProcessingSystem","Guide Book","CeramicFish","ReplayTheSpireMod:Spearhead","Membership Card","testmod-SaigiyounoYou","Golden Egg","Paper Frog"],"acts_visited":["Exordium","TheCity"],"potions_floor_usage":[12,16,19],"damage_taken":[{"damage":8,"enemies":"Small Slimes","floor":1,"turns":5},{"damage":6,"enemies":"Jaw Worm","floor":4,"turns":3},{"damage":9,"enemies":"3 Sentries","floor":12,"turns":8},{"damage":3,"enemies":"2 Louse","floor":13,"turns":2},{"damage":21,"enemies":"2 Fungi Beasts","floor":14,"turns":4},{"damage":14,"enemies":"The Guardian","floor":16,"turns":4},{"damage":28,"enemies":"Spheric Guardian","floor":18,"turns":8},{"damage":0,"enemies":"3 Byrds","floor":19,"turns":3},{"damage":47,"enemies":"Shelled Parasite and Fungi","floor":21,"turns":7},{"damage":38,"enemies":"Snake Plant","floor":22,"turns":5},{"damage":73,"enemies":"Gremlin Leader","floor":24,"turns":3}],"seed_played":"3706737729498028133","potions_obtained":[{"floor":1,"key":"FearPotion"},{"floor":4,"key":"Explosive Potion"},{"floor":13,"key":"LiquidBronze"},{"floor":16,"key":"SkillPotion"},{"floor":19,"key":"ElixirPotion"}],"is_trial":false,"path_per_floor":["M","?","?","M","$","R","$","R","T","R","?","E","M","M","R","B",null,"M","M","$","M","M","R","E"],"character_chosen":"IRONCLAD","items_purchased":["Guide Book","Coolheaded","Pommel Strike","Heatsinks","Apotheosis","Membership Card","Golden Egg","testmod-BackupPower","Paper Frog"],"campfire_rested":1,"item_purchase_floors":[5,5,6,7,15,15,20,20,23],"current_hp_per_floor":[78,83,83,85,85,85,85,85,85,85,85,85,85,74,74,72,85,65,85,85,68,55,55,0,0],"gold":39,"neow_bonus":"","is_daily":true,"chose_seed":false,"campfire_upgraded":0,"win_rate":0.0,"timestamp":1611054410,"path_taken":["M","?","?","M","$","R","?","R","T","R","?","E","M","M","R","BOSS","M","M","$","M","M","R","E"],"items_purchased_type":["Relic","Card","Card","Card","Card","Relic","Relic","Card","Relic"],"build_version":"2020-12-22","purchased_purges":6,"victory":false,"max_hp_per_floor":[80,85,85,85,85,85,85,85,85,85,85,85,85,85,85,85,85,85,85,85,85,85,85,85,85],"card_choices":[{"not_picked":["Beam Cell","ReplayGash"],"picked":"Gash","floor":1},{"not_picked":["Cold Snap","Meteor Strike","Consume"],"picked":"SKIP","floor":4},{"not_picked":["Leap","FTL"],"picked":"Bloodletting","floor":12},{"not_picked":["Heavy Blade","True Grit","Run Through"],"picked":"SKIP","floor":13},{"not_picked":["Cleave","Panic Button","Impervious"],"picked":"SKIP","floor":14},{"not_picked":["Barrage","Compile Driver"],"picked":"Thunderclap+1","floor":18},{"not_picked":["Cold Snap","Chaos","ReplayTheSpireMod:GoodbyeWorld"],"picked":"SKIP","floor":19},{"not_picked":["Sunder+1","Infernal Blade","Self Repair"],"picked":"SKIP","floor":21},{"not_picked":["Turbo","Burning Pact"],"picked":"Loop+1","floor":22}],"player_experience":1712069,"relics_obtained":[{"floor":9,"key":"CeramicFish"},{"floor":12,"key":"ReplayTheSpireMod:Spearhead"}],"event_choices":[{"damage_healed":0,"gold_gain":0,"player_choice":"Donut","damage_taken":0,"max_hp_gain":5,"max_hp_loss":0,"event_name":"Big Fish","floor":2,"gold_loss":0},{"damage_healed":0,"gold_gain":400,"player_choice":"Sell","damage_taken":0,"max_hp_gain":0,"max_hp_loss":0,"event_name":"恩洛斯的盘子","floor":3,"relics_lost":["testmod-TestBox"],"gold_loss":0},{"damage_healed":0,"gold_gain":175,"player_choice":"AGREE","damage_taken":0,"max_hp_gain":0,"max_hp_loss":0,"event_name":"Liars Game","floor":11,"gold_loss":0,"cards_obtained":["Doubt"]}],"is_beta":false,"boss_relics":[{"not_picked":["Sozu","Snecko Heart"],"picked":"testmod-SaigiyounoYou"}],"items_purged_floors":[5,6,7,15,20,23],"is_endless":false,"potions_floor_spawned":[1,4,13,16,19],"killed_by":"Gremlin Leader","ascension_level":0}}