{"host":"e2ju6k0wppswbhbd","time":1611090284,"event":{"mods":["BaseMod","Minty Spire (QoL Compilation)","Rare Cards Sparkle","StSLib"],"gold_per_floor":[115,127,146,157,169,169,119,131,178,207,222,222,242,254,254,351,351,365,365,385,385,104,104,132,132,132,143,177,187,187,199,199,295,295,314,314,330,347,365,365,392,409,409,409,409,423,437,451,451,451,451],"floor_reached":50,"language":"FRA","playtime":7212,"items_purged":[],"score":549,"play_id":"1d5205bb-0b92-4387-bf75-85f55f0856bd","local_time":"20210119220444","is_ascension_mode":false,"campfire_choices":[{"floor":6.0,"key":"RECALL"},{"data":"Backflip","floor":15.0,"key":"SMITH"},{"data":"Survivor","floor":23.0,"key":"SMITH"},{"data":"Underhanded Strike","floor":25.0,"key":"SMITH"},{"floor":30.0,"key":"REST"},{"data":"Dash","floor":32.0,"key":"SMITH"},{"data":"Dagger Spray","floor":40,"key":"SMITH"},{"data":"Blade Dance","floor":44,"key":"SMITH"},{"floor":49,"key":"REST"}],"circlet_count":0,"master_deck":["Strike_G","Strike_G","Strike_G","Strike_G","Defend_G","Defend_G","Defend_G","Defend_G","Survivor+1","Neutralize+1","Quick Slash","Dagger Throw","Dagger Spray+1","Footwork","Deadly Poison","Dash+1","PiercingWail","Backflip+1","Escape Plan","Caltrops","Adrenaline","Blade Dance+1","Sucker Punch","Underhanded Strike+1","Well Laid Plans","Slice","Prepared","Bouncing Flask+1","PiercingWail+1","Leg Sweep+1","Crippling Poison+1","Calculated Gamble+1","Adrenaline+1","Cloak And Dagger+1","Backflip+1","Reflex+1","Deadly Poison+1","Blade Dance+1","Backstab+1","Decay","Writhe"],"relics":["Ring of the Snake","Toy Ornithopter","Blood Vial","WristBlade","PreservedInsect","Toxic Egg 2","Mercury Hourglass","Smiling Mask","Cursed Key","Orichalcum","Meat on the Bone","Frozen Egg 2"],"acts_visited":["Exordium","TheCity","TheBeyond"],"potions_floor_usage":[39,42,50],"damage_taken":[{"damage":0.0,"enemies":"Cultist","floor":1.0,"turns":4.0},{"damage":0.0,"enemies":"Small Slimes","floor":2.0,"turns":2.0},{"damage":0.0,"enemies":"2 Louse","floor":3.0,"turns":2.0},{"damage":4.0,"enemies":"Exordium Thugs","floor":4.0,"turns":6.0},{"damage":0.0,"enemies":"Red Slaver","floor":5.0,"turns":4.0},{"damage":13.0,"enemies":"Large Slime","floor":8.0,"turns":6.0},{"damage":19.0,"enemies":"Gremlin Nob","floor":10.0,"turns":5.0},{"damage":0.0,"enemies":"Blue Slaver","floor":11.0,"turns":4.0},{"damage":3.0,"enemies":"Gremlin Gang","floor":13.0,"turns":4.0},{"damage":0.0,"enemies":"Exordium Thugs","floor":14.0,"turns":6.0},{"damage":14.0,"enemies":"The Guardian","floor":16.0,"turns":11.0},{"damage":0.0,"enemies":"3 Byrds","floor":18.0,"turns":4.0},{"damage":2.0,"enemies":"2 Thieves","floor":20.0,"turns":4.0},{"damage":24.0,"enemies":"Gremlin Leader","floor":24.0,"turns":7.0},{"damage":10.0,"enemies":"Snecko","floor":27.0,"turns":4.0},{"damage":9.0,"enemies":"Slavers","floor":28.0,"turns":4.0},{"damage":4.0,"enemies":"Centurion and Healer","floor":29.0,"turns":7.0},{"damage":6.0,"enemies":"Snake Plant","floor":31.0,"turns":4.0},{"damage":52.0,"enemies":"Collector","floor":33.0,"turns":12.0},{"damage":0.0,"enemies":"3 Shapes","floor":35.0,"turns":4.0},{"damage":5.0,"enemies":"3 Darklings","floor":37.0,"turns":5.0},{"damage":0,"enemies":"4 Shapes","floor":38,"turns":4},{"damage":2,"enemies":"Jaw Worm Horde","floor":39,"turns":4},{"damage":23,"enemies":"Giant Head","floor":41,"turns":8},{"damage":5,"enemies":"Sphere and 2 Shapes","floor":42,"turns":5},{"damage":12,"enemies":"3 Darklings","floor":46,"turns":3},{"damage":2,"enemies":"Maw","floor":47,"turns":7},{"damage":7,"enemies":"Writhing Mass","floor":48,"turns":6},{"damage":85,"enemies":"Time Eater","floor":50,"turns":10}],"seed_played":"4407536175728094869","potions_obtained":[{"floor":8.0,"key":"LiquidBronze"},{"floor":10.0,"key":"Swift Potion"},{"floor":11.0,"key":"DuplicationPotion"},{"floor":13.0,"key":"ColorlessPotion"},{"floor":16.0,"key":"ColorlessPotion"},{"floor":18.0,"key":"GamblersBrew"},{"floor":29.0,"key":"Swift Potion"},{"floor":31.0,"key":"Dexterity Potion"},{"floor":35.0,"key":"Swift Potion"},{"floor":41,"key":"LiquidMemories"},{"floor":47,"key":"Energy Potion"},{"floor":48,"key":"PowerPotion"}],"is_trial":false,"path_per_floor":["M","M","M","M","M","R","?","M","T","E","M","?","M","M","R","B",null,"M","T","M","?","$","R","E","R","T","M","E","M","R","M","R","B",null,"M","?","M","M","M","R","E","M","T","R","T","M","M","M","R","B"],"character_chosen":"THE_SILENT","items_purchased":["Well Laid Plans","Slice","Prepared","PreservedInsect"],"campfire_rested":2,"item_purchase_floors":[22,22,22,22],"current_hp_per_floor":[70,70,70,66,66,66,66,53,53,34,36,36,40,42,42,35,70,70,70,70,70,70,70,46,46,46,38,31,29,50,46,46,6,70,70,70,65,67,70,70,47,49,49,49,49,39,39,46,67,0,0],"gold":451,"neow_bonus":"UPGRADE_CARD","is_daily":false,"chose_seed":false,"campfire_upgraded":6,"win_rate":0.0,"timestamp":1611090284,"path_taken":["M","M","M","M","?","R","?","M","T","E","M","?","?","M","R","BOSS","M","?","M","?","$","R","E","R","T","M","E","M","R","M","R","BOSS","M","?","M","?","M","R","E","M","T","R","?","M","M","?","R","BOSS"],"items_purchased_type":["Card","Card","Card","Relic"],"build_version":"2020-12-22","purchased_purges":0,"victory":false,"max_hp_per_floor":[70,70,70,70,70,70,70,70,70,70,70,70,70,70,70,70,70,70,70,70,70,70,70,70,70,70,70,70,70,70,70,70,70,70,70,70,70,70,70,70,70,70,70,70,70,70,70,70,70,70,70],"card_choices":[{"not_picked":["Dodge and Roll","Outmaneuver"],"picked":"Quick Slash","floor":1.0},{"not_picked":["Wraith Form v2","Predator"],"picked":"Dagger Throw","floor":2.0},{"not_picked":["Outmaneuver","Prepared"],"picked":"Dagger Spray","floor":3.0},{"not_picked":["Backflip","Dagger Throw"],"picked":"Footwork","floor":4.0},{"not_picked":["Well Laid Plans","Predator"],"picked":"Deadly Poison","floor":5.0},{"not_picked":["Bane","Dagger Spray"],"picked":"Dash","floor":8.0},{"not_picked":["Grand Finale","Reflex"],"picked":"PiercingWail","floor":10.0},{"not_picked":["All Out Attack","Dodge and Roll"],"picked":"Backflip","floor":11.0},{"not_picked":["Deadly Poison","Deflect"],"picked":"Escape Plan","floor":13.0},{"not_picked":["Flechettes","Cloak And Dagger"],"picked":"Caltrops","floor":14.0},{"not_picked":["Unload","Glass Knife"],"picked":"Adrenaline","floor":16.0},{"not_picked":["Bane","Slice+1"],"picked":"Blade Dance","floor":18.0},{"not_picked":["Backflip","Outmaneuver"],"picked":"Sucker Punch","floor":20.0},{"not_picked":["Noxious Fumes","Eviscerate"],"picked":"Bouncing Flask+1","floor":24.0},{"not_picked":["A Thousand Cuts","Deflect+1"],"picked":"PiercingWail+1","floor":27.0},{"not_picked":["Dodge and Roll+1","Quick Slash"],"picked":"Leg Sweep+1","floor":28.0},{"not_picked":["Acrobatics+1","Deflect+1"],"picked":"Crippling Poison+1","floor":29.0},{"not_picked":["Leg Sweep+1","Well Laid Plans+1"],"picked":"Calculated Gamble+1","floor":31.0},{"not_picked":["Bullet Time+1","Grand Finale"],"picked":"Adrenaline+1","floor":33.0},{"not_picked":["Dodge and Roll+1","Reflex+1"],"picked":"Cloak And Dagger+1","floor":35.0},{"not_picked":["Well Laid Plans","Caltrops+1"],"picked":"Backflip+1","floor":37.0},{"not_picked":["Eviscerate","Dagger Spray"],"picked":"Reflex+1","floor":38},{"not_picked":["Footwork+1","Masterful Stab+1"],"picked":"Deadly Poison+1","floor":39},{"not_picked":["Phantasmal Killer+1","Bane+1"],"picked":"Blade Dance+1","floor":41},{"not_picked":["Well Laid Plans","Dodge and Roll+1"],"picked":"Backstab+1","floor":42},{"not_picked":["Dagger Spray","Footwork+1","Quick Slash+1"],"picked":"SKIP","floor":46},{"not_picked":["Adrenaline+1","Expertise+1","Blade Dance+1"],"picked":"SKIP","floor":47},{"not_picked":["Calculated Gamble+1","Bane","Dodge and Roll+1"],"picked":"SKIP","floor":48}],"player_experience":2730922,"relics_obtained":[{"floor":9.0,"key":"Toy Ornithopter"},{"floor":10.0,"key":"Blood Vial"},{"floor":24.0,"key":"Toxic Egg 2"},{"floor":26.0,"key":"Mercury Hourglass"},{"floor":28.0,"key":"Smiling Mask"},{"floor":41,"key":"Orichalcum"},{"floor":43,"key":"Meat on the Bone"},{"floor":45,"key":"Frozen Egg 2"}],"event_choices":[{"cards_removed":["Strike_G"],"damage_healed":0.0,"max_hp_gain":0.0,"max_hp_loss":0.0,"gold_gain":0.0,"event_name":"The Cleric","player_choice":"Card Removal","floor":7.0,"gold_loss":50.0,"damage_taken":0.0},{"cards_removed":["Defend_G"],"damage_healed":0.0,"max_hp_gain":0.0,"max_hp_loss":0.0,"gold_gain":0.0,"event_name":"Bonfire Elementals","player_choice":"Offered Basic","floor":12.0,"gold_loss":0.0,"damage_taken":0.0},{"damage_healed":0.0,"max_hp_gain":0.0,"max_hp_loss":0.0,"gold_gain":0.0,"event_name":"The Library","player_choice":"Read","floor":21.0,"gold_loss":0.0,"damage_taken":0.0,"cards_obtained":["Underhanded Strike"]},{"damage_healed":0.0,"max_hp_gain":0.0,"max_hp_loss":0.0,"gold_gain":0.0,"event_name":"SecretPortal","player_choice":"Ignored","floor":36.0,"gold_loss":0.0,"damage_taken":0.0}],"is_beta":false,"boss_relics":[{"not_picked":["Snecko Eye","Busted Crown"],"picked":"WristBlade"},{"not_picked":["Runic Pyramid","Ring of the Serpent"],"picked":"Cursed Key"}],"items_purged_floors":[],"is_endless":false,"potions_floor_spawned":[8,10,11,13,16,18,29,31,35,41,47,48],"killed_by":"Time Eater","ascension_level":0}}