{"host":"mvq3y0vr4azttkc6","time":1611076870,"event":{"mods":["BaseMod","Colored Powertips","Minty Spire (QoL Compilation)","Replay The Spire","StSLib","The Animator"],"gold_per_floor":[122,44,44,44,73,73,73,91,117,117,117,192,223,242,242,344,344,363,376,93,93,93,93,33,33,60,60,90,105,105,145,145,253,353,374,424,0,31,31,64,123,138,138,138,138,138,90,90,90,94],"floor_reached":51,"language":"RUS","playtime":5976,"items_purged":[],"score":652,"play_id":"f6ead6d1-b88f-4f83-b645-995b958b48f0","local_time":"20210119202110","is_ascension_mode":false,"campfire_choices":[{"data":"animator:Kazuma","floor":6.0,"key":"SMITH"},{"data":"Pot Of Greed","floor":10.0,"key":"SMITH"},{"floor":15.0,"key":"REST"},{"floor":23,"key":"REST"},{"data":"animator:Megumin+8","floor":25,"key":"SMITH"},{"data":"animator:Megumin+9","floor":27,"key":"SMITH"},{"data":"animator:Wiz","floor":32,"key":"SMITH"},{"floor":44,"key":"REST"},{"floor":45,"key":"RECALL"},{"data":"animator:Megumin+19","floor":49,"key":"SMITH"}],"circlet_count":0,"master_deck":["animator:Strike_Konosuba+1","animator:Defend_Konosuba+1","animator:Strike+1","animator:Strike+1","animator:Defend+1","animator:Defend+1","animator:Defend+1","animator:Kazuma+1","animator:Aqua","animator:Mitsuba","animator:Megumin+20","animator:HighElfArcher+1","animator:YunYun+1","Pot Of Greed+1","Pot Of Greed","animator:Hans","animator:Rimuru","animator:Witch","animator:Konayuki","animator:GuildGirl","animator:Wiz+1","animator:Wiz","animator:Millim+1","Pot Of Greed","animator:Sonic","animator:Darkness","animator:Shichika+1","animator:DolaSchwi+1","animator:Wiz","animator:Spearman"],"relics":["animator:LivingPicture","animator:TheMissingPiece","NeowsBlessing","ReplayTheSpireMod:Ring of Exchange","Ring of Fury","Grinning Jar","HornCleat","Replay:Bronze Core","animator:ShionDessert","Whetstone","Question Card","Replay:Baseball","Replay:Wanted Poster","WingedGreaves","Red Mask","animator:HeavyHalberd"],"acts_visited":["Exordium","TheCity","TheBeyond"],"potions_floor_usage":[33,33,33,33,50],"damage_taken":[{"damage":0.0,"enemies":"2 Louse","floor":1.0,"turns":1.0},{"damage":0.0,"enemies":"Small Slimes","floor":5.0,"turns":1.0},{"damage":0.0,"enemies":"Jaw Worm","floor":8.0,"turns":1.0},{"damage":14.0,"enemies":"Lagavulin","floor":13.0,"turns":6.0},{"damage":0.0,"enemies":"Blue Slaver","floor":14.0,"turns":6.0},{"damage":19.0,"enemies":"The Guardian","floor":16.0,"turns":10.0},{"damage":1,"enemies":"3 Byrds","floor":18,"turns":4},{"damage":0,"enemies":"Chosen","floor":19,"turns":3},{"damage":7,"enemies":"Slavers","floor":28,"turns":2},{"damage":0,"enemies":"Sentry and Sphere","floor":29,"turns":1},{"damage":0,"enemies":"animator:HornedBat","floor":31,"turns":4},{"damage":19,"enemies":"Champ","floor":33,"turns":10},{"damage":8,"enemies":"Orb Walker","floor":35,"turns":3},{"damage":8,"enemies":"Mind Bloom Boss Battle","floor":36,"turns":5},{"damage":0,"enemies":"3 Shapes","floor":38,"turns":3},{"damage":0,"enemies":"Transient","floor":40,"turns":5},{"damage":31,"enemies":"2 Orb Walkers","floor":41,"turns":4},{"damage":0,"enemies":"4 Shapes","floor":42,"turns":1},{"damage":48,"enemies":"Awakened One","floor":50,"turns":9}],"seed_played":"-4068973091954047733","potions_obtained":[{"floor":13.0,"key":"Strength Potion"},{"floor":16.0,"key":"EntropicBrew"},{"floor":19,"key":"Strength Potion"},{"floor":33,"key":"Swift Potion"},{"floor":41,"key":"Strength Potion"}],"is_trial":false,"path_per_floor":["M","$","?","?","M","R","?","M","T","R","?","?","E","M","R","B",null,"M","M","$","?","$","R","?","R","T","R","E","M","?","E","R","B",null,"M","?","?","M","$","M","?","M","T","R","R","?","$","?","R","B",null],"character_chosen":"THE_ANIMATOR","items_purchased":["animator:Megumin","animator:ShionDessert","animator:Megumin","animator:Konayuki","animator:Spearman"],"campfire_rested":3,"item_purchase_floors":[2,20,20,20,47],"current_hp_per_floor":[66,66,66,71,71,71,71,71,71,71,57,46,34,37,58,41,72,71,72,72,59,59,77,77,77,77,77,70,70,70,72,72,55,77,69,63,63,64,64,66,37,39,39,62,62,62,62,62,62,16],"gold":94,"neow_bonus":"THREE_ENEMY_KILL","is_daily":false,"chose_seed":false,"campfire_upgraded":6,"win_rate":0.0,"timestamp":1611076870,"path_taken":["M","$","?","?","M","R","?","M","T","R","?","?","E","M","R","BOSS","M","M","$","?","$","R","?","R","T","R","E","M","?","E","R","BOSS","M","?","?","M","$","M","?","?","T","R","R","?","$","?","R","BOSS"],"items_purchased_type":["Card","Relic","Card","Card","Card"],"build_version":"2020-12-22","purchased_purges":0,"victory":true,"max_hp_per_floor":[66,66,66,71,71,71,71,71,71,71,71,71,71,72,72,72,72,72,72,72,77,77,77,77,77,77,77,77,77,77,77,77,77,77,77,77,77,78,78,78,78,78,78,78,78,78,78,74,74,74],"card_choices":[{"not_picked":["animator:GazelDwargon","animator:GuildGirl"],"picked":"animator:Mitsuba","floor":1.0},{"not_picked":["animator:Shuna","animator:Tatsumaki"],"picked":"animator:YunYun","floor":5.0},{"not_picked":["animator:UneriGinkaku","animator:Azekura","animator:Mitsurugi"],"picked":"SKIP","floor":8.0},{"not_picked":["animator:Verdia","animator:Chris"],"picked":"animator:Megumin","floor":13.0},{"not_picked":["animator:Mikaela","animator:Verdia"],"picked":"animator:Hans","floor":14.0},{"not_picked":["animator:Guren","animator:Sora"],"picked":"animator:Rimuru","floor":16.0},{"not_picked":["animator:Mikaela","animator:Shion"],"picked":"animator:Witch","floor":18},{"not_picked":["animator:Azekura","animator:Mikaela","animator:LizardPriest"],"picked":"SKIP","floor":19},{"not_picked":["animator:Mitsurugi","animator:Verdia"],"picked":"animator:Megumin","floor":28},{"not_picked":["animator:Kaijin","animator:Genos","animator:Tatsumaki+1"],"picked":"animator:GuildGirl","floor":29},{"not_picked":["animator:DwarfShaman","animator:YunYun+1","animator:Chris"],"picked":"animator:Wiz","floor":31},{"not_picked":["animator:Boros","animator:HigakiRinne","animator:Eris"],"picked":"animator:Wiz","floor":33},{"not_picked":["animator:DolaSchwi+1","animator:DwarfShaman","animator:Spearman"],"picked":"animator:Millim+1","floor":35},{"not_picked":["animator:Mitsuba+1","animator:DolaCouronne+1","animator:Benimaru"],"picked":"animator:Sonic","floor":36},{"not_picked":["animator:Vanir","animator:Megumin","animator:Aqua"],"picked":"animator:Darkness","floor":38},{"not_picked":["animator:GazelDwargon+1","animator:Kazuma","animator:Priestess"],"picked":"animator:Shichika+1","floor":40},{"not_picked":["animator:Benimaru","animator:ZankiKiguchi","animator:Kazuma+1"],"picked":"animator:DolaSchwi+1","floor":41},{"not_picked":["animator:Azekura","animator:Shuna","animator:Hitei"],"picked":"animator:Wiz","floor":42}],"player_experience":98329,"relics_obtained":[{"floor":7.0,"key":"ReplayTheSpireMod:Ring of Exchange"},{"floor":7.0,"key":"Ring of Fury"},{"floor":9.0,"key":"Grinning Jar"},{"floor":13.0,"key":"HornCleat"},{"floor":26,"key":"Whetstone"},{"floor":28,"key":"Question Card"},{"floor":31,"key":"Replay:Baseball"},{"floor":36,"key":"WingedGreaves"},{"floor":41,"key":"animator:HeavyHalberd"}],"event_choices":[{"damage_healed":0.0,"max_hp_gain":0.0,"max_hp_loss":0.0,"gold_gain":0.0,"cards_transformed":["animator:Strike"],"event_name":"Living Wall","player_choice":"Change","floor":3.0,"gold_loss":0.0,"damage_taken":0.0,"cards_obtained":["animator:HighElfArcher"]},{"damage_healed":0.0,"max_hp_gain":5.0,"max_hp_loss":0.0,"gold_gain":0.0,"event_name":"Big Fish","player_choice":"Donut","floor":4.0,"gold_loss":0.0,"damage_taken":0.0},{"damage_healed":0.0,"max_hp_gain":0.0,"max_hp_loss":0.0,"gold_gain":0.0,"event_name":"Shining Light","player_choice":"Entered Light","floor":11.0,"gold_loss":0.0,"damage_taken":14.0,"cards_upgraded":["animator:Strike","animator:YunYun"]},{"damage_healed":0.0,"max_hp_gain":0.0,"max_hp_loss":0.0,"gold_gain":75.0,"event_name":"World of Goop","player_choice":"Gather Gold","floor":12.0,"gold_loss":0.0,"damage_taken":11.0},{"damage_healed":0,"gold_gain":0,"player_choice":"Shed Blood","damage_taken":18,"max_hp_gain":5,"max_hp_loss":0,"event_name":"Forgotten Altar","floor":21,"gold_loss":0},{"damage_healed":0,"gold_gain":0,"player_choice":"Simplicity","damage_taken":0,"max_hp_gain":0,"max_hp_loss":0,"event_name":"Back to Basics","floor":30,"gold_loss":0,"cards_upgraded":["animator:Strike_Konosuba","animator:Defend_Konosuba","animator:Defend","animator:Defend","animator:Defend"]},{"damage_healed":0,"gold_gain":0,"player_choice":"Fight","damage_taken":0,"max_hp_gain":0,"max_hp_loss":0,"event_name":"MindBloom","floor":36,"gold_loss":0},{"damage_healed":0,"gold_gain":0,"player_choice":"Paid","damage_taken":0,"relics_obtained":["Red Mask"],"max_hp_gain":0,"max_hp_loss":0,"event_name":"Tomb of Lord Red Mask","floor":37,"gold_loss":424},{"damage_healed":0,"gold_gain":0,"player_choice":"Fight","damage_taken":0,"max_hp_gain":0,"max_hp_loss":0,"event_name":"Mysterious Sphere","floor":41,"gold_loss":0},{"damage_healed":0,"gold_gain":0,"player_choice":"Memory 1","damage_taken":0,"max_hp_gain":0,"max_hp_loss":0,"event_name":"SensoryStone","floor":46,"gold_loss":0},{"damage_healed":0,"gold_gain":0,"player_choice":"Max HP","damage_taken":0,"max_hp_gain":0,"max_hp_loss":4,"event_name":"Winding Halls","floor":48,"gold_loss":0}],"is_beta":false,"boss_relics":[{"not_picked":["Philosopher\u0027s Stone","Cauldron"],"picked":"Replay:Bronze Core"},{"not_picked":["Guide Book","Pandora\u0027s Box"],"picked":"Replay:Wanted Poster"}],"items_purged_floors":[],"is_endless":false,"potions_floor_spawned":[13,16,19,29,33,35,40,41],"ascension_level":0}}