{"host":"mydft8i2zzydgggw","time":1611059360,"event":{"mods":["AchievementEnabler","BaseMod","BetterRewards","Colored Map","Colored Powertips","DeckTracker","Keyboard Shortcuts","Minty Spire (QoL Compilation)","Rare Cards Sparkle","StSLib","SuperFastMode","everything is the same but u backflip on backflip"],"gold_per_floor":[117,42,58,58,58,58,89,101,127,154,154,154,178,205,205,205,205],"floor_reached":16,"language":"KOR","playtime":334,"items_purged":["Strike_G"],"score":165,"play_id":"10718e1d-dd70-4323-b3af-427a0d70520b","local_time":"20210119212920","is_ascension_mode":true,"campfire_choices":[{"data":"Neutralize","floor":6,"key":"SMITH"},{"data":"Tactician","floor":11,"key":"SMITH"},{"data":"Backflip","floor":15,"key":"SMITH"}],"circlet_count":0,"master_deck":["Strike_G","Strike_G","Strike_G","Strike_G","Defend_G","Defend_G","Defend_G","Defend_G","Defend_G","Survivor","Neutralize+1","Terror","Acrobatics","Masterful Stab","Tactician+1","Acrobatics","Backflip+1"],"relics":["Ring of the Snake","NeowsBlessing","Dream Catcher","CeramicFish"],"acts_visited":["Exordium"],"potions_floor_usage":[16,16],"damage_taken":[{"damage":0,"enemies":"Small Slimes","floor":1,"turns":1},{"damage":0,"enemies":"2 Louse","floor":3,"turns":1},{"damage":0,"enemies":"Lagavulin","floor":7,"turns":1},{"damage":0,"enemies":"Cultist","floor":8,"turns":5},{"damage":0,"enemies":"Red Slaver","floor":10,"turns":5},{"damage":2,"enemies":"Large Slime","floor":13,"turns":7},{"damage":0,"enemies":"Looter","floor":14,"turns":2},{"damage":70,"enemies":"Slime Boss","floor":16,"turns":13}],"seed_played":"-8149516198144120048","potions_obtained":[{"floor":7,"key":"Dexterity Potion"},{"floor":10,"key":"FearPotion"}],"is_trial":false,"path_per_floor":["M","$","M","$","?","R","E","M","T","M","R","?","M","M","R","B"],"character_chosen":"THE_SILENT","items_purchased":[],"campfire_rested":0,"item_purchase_floors":[],"current_hp_per_floor":[63,63,63,63,68,68,68,68,68,68,68,68,66,66,66,0,0],"gold":205,"neow_bonus":"THREE_ENEMY_KILL","is_daily":false,"chose_seed":false,"campfire_upgraded":3,"win_rate":0.0,"timestamp":1611059360,"path_taken":["M","$","M","$","?","R","E","M","T","M","R","?","M","M","R","BOSS"],"items_purchased_type":[],"build_version":"2020-12-22","purchased_purges":1,"victory":false,"max_hp_per_floor":[70,70,70,70,75,75,75,75,75,75,75,75,75,75,75,75,75],"card_choices":[{"not_picked":["Sucker Punch","Deadly Poison"],"picked":"Terror","floor":1},{"not_picked":["Crippling Poison","Expertise","Blade Dance"],"picked":"SKIP","floor":3},{"not_picked":["Outmaneuver","Poisoned Stab"],"picked":"Acrobatics","floor":7},{"not_picked":["Poisoned Stab","Eviscerate"],"picked":"Masterful Stab","floor":8},{"not_picked":["Blade Dance","Choke"],"picked":"Tactician","floor":10},{"not_picked":["Glass Knife","Quick Slash"],"picked":"Acrobatics","floor":13},{"not_picked":["Accuracy","Underhanded Strike"],"picked":"Backflip","floor":14}],"player_experience":182734,"relics_obtained":[{"floor":7,"key":"Dream Catcher"},{"floor":9,"key":"CeramicFish"}],"event_choices":[{"damage_healed":0,"gold_gain":0,"player_choice":"Donut","damage_taken":0,"max_hp_gain":5,"max_hp_loss":0,"event_name":"Big Fish","floor":5,"gold_loss":0},{"damage_healed":0,"gold_gain":0,"player_choice":"Ignored","damage_taken":0,"max_hp_gain":0,"max_hp_loss":0,"event_name":"Liars Game","floor":12,"gold_loss":0}],"is_beta":false,"boss_relics":[],"items_purged_floors":[2],"is_endless":false,"potions_floor_spawned":[7,10],"killed_by":"Slime Boss","ascension_level":6}}