{"host":"6r3ioyv75hs1gp74","time":1611088410,"event":{"mods":["AchievementEnabler","Act Like it!","BaseMod","Better Sensory Stone","Better Third Choice","Block Reminder","Colored Map","Colored Powertips","Curses Come First","Minty Spire (QoL Compilation)","StSLib"],"gold_per_floor":[112,131,33,33,33,63,63,88,115,142,167,195,207,232,244,355,367,398,429,441,453,453],"floor_reached":21,"language":"ENG","playtime":1067,"items_purged":[],"score":210,"play_id":"8fa0920f-b1bf-454b-8721-1cd22a22a373","local_time":"20210119203330","is_ascension_mode":true,"campfire_choices":[{"floor":7,"key":"REST"},{"floor":15,"key":"REST"}],"circlet_count":0,"master_deck":["Strike_G","Strike_G","Strike_G","Strike_G","Strike_G","Defend_G","Defend_G","Defend_G","Defend_G","Defend_G","Survivor","Neutralize","Crippling Poison","Deadly Poison","Noxious Fumes","Blade Dance","All Out Attack","Deadly Poison","Bouncing Flask","Dagger Throw","Backflip","Outmaneuver","Envenom","Cloak And Dagger","Cloak And Dagger","Dramatic Entrance","Dramatic Entrance"],"relics":["Runic Pyramid","Snake Skull","Pen Nib","MawBank","Black Star"],"acts_visited":["Exordium","TheCity"],"potions_floor_usage":[14,16],"damage_taken":[{"damage":2,"enemies":"Cultist","floor":1,"turns":4},{"damage":2,"enemies":"Jaw Worm","floor":2,"turns":5},{"damage":24,"enemies":"3 Sentries","floor":6,"turns":8},{"damage":18,"enemies":"Lagavulin","floor":8,"turns":7},{"damage":0,"enemies":"Small Slimes","floor":10,"turns":1},{"damage":12,"enemies":"2 Fungi Beasts","floor":11,"turns":3},{"damage":2,"enemies":"3 Louse","floor":12,"turns":2},{"damage":16,"enemies":"Lots of Slimes","floor":14,"turns":3},{"damage":13,"enemies":"The Guardian","floor":16,"turns":7},{"damage":41,"enemies":"2 Thieves","floor":18,"turns":4},{"damage":2,"enemies":"Chosen","floor":19,"turns":5},{"damage":28,"enemies":"Snake Plant","floor":21,"turns":4}],"seed_played":"-7383408420553131581","potions_obtained":[{"floor":6,"key":"Block Potion"},{"floor":12,"key":"DistilledChaos"},{"floor":16,"key":"Swift Potion"}],"is_trial":false,"path_per_floor":["M","M","$","?","?","E","R","E","T","M","M","M","?","M","R","B",null,"M","M","?","M"],"character_chosen":"THE_SILENT","items_purchased":["Noxious Fumes","Blade Dance"],"campfire_rested":2,"item_purchase_floors":[3,3],"current_hp_per_floor":[68,66,66,66,66,42,63,45,45,45,33,31,24,8,29,16,70,29,27,27,0,0],"gold":453,"neow_bonus":"BOSS_RELIC","is_daily":false,"chose_seed":false,"campfire_upgraded":0,"win_rate":0.0,"timestamp":1611088410,"path_taken":["M","M","$","?","?","E","R","E","T","M","M","?","?","M","R","BOSS","M","M","?","M"],"items_purchased_type":["Card","Card"],"build_version":"2020-12-22","purchased_purges":0,"victory":false,"max_hp_per_floor":[70,70,70,70,70,70,70,70,70,70,70,70,70,70,70,70,70,70,70,70,70,70],"card_choices":[{"not_picked":["Deadly Poison","Escape Plan"],"picked":"Crippling Poison","floor":1},{"not_picked":["All Out Attack","Outmaneuver"],"picked":"Deadly Poison","floor":2},{"not_picked":["PiercingWail","Calculated Gamble"],"picked":"All Out Attack","floor":6},{"not_picked":["Finisher","Dagger Throw"],"picked":"Deadly Poison","floor":8},{"not_picked":["Cloak And Dagger","PiercingWail"],"picked":"Bouncing Flask","floor":10},{"not_picked":["Outmaneuver","Dodge and Roll"],"picked":"Dagger Throw","floor":11},{"not_picked":["Calculated Gamble","Dagger Spray"],"picked":"Backflip","floor":12},{"not_picked":["Expertise","Endless Agony"],"picked":"Outmaneuver","floor":14},{"not_picked":["Phantasmal Killer","Die Die Die"],"picked":"Envenom","floor":16},{"not_picked":["Blade Dance","Quick Slash"],"picked":"Cloak And Dagger","floor":18},{"not_picked":["Sucker Punch","Expertise+1"],"picked":"Cloak And Dagger","floor":19},{"not_picked":["Mind Blast","Flash of Steel"],"picked":"Dramatic Entrance","floor":20},{"not_picked":["Forethought","Secret Weapon"],"picked":"Dramatic Entrance","floor":20}],"player_experience":100244,"relics_obtained":[{"floor":6,"key":"Snake Skull"},{"floor":8,"key":"Pen Nib"},{"floor":9,"key":"MawBank"}],"event_choices":[{"damage_healed":66,"gold_gain":0,"player_choice":"Embrace Burn","damage_taken":0,"max_hp_gain":0,"max_hp_loss":70,"event_name":"betterThird:BetterShining","floor":4,"gold_loss":0},{"damage_healed":0,"gold_gain":0,"player_choice":"0 cards matched","damage_taken":0,"max_hp_gain":0,"max_hp_loss":0,"event_name":"Match and Keep!","floor":5,"gold_loss":0,"cards_obtained":[]},{"cards_removed":["Burn"],"damage_healed":0,"gold_gain":0,"player_choice":"Card Removal","damage_taken":7,"max_hp_gain":0,"max_hp_loss":0,"event_name":"Golden Wing","floor":13,"gold_loss":0},{"damage_healed":0,"gold_gain":2,"player_choice":"1","damage_taken":0,"max_hp_gain":0,"max_hp_loss":0,"event_name":"betterStone:BetterStone","floor":20,"gold_loss":0}],"is_beta":false,"boss_relics":[{"not_picked":["Velvet Choker","Cursed Key"],"picked":"Black Star"}],"items_purged_floors":[],"is_endless":false,"potions_floor_spawned":[6,12,16],"killed_by":"Snake Plant","ascension_level":2}}