{"host":"4hkuu26ltn0le3bk","time":1611093856,"event":{"mods":["100% Spire Juice","Arknights The Spire","Astrologer","BaseMod","BetterRewards","Clockwork Mod","Colored Map","Colored Powertips","Downfall","Friendly Minions","Gremlin Mod","Hermit","Marisa????????","Minty Spire (QoL Compilation)","Quick Restart","StSLib","Td1madao Mod","The Bug Knight","The Construct","The Cursed","The Disciple","The Factory","The Hierophant","The Jungle","The Servant 0.9.4"],"gold_per_floor":[18,28,41,216,216,247,247,212,238,256,256,272,283,358,358,529,529,502,20,20,52,87,87,87,87,87,122,122,122,151,179,179,277,277,307,338,338,373,167,167,234,234,234,267,267,280,195,220,220,220,220,220,20,47,47],"floor_reached":56,"language":"ENG","playtime":4315,"items_purged":["hermit:Snapshot","hermit:DeadOrAlive"],"score":1131,"play_id":"1abab84d-9b73-4da8-82b1-7ded1dec07f2","local_time":"20210119170416","is_ascension_mode":false,"campfire_choices":[{"data":"hermit:Maintenance","floor":7.0,"key":"SMITH"},{"floor":11.0,"key":"RECALL"},{"floor":15.0,"key":"REST"},{"floor":23.0,"key":"REST"},{"data":"hermit:Maintenance","floor":25.0,"key":"SMITH"},{"data":"hermit:Showdown","floor":28.0,"key":"SMITH"},{"floor":32.0,"key":"REST"},{"data":"hermit:HighNoon","floor":40,"key":"SMITH"},{"floor":45,"key":"REST"},{"floor":49,"key":"REST"},{"data":"hermit:Dissolve","floor":52,"key":"SMITH"}],"circlet_count":0,"master_deck":["hermit:Strike_Hermit","hermit:Strike_Hermit","hermit:Strike_Hermit","hermit:Strike_Hermit","hermit:Defend_Hermit","hermit:Defend_Hermit","hermit:Defend_Hermit","hermit:Defend_Hermit","hermit:Covet","hermit:Maintenance+1","hermit:Virtue","hermit:ShadowCloak","hermit:Maintenance+1","hermit:Showdown+1","hermit:Dive+1","Decay","hermit:HighCaliber+1","hermit:Dissolve+1","hermit:HighNoon+1","hermit:Quickdraw+1","hermit:TakeCover+1","hermit:BodyArmor+1","Finesse","hermit:Coalescence+1","hermit:FullyLoaded+1"],"relics":["hermit:ClaspedLocket","Nunchaku","Question Card","hermit:PetGhost","Smiling Mask","Molten Egg 2","Philosopher\u0027s Stone","Oddly Smooth Stone","Ginger","InkBottle","Letter Opener","Medical Kit","hermit:RyeStalk"],"acts_visited":["Exordium","TheCity","TheBeyond","TheEnding"],"potions_floor_usage":[41,48,48],"damage_taken":[{"damage":0.0,"enemies":"2 Louse","floor":1.0,"turns":2.0},{"damage":0.0,"enemies":"Small Slimes","floor":2.0,"turns":3.0},{"damage":11.0,"enemies":"Jaw Worm","floor":3.0,"turns":5.0},{"damage":26.0,"enemies":"3 Sentries","floor":6.0,"turns":13.0},{"damage":14.0,"enemies":"Exordium Wildlife","floor":10.0,"turns":6.0},{"damage":0.0,"enemies":"Large Slime","floor":12.0,"turns":4.0},{"damage":12.0,"enemies":"Looter","floor":13.0,"turns":3.0},{"damage":30.0,"enemies":"The Guardian","floor":16.0,"turns":13.0},{"damage":22.0,"enemies":"2 Thieves","floor":18.0,"turns":5.0},{"damage":31.0,"enemies":"Shell Parasite","floor":21.0,"turns":10.0},{"damage":26.0,"enemies":"3 Cultists","floor":22.0,"turns":7.0},{"damage":5.0,"enemies":"Snake Plant","floor":27.0,"turns":9.0},{"damage":7.0,"enemies":"Centurion and Healer","floor":30.0,"turns":12.0},{"damage":7.0,"enemies":"Cultist and Chosen","floor":31.0,"turns":7.0},{"damage":14.0,"enemies":"Champ","floor":33.0,"turns":19.0},{"damage":15.0,"enemies":"Orb Walker","floor":35.0,"turns":6.0},{"damage":21.0,"enemies":"3 Shapes","floor":36.0,"turns":16.0},{"damage":12,"enemies":"Sphere and 2 Shapes","floor":38,"turns":9},{"damage":39,"enemies":"Giant Head","floor":41,"turns":13},{"damage":0,"enemies":"Maw","floor":44,"turns":8},{"damage":23,"enemies":"Spire Growth","floor":46,"turns":6},{"damage":45,"enemies":"4 Shapes","floor":48,"turns":6},{"damage":8,"enemies":"Awakened One","floor":50,"turns":17},{"damage":31,"enemies":"Shield and Spear","floor":54,"turns":11},{"damage":51,"enemies":"The Heart","floor":55,"turns":17}],"seed_played":"7496050576593576583","potions_obtained":[{"floor":1.0,"key":"construct:ShiftPotion"},{"floor":2.0,"key":"SneckoOil"},{"floor":13.0,"key":"LiquidBronze"},{"floor":16.0,"key":"sneckomod:MuddlingPotion"},{"floor":18.0,"key":"DuplicationPotion"},{"floor":22.0,"key":"Explosive Potion"},{"floor":31.0,"key":"DistilledChaos"},{"floor":36.0,"key":"BlessingOfTheForge"},{"floor":44,"key":"GamblersBrew"},{"floor":46,"key":"Regen Potion"}],"is_trial":false,"path_per_floor":["M","M","M","?","?","E","R","$","T","M","R","M","M","?","R","B",null,"M","$","?","M","M","R","?","R","T","M","R","?","M","M","R","B",null,"M","M","?","M","$","R","E","T","T","M","R","M","$","M","R","B",null,"R","$","E","B",null],"character_chosen":"HERMIT","items_purchased":["hermit:Virtue","hermit:Showdown","Question Card","hermit:PetGhost","Oddly Smooth Stone","Finesse","Medical Kit"],"campfire_rested":5,"item_purchase_floors":[8,19,19,19,39,47,53],"current_hp_per_floor":[89,89,78,78,71,45,45,45,45,31,31,31,19,8,34,4,89,67,67,67,36,10,36,36,36,36,31,31,31,28,22,48,40,89,76,66,66,59,59,59,23,23,23,26,52,30,30,2,28,30,89,89,89,63,20],"gold":47,"neow_bonus":"TWENTY_PERCENT_HP_BONUS","is_daily":false,"chose_seed":false,"campfire_upgraded":5,"win_rate":0.0,"timestamp":1611093856,"path_taken":["M","M","M","?","?","E","R","$","T","M","R","M","?","?","R","BOSS","M","$","?","M","M","R","?","R","T","M","R","?","M","M","R","BOSS","M","M","?","M","$","R","E","?","T","?","R","M","$","M","R","BOSS","R","$","E","BOSS"],"items_purchased_type":["Card","Card","Relic","Relic","Relic","Card","Relic"],"build_version":"2020-12-22","purchased_purges":2,"victory":true,"max_hp_per_floor":[89,89,89,89,89,89,89,89,89,89,89,89,89,89,89,89,89,89,89,89,89,89,89,89,89,89,89,89,89,89,89,89,89,89,89,89,89,89,89,89,89,89,89,89,89,89,89,89,89,89,89,89,89,89,89],"card_choices":[{"not_picked":["hermit:BodyArmor","hermit:FullyLoaded"],"picked":"hermit:Maintenance","floor":1.0},{"not_picked":["hermit:Snipe","hermit:WideOpen","hermit:Malice"],"picked":"SKIP","floor":2.0},{"not_picked":["hermit:CursedWeapon","hermit:BigShot","hermit:WideOpen"],"picked":"SKIP","floor":3.0},{"not_picked":["hermit:Ricochet","hermit:Horror","hermit:Roulette"],"picked":"SKIP","floor":6.0},{"not_picked":["hermit:Ricochet","hermit:Spite","hermit:Snipe"],"picked":"SKIP","floor":10.0},{"not_picked":["hermit:Desperado","hermit:Misfire"],"picked":"hermit:ShadowCloak","floor":12.0},{"not_picked":["hermit:Coalescence","hermit:FlashPowder"],"picked":"hermit:DeadOrAlive","floor":13.0},{"not_picked":["hermit:Glare+1","hermit:Roulette+1"],"picked":"hermit:Maintenance","floor":18.0},{"not_picked":["hermit:LowProfile","hermit:BigShot","hermit:Spite+1"],"picked":"hermit:Dive+1","floor":21.0},{"not_picked":["hermit:WideOpen","hermit:ItchyTrigger","hermit:Roulette","hermit:LowProfile"],"picked":"SKIP","floor":22.0},{"not_picked":["hermit:Desperado+1","hermit:Misfire+1","hermit:Headshot+1","hermit:Vantage+1"],"picked":"SKIP","floor":27.0},{"not_picked":["hermit:Coalescence","hermit:Determination","hermit:EternalForm","hermit:ItchyTrigger+1"],"picked":"SKIP","floor":30.0},{"not_picked":["hermit:Grudge+1","hermit:Manifest","hermit:Showdown+1"],"picked":"hermit:HighCaliber+1","floor":31.0},{"not_picked":["hermit:HeroicBravado","hermit:Reprieve","hermit:EternalForm"],"picked":"hermit:Dissolve","floor":33.0},{"not_picked":["hermit:BigShot+1","hermit:Ricochet+1","hermit:LowProfile","hermit:PistolWhip+1"],"picked":"SKIP","floor":35.0},{"not_picked":["hermit:Grudge+1","hermit:Maintenance","hermit:Snipe+1"],"picked":"hermit:HighNoon","floor":36.0},{"not_picked":["hermit:Desperado+1","hermit:Shortfuse+1","hermit:Midnight+1"],"picked":"hermit:Quickdraw+1","floor":38},{"not_picked":["hermit:Spite+1","hermit:Enervate+1","hermit:Snipe"],"picked":"hermit:TakeCover+1","floor":41},{"not_picked":["hermit:Adapt","hermit:Manifest","hermit:CursedWeapon+1","hermit:Headshot+1"],"picked":"SKIP","floor":44},{"not_picked":["hermit:HighCaliber+1","hermit:LowProfile+1","hermit:Vantage+1"],"picked":"hermit:BodyArmor+1","floor":46},{"not_picked":["hermit:BodyArmor+1","hermit:SprayPray+1","hermit:Reprieve"],"picked":"hermit:Coalescence+1","floor":48},{"not_picked":["hermit:WideOpen+1","hermit:Desperado+1","hermit:Enervate+1"],"picked":"hermit:FullyLoaded+1","floor":54}],"player_experience":251428,"relics_obtained":[{"floor":6.0,"key":"Nunchaku"},{"floor":26.0,"key":"Molten Egg 2"},{"floor":41,"key":"Ginger"},{"floor":42,"key":"InkBottle"},{"floor":43,"key":"Letter Opener"},{"floor":54,"key":"hermit:RyeStalk"}],"event_choices":[{"damage_healed":0.0,"max_hp_gain":0.0,"max_hp_loss":0.0,"gold_gain":175.0,"event_name":"Liars Game","player_choice":"AGREE","floor":4.0,"gold_loss":0.0,"damage_taken":0.0,"cards_obtained":["Doubt"]},{"cards_removed":["Doubt"],"damage_healed":0.0,"max_hp_gain":0.0,"max_hp_loss":0.0,"gold_gain":0.0,"event_name":"Golden Wing","player_choice":"Card Removal","floor":5.0,"gold_loss":0.0,"damage_taken":7.0},{"damage_healed":0.0,"max_hp_gain":0.0,"max_hp_loss":0.0,"gold_gain":75.0,"event_name":"World of Goop","player_choice":"Gather Gold","floor":14.0,"gold_loss":0.0,"damage_taken":11.0},{"damage_healed":0.0,"max_hp_gain":0.0,"max_hp_loss":0.0,"gold_gain":0.0,"event_name":"The Mausoleum","player_choice":"Opened","floor":24.0,"gold_loss":0.0,"damage_taken":0.0,"relics_obtained":["Smiling Mask"]},{"damage_healed":0.0,"max_hp_gain":0.0,"max_hp_loss":0.0,"gold_gain":0.0,"event_name":"Forgotten Altar","player_choice":"Smashed Altar","floor":29.0,"gold_loss":0.0,"damage_taken":0.0,"cards_obtained":["Decay"]},{"damage_healed":0,"gold_gain":0,"player_choice":"Ignored","damage_taken":0,"max_hp_gain":0,"max_hp_loss":0,"event_name":"Mysterious Sphere","floor":37,"gold_loss":0}],"is_beta":false,"boss_relics":[{"not_picked":["Busted Crown","bronze:MakeshiftBattery"],"picked":"hermit:ClaspedLocket"},{"not_picked":["Coffee Dripper","Pandora\u0027s Box"],"picked":"Philosopher\u0027s Stone"}],"items_purged_floors":[39,53],"is_endless":false,"potions_floor_spawned":[1,2,13,16,18,22,31,36,44,46],"ascension_level":0}}