{"host":"psx7kpya4lma94s4","time":1611041213,"event":{"mods":["BaseMod","BetterRewards","Hubris","Hyrulean Relics","Marked Mod","Minty Spire (QoL Compilation)","Replay The Spire","StSLib","The Dragon Tamer","The Poker Player"],"gold_per_floor":[117,132,132,132,152,179,195,195,195,223,241,241,253,97,97,192,192,205,190,190,190,190],"floor_reached":20,"language":"ENG","playtime":4869,"items_purged":[],"score":211,"play_id":"5ffa4ba3-03c1-45f7-9d4e-d3d8495a6155","local_time":"20210119092653","is_ascension_mode":false,"metric_token":659,"campfire_choices":[{"floor":8,"key":"REST"}],"dtmod_dragon_data":[9,50,2,-1,12,0],"circlet_count":0,"master_deck":["DTMod:Strike","DTMod:Strike","DTMod:Strike","DTMod:Strike","DTMod:DoubleHit","DTMod:TargetDefense","DTMod:TargetDefense","DTMod:TargetDefense","DTMod:TargetDefense","DTMod:SwitchingTactic","DTMod:HeatWave+1","DTMod:Training","DTMod:BurningEnergy","DTMod:FlameSlash","DTMod:BuildUp","DTMod:EchoTactic+1","DTMod:Haste","DTMod:BlazingStrike","DTMod:Inferno","DTMod:GhostSkin","DTMod:Cover"],"relics":["DTMod:PactStone","Mirror","Omamori","Chameleon Ring","Oddly Smooth Stone","Regal Pillow","hubris:Backtick","Lee\u0027s Waffle"],"acts_visited":["Exordium","TheCity"],"potions_floor_usage":[16,16,16,20],"damage_taken":[{"damage":1,"enemies":"Cultist","floor":1,"turns":3},{"damage":0,"enemies":"2 Louse","floor":2,"turns":3},{"damage":0,"enemies":"Jaw Worm","floor":5,"turns":4},{"damage":0,"enemies":"Gremlin Nob","floor":6,"turns":4},{"damage":2,"enemies":"Large Slime","floor":7,"turns":6},{"damage":14,"enemies":"Lagavulin","floor":10,"turns":8},{"damage":0,"enemies":"Looter","floor":11,"turns":3},{"damage":0,"enemies":"Exordium Thugs","floor":13,"turns":4},{"damage":21,"enemies":"Hexaghost","floor":16,"turns":10},{"damage":17,"enemies":"Shell Parasite","floor":18,"turns":7},{"damage":0,"enemies":"2 Thieves","floor":19,"turns":4},{"damage":40,"enemies":"Cultist and Chosen","floor":20,"turns":5}],"seed_played":"7643053463674064503","potions_obtained":[{"floor":2,"key":"Dexterity Potion"},{"floor":6,"key":"Strength Potion"},{"floor":13,"key":"Elixir"},{"floor":18,"key":"LifebloodPotion"}],"is_trial":false,"path_per_floor":["M","M","T","?","M","E","M","R","T","E","M","?","M","$","R","B",null,"M","M","M"],"character_chosen":"THE_DT","items_purchased":["Regal Pillow"],"campfire_rested":1,"item_purchase_floors":[14],"current_hp_per_floor":[48,48,48,48,48,48,46,49,49,35,35,35,35,35,49,28,56,39,39,0,0,0],"gold":190,"neow_bonus":"TEN_PERCENT_HP_BONUS","is_daily":false,"chose_seed":false,"campfire_upgraded":0,"win_rate":0.0,"timestamp":1611041213,"path_taken":["M","M","?","?","M","E","M","R","T","E","M","?","M","?","R","BOSS","M","M","M"],"items_purchased_type":["Relic"],"build_version":"2020-12-22","purchased_purges":0,"victory":false,"max_hp_per_floor":[49,49,49,49,49,49,49,49,49,49,49,49,49,49,49,49,56,56,56,56,56,56],"card_choices":[{"not_picked":["DTMod:PurifyingFlame","DTMod:Hide"],"picked":"DTMod:HeatWave","floor":1},{"not_picked":["DTMod:TauntingStrike","DTMod:TagTeam"],"picked":"DTMod:Training","floor":2},{"not_picked":["DTMod:Punisher","DTMod:Shift"],"picked":"DTMod:BurningEnergy","floor":5},{"not_picked":["DTMod:HeatWave","DTMod:BreakAttack"],"picked":"DTMod:FlameSlash","floor":6},{"not_picked":["DTMod:BreakAttack","DTMod:HeatWave"],"picked":"DTMod:BuildUp","floor":7},{"not_picked":["DTMod:MagicField","DTMod:Training"],"picked":"DTMod:EchoTactic","floor":10},{"not_picked":["DTMod:SneakAttack","DTMod:MasterPlan"],"picked":"DTMod:Haste","floor":11},{"not_picked":["DTMod:InvisibleFlame","DTMod:BurningEnergy"],"picked":"DTMod:BlazingStrike","floor":13},{"not_picked":["DTMod:Safeguard","DTMod:Prediction"],"picked":"DTMod:Inferno","floor":16},{"not_picked":["DTMod:Training+1","DTMod:Astonish"],"picked":"DTMod:GhostSkin","floor":18},{"not_picked":["DTMod:RunningTactic","DTMod:BizarreTactic"],"picked":"DTMod:Cover","floor":19}],"player_experience":42297,"relics_obtained":[{"floor":3,"key":"Mirror"},{"floor":6,"key":"Omamori"},{"floor":9,"key":"Chameleon Ring"},{"floor":10,"key":"Oddly Smooth Stone"}],"event_choices":[{"damage_healed":0,"gold_gain":0,"player_choice":"Ignored","damage_taken":0,"max_hp_gain":0,"max_hp_loss":0,"event_name":"Golden Wing","floor":12,"gold_loss":0}],"is_beta":false,"boss_relics":[{"not_picked":["SlaversCollar","Ectoplasm"],"picked":"hubris:Backtick"}],"items_purged_floors":[],"is_endless":false,"potions_floor_spawned":[2,6,13,18],"killed_by":"Cultist and Chosen","ascension_level":0}}