{"host":"z4nt7tdd4gjrinn7","time":1611084330,"event":{"mods":["100% Spire Juice","BaseMod","Minty Spire (QoL Compilation)","StSLib"],"gold_per_floor":[112,112,35,48,48,48,61,61,113,147,147,159,159,172,172,277,277,290,290,303,334,345,345,371,371,371,371,389,401,500,512,512,512,512],"floor_reached":33,"language":"ENG","playtime":2959,"items_purged":[],"score":267,"play_id":"a7165147-4fe0-412d-acdf-79553738d5dd","local_time":"20210119142530","is_ascension_mode":false,"campfire_choices":[{"data":"Skewer","floor":6,"key":"SMITH"},{"data":"Noxious Fumes","floor":8,"key":"SMITH"},{"floor":11,"key":"REST"},{"floor":15,"key":"REST"},{"floor":23,"key":"REST"},{"floor":25,"key":"REST"},{"floor":32,"key":"REST"}],"circlet_count":0,"master_deck":["Strike_G","Strike_G","Strike_G","Strike_G","Strike_G","Defend_G","Defend_G","Defend_G","Defend_G","Defend_G","Survivor","Neutralize","Deadly Poison","Backstab","Skewer+1","Noxious Fumes+1","Catalyst","PiercingWail","Bane","Doppelganger","Dagger Spray+1","Dodge and Roll","Distraction","Sucker Punch+1","Bullet Time","Deflect","Outmaneuver","Bane+1"],"relics":["Ring of the Snake","Snake Skull","Thread and Needle","SlaversCollar","MutagenicStrength","Red Mask","Toy Ornithopter","Pantograph","Regal Pillow"],"acts_visited":["Exordium","TheCity"],"potions_floor_usage":[16,28,28,33,33,33],"damage_taken":[{"damage":3,"enemies":"Jaw Worm","floor":1,"turns":4},{"damage":1,"enemies":"2 Louse","floor":4,"turns":2},{"damage":1,"enemies":"Cultist","floor":7,"turns":3},{"damage":43,"enemies":"Gremlin Nob","floor":10,"turns":5},{"damage":9,"enemies":"Exordium Wildlife","floor":12,"turns":3},{"damage":7,"enemies":"Large Slime","floor":14,"turns":3},{"damage":29,"enemies":"Hexaghost","floor":16,"turns":6},{"damage":20,"enemies":"Spheric Guardian","floor":18,"turns":4},{"damage":6,"enemies":"Shell Parasite","floor":20,"turns":4},{"damage":20,"enemies":"Masked Bandits","floor":21,"turns":4},{"damage":11,"enemies":"Shelled Parasite and Fungi","floor":22,"turns":4},{"damage":21,"enemies":"Slavers","floor":24,"turns":5},{"damage":13,"enemies":"Centurion and Healer","floor":28,"turns":6},{"damage":11,"enemies":"Snake Plant","floor":29,"turns":4},{"damage":18,"enemies":"Sentry and Sphere","floor":31,"turns":5},{"damage":96,"enemies":"Champ","floor":33,"turns":13}],"seed_played":"-5253437099956695249","potions_obtained":[{"floor":4,"key":"SkillPotion"},{"floor":12,"key":"DuplicationPotion"},{"floor":18,"key":"AttackPotion"},{"floor":24,"key":"Ancient Potion"},{"floor":28,"key":"LiquidMemories"},{"floor":31,"key":"GhostInAJar"}],"is_trial":false,"path_per_floor":["M","?","$","M","$","R","M","R","T","E","R","M","?","M","R","B",null,"M","?","M","?","M","R","E","R","T","?","M","M","?","M","R","B"],"character_chosen":"THE_SILENT","items_purchased":["Backstab"],"campfire_rested":5,"item_purchase_floors":[3],"current_hp_per_floor":[74,74,74,73,73,73,72,72,72,29,52,43,43,36,59,30,77,57,57,51,31,20,43,22,45,45,45,42,31,31,13,51,0,0],"gold":512,"neow_bonus":"TEN_PERCENT_HP_BONUS","is_daily":false,"chose_seed":false,"campfire_upgraded":2,"win_rate":0.0,"timestamp":1611084330,"path_taken":["M","?","$","M","$","R","M","R","T","E","R","M","?","M","R","BOSS","M","?","M","?","M","R","E","R","T","?","M","M","?","?","R","BOSS"],"items_purchased_type":["Card"],"build_version":"2020-12-22","purchased_purges":0,"victory":false,"max_hp_per_floor":[77,77,77,77,77,77,77,77,77,77,77,77,77,77,77,77,77,77,77,77,77,77,77,77,77,77,77,77,77,77,77,77,77,77],"card_choices":[{"not_picked":["Flying Knee","Finisher"],"picked":"Deadly Poison","floor":1},{"not_picked":["Quick Slash","Underhanded Strike"],"picked":"Skewer","floor":4},{"not_picked":["Expertise","PiercingWail"],"picked":"Noxious Fumes","floor":7},{"not_picked":["Blur","Slice"],"picked":"Catalyst","floor":10},{"not_picked":["Deadly Poison","Unload"],"picked":"PiercingWail","floor":12},{"not_picked":["Poisoned Stab","Dodge and Roll"],"picked":"Bane","floor":14},{"not_picked":["Venomology","Envenom"],"picked":"Doppelganger","floor":16},{"not_picked":["Escape Plan","Outmaneuver"],"picked":"Dagger Spray+1","floor":18},{"not_picked":["Calculated Gamble","Slice"],"picked":"Dodge and Roll","floor":20},{"not_picked":["Slice","Cloak And Dagger"],"picked":"Distraction","floor":21},{"not_picked":["Underhanded Strike","Prepared+1"],"picked":"Sucker Punch+1","floor":22},{"not_picked":["Bane+1","Acrobatics+1"],"picked":"Bullet Time","floor":24},{"not_picked":["Heel Hook+1","Distraction"],"picked":"Deflect","floor":28},{"not_picked":["Eviscerate","Bane"],"picked":"Outmaneuver","floor":29},{"not_picked":["Sucker Punch","Reflex+1"],"picked":"Bane+1","floor":31}],"player_experience":113877,"relics_obtained":[{"floor":9,"key":"Snake Skull"},{"floor":10,"key":"Thread and Needle"},{"floor":21,"key":"Red Mask"},{"floor":24,"key":"Toy Ornithopter"},{"floor":26,"key":"Pantograph"}],"event_choices":[{"damage_healed":0,"gold_gain":0,"player_choice":"Leave","damage_taken":0,"max_hp_gain":0,"max_hp_loss":0,"event_name":"The Cleric","floor":2,"gold_loss":0},{"damage_healed":0,"gold_gain":0,"player_choice":"Ignored","damage_taken":0,"max_hp_gain":0,"max_hp_loss":0,"event_name":"Purifier","floor":13,"gold_loss":0},{"damage_healed":0,"gold_gain":0,"player_choice":"Inject Mutagens","damage_taken":0,"relics_obtained":["MutagenicStrength"],"max_hp_gain":0,"max_hp_loss":0,"event_name":"Drug Dealer","floor":19,"gold_loss":0},{"damage_healed":0,"gold_gain":0,"player_choice":"Fought Bandits","damage_taken":0,"max_hp_gain":0,"max_hp_loss":0,"event_name":"Masked Bandits","floor":21,"gold_loss":0},{"damage_healed":0,"gold_gain":0,"player_choice":"Opened","damage_taken":0,"relics_obtained":["Regal Pillow"],"max_hp_gain":0,"max_hp_loss":0,"event_name":"The Mausoleum","floor":27,"gold_loss":0},{"damage_healed":0,"gold_gain":99,"player_choice":"Stole From Cult","damage_taken":0,"max_hp_gain":0,"max_hp_loss":0,"event_name":"Nest","floor":30,"gold_loss":0}],"is_beta":false,"boss_relics":[{"not_picked":["Busted Crown","Sozu"],"picked":"SlaversCollar"}],"items_purged_floors":[],"is_endless":false,"potions_floor_spawned":[4,12,18,24,28,31],"killed_by":"Champ","ascension_level":0}}