{"host":"5mo0809oo9tcrmpl","time":1611019562,"event":{"mods":["BaseMod","Highlight Path","Minty Spire (QoL Compilation)","Relic Stats","Slay the Relics Exporter"],"gold_per_floor":[112,82,98,111,36,36,66,66,89,120,131,164,164,200,200,288,347,374,53,79,79,79],"floor_reached":21,"language":"ENG","playtime":916,"items_purged":["Pain","Strike_G"],"score":414,"play_id":"de2239e6-884e-4277-9e26-6b61ff0ef611","local_time":"20210118192602","is_ascension_mode":true,"campfire_choices":[{"data":"Glass Knife","floor":6.0,"key":"SMITH"},{"floor":8.0,"key":"REST"},{"floor":13.0,"key":"REST"},{"data":"Neutralize","floor":15.0,"key":"SMITH"}],"circlet_count":0,"master_deck":["AscendersBane","Strike_G","Strike_G","Strike_G","Strike_G","Defend_G","Defend_G+1","Defend_G","Defend_G","Defend_G","Survivor","Neutralize+1","Glass Knife+1","Deadly Poison","All Out Attack","Deflect","Terror","Well Laid Plans","Dagger Spray","Calculated Gamble","Burst","Dagger Spray","Skewer","Catalyst"],"relics":["Ring of the Snake","Nunchaku","Blood Vial","Pen Nib","Bronze Scales","CeramicFish","Tiny House","Oddly Smooth Stone"],"acts_visited":["Exordium","TheCity"],"potions_floor_usage":[21],"damage_taken":[{"damage":4.0,"enemies":"Jaw Worm","floor":1.0,"turns":4.0},{"damage":5.0,"enemies":"Cultist","floor":3.0,"turns":4.0},{"damage":1.0,"enemies":"2 Louse","floor":4.0,"turns":3.0},{"damage":27.0,"enemies":"Gremlin Nob","floor":7.0,"turns":4.0},{"damage":22.0,"enemies":"3 Sentries","floor":10.0,"turns":8.0},{"damage":6.0,"enemies":"Red Slaver","floor":11.0,"turns":3.0},{"damage":8.0,"enemies":"Lagavulin","floor":12.0,"turns":5.0},{"damage":6.0,"enemies":"Gremlin Nob","floor":14.0,"turns":3.0},{"damage":22.0,"enemies":"Hexaghost","floor":16.0,"turns":9.0},{"damage":10.0,"enemies":"Spheric Guardian","floor":18.0,"turns":4.0},{"damage":18.0,"enemies":"Shell Parasite","floor":20.0,"turns":5.0},{"damage":46,"enemies":"Snecko","floor":21,"turns":4}],"seed_played":"-4428680679062213829","potions_obtained":[{"floor":2.0,"key":"Explosive Potion"},{"floor":2.0,"key":"Block Potion"},{"floor":11.0,"key":"EssenceOfSteel"},{"floor":14.0,"key":"Dexterity Potion"},{"floor":18.0,"key":"Fruit Juice"}],"is_trial":false,"path_per_floor":["M","?","M","M","$","R","E","R","T","E","M","E","R","E","R","B",null,"M","$","M","M"],"character_chosen":"THE_SILENT","items_purchased":["Oddly Smooth Stone","Fire Potion"],"campfire_rested":2,"item_purchase_floors":[19,19],"current_hp_per_floor":[55,55,50,49,49,49,22,41,41,21,17,11,30,26,26,6,56,53,53,37,0,0],"gold":79,"neow_bonus":"THREE_RARE_CARDS","is_daily":false,"chose_seed":false,"campfire_upgraded":2,"win_rate":0.0,"timestamp":1611019562,"path_taken":["M","?","?","M","$","R","E","R","T","E","M","E","R","E","R","BOSS","M","$","M","?"],"items_purchased_type":["Relic","Potion"],"build_version":"2020-12-22","purchased_purges":2,"victory":false,"max_hp_per_floor":[66,66,66,66,66,66,66,66,66,66,66,66,66,66,66,66,71,76,76,76,76,76],"relic_stats":{"Blood Vial":16,"Nunchaku":[6],"counters":[12,56],"Bronze Scales":[60],"CeramicFish":45,"Pen Nib":[5],"obtain_stats":[{"Blood Vial":9,"Nunchaku":7,"Tiny House":17,"Bronze Scales":12,"CeramicFish":14,"Oddly Smooth Stone":19,"Pen Nib":10,"Ring of the Snake":0},{"Blood Vial":4,"Nunchaku":4,"Tiny House":9,"Bronze Scales":7,"CeramicFish":8,"Oddly Smooth Stone":10,"Pen Nib":5,"Ring of the Snake":0},{"Blood Vial":15,"Nunchaku":15,"Tiny House":43,"Bronze Scales":31,"CeramicFish":34,"Oddly Smooth Stone":47,"Pen Nib":23,"Ring of the Snake":0}],"Ring of the Snake":[24]},"card_choices":[{"not_picked":["A Thousand Cuts","Adrenaline"],"picked":"Glass Knife","floor":0.0},{"not_picked":["Cloak And Dagger","Riddle With Holes"],"picked":"Deadly Poison","floor":1.0},{"not_picked":["Distraction","Tactician"],"picked":"All Out Attack","floor":3.0},{"not_picked":["Sucker Punch","Bane"],"picked":"Deflect","floor":4.0},{"not_picked":["Choke","Unload"],"picked":"Terror","floor":7.0},{"not_picked":["Deflect","Dodge and Roll"],"picked":"Well Laid Plans","floor":10.0},{"not_picked":["Acrobatics","Flechettes","Blade Dance"],"picked":"SKIP","floor":11.0},{"not_picked":["Distraction","Acrobatics"],"picked":"Dagger Spray","floor":12.0},{"not_picked":["Expertise","Cloak And Dagger"],"picked":"Calculated Gamble","floor":14.0},{"not_picked":["Storm of Steel","Phantasmal Killer"],"picked":"Burst","floor":16.0},{"not_picked":["Underhanded Strike","Flying Knee"],"picked":"Dagger Spray","floor":17.0},{"not_picked":["Dash","Setup+1"],"picked":"Skewer","floor":18.0},{"not_picked":["Outmaneuver","Concentrate"],"picked":"Catalyst","floor":20.0}],"player_experience":1212278,"relics_obtained":[{"floor":7.0,"key":"Nunchaku"},{"floor":9.0,"key":"Blood Vial"},{"floor":10.0,"key":"Pen Nib"},{"floor":12.0,"key":"Bronze Scales"},{"floor":14.0,"key":"CeramicFish"}],"event_choices":[{"damage_healed":0.0,"max_hp_gain":0.0,"max_hp_loss":0.0,"gold_gain":0.0,"event_name":"The Woman in Blue","player_choice":"Bought 2 Potions","floor":2.0,"gold_loss":0.0,"damage_taken":0.0}],"is_beta":false,"boss_relics":[{"not_picked":["Runic Dome","Snecko Eye"],"picked":"Tiny House"}],"items_purged_floors":[5,19],"is_endless":false,"potions_floor_spawned":[4,11,14,16,18],"killed_by":"Snecko","ascension_level":20}}