{"host":"d61fcf2p3sjwe6yo","time":1611061991,"event":{"mods":["AchievementEnabler","BaseMod","Colored Map","Downfall","Minty Spire (QoL Compilation)","StSLib","SuperFastMode"],"gold_per_floor":[99,117,117,137,137,163,163,197,55,83,103,103,136,136,155,255,255,155,171,191,291,310,335,387,272,302,302,315,215,215,240,255,357,357,357,371,381,1380,1035,1035,1035,1035,1055,1108,1008,1036,1036,703,714,714,714,744,149,149,149,149],"floor_reached":57,"language":"ENG","playtime":4138,"items_purged":["bronze:Strike","bronze:Allocate+1","Normality"],"score":2102,"play_id":"848c4b24-293b-4ea3-b279-f5db2a66f5bf","local_time":"20210119161311","is_ascension_mode":true,"campfire_choices":[{"data":"bronze:Replicate","floor":1.0,"key":"SMITH"},{"floor":18.0,"key":"RECALL"},{"data":"bronze:FollowUp","floor":29.0,"key":"SMITH"},{"data":"bronze:Goto","floor":35.0,"key":"SMITH"},{"data":"expansioncontent:AwakenDeath","floor":45,"key":"SMITH"},{"data":"bronze:Separator","floor":47,"key":"SMITH"},{"data":"bronze:DelayedGuard","floor":54,"key":"SMITH"}],"circlet_count":0,"master_deck":["bronze:Defend","bronze:Defend","bronze:Defend","bronze:Replicate+1","bronze:Goto+1","bronze:DelayedGuard+1","bronze:FollowUp+1","bronze:Separator+1","bronze:Constructor+1","bronze:ChildClass+1","bronze:Format+1","bronze:ChildClass+1","bronze:ForceShield+1","bronze:Repair+1","expansioncontent:AwakenDeath+1"],"relics":["Runic Pyramid","bronze:Mallet","Singing Bowl","Toxic Egg 2","Happy Flower","Bottled Flame","Coffee Dripper","downfall:HeartBlessingGreen","MutagenicStrength","Omamori","Centennial Puzzle","HornCleat","Toy Ornithopter","downfall:HeartBlessingRed","Vajra","Sozu","Slimebound:PreparedRelic","FossilizedHelix","Gambling Chip","downfall:HeartBlessingBlue","Blue Candle","Pantograph","bronze:BronzeIdol","Bird Faced Urn","Guardian:BottledAnomaly"],"acts_visited":["Exordium","TheCity","TheBeyond","TheEnding"],"potions_floor_usage":[56,56,56],"damage_taken":[{"damage":5.0,"enemies":"2 Louse","floor":2.0,"turns":3.0},{"damage":9.0,"enemies":"Jaw Worm","floor":4.0,"turns":3.0},{"damage":0.0,"enemies":"Gremlin Nob","floor":6.0,"turns":3.0},{"damage":0.0,"enemies":"Lagavulin","floor":8.0,"turns":5.0},{"damage":0.0,"enemies":"downfall:FleeingMerchant","floor":9.0,"turns":4.0},{"damage":10.0,"enemies":"3 Sentries","floor":10.0,"turns":5.0},{"damage":0.0,"enemies":"Small Slimes","floor":11.0,"turns":3.0},{"damage":0.0,"enemies":"Lagavulin","floor":13.0,"turns":4.0},{"damage":1.0,"enemies":"2 Fungi Beasts","floor":15.0,"turns":3.0},{"damage":6.0,"enemies":"WA_ARCHETYPE_RETAIN","floor":16.0,"turns":5.0},{"damage":18.0,"enemies":"3 Byrds","floor":19.0,"turns":4.0},{"damage":0.0,"enemies":"Spheric Guardian","floor":20.0,"turns":3.0},{"damage":1.0,"enemies":"downfall:Augmenter","floor":21.0,"turns":5.0},{"damage":0.0,"enemies":"3 Cultists","floor":22.0,"turns":3.0},{"damage":0.0,"enemies":"Gremlin Leader","floor":23.0,"turns":5.0},{"damage":0.0,"enemies":"downfall:FleeingMerchant","floor":25.0,"turns":4.0},{"damage":14.0,"enemies":"Slavers","floor":26.0,"turns":6.0},{"damage":0.0,"enemies":"Snecko","floor":28.0,"turns":4.0},{"damage":0.0,"enemies":"Gremlin Leader","floor":31.0,"turns":5.0},{"damage":0.0,"enemies":"Snake Plant","floor":32.0,"turns":3.0},{"damage":0.0,"enemies":"DF_ARCHETYPE_CLAW","floor":33.0,"turns":6.0},{"damage":0.0,"enemies":"3 Shapes","floor":36.0,"turns":3.0},{"damage":0.0,"enemies":"Orb Walker","floor":37.0,"turns":3.0},{"damage":0.0,"enemies":"downfall:FleeingMerchant","floor":39.0,"turns":4.0},{"damage":0,"enemies":"Sphere and 2 Shapes","floor":43,"turns":3},{"damage":0,"enemies":"2 Orb Walkers","floor":44,"turns":4},{"damage":0,"enemies":"Reptomancer","floor":46,"turns":5},{"damage":0,"enemies":"3 Darklings","floor":49,"turns":3},{"damage":0,"enemies":"SI_POISON_ARCHETYPE","floor":50,"turns":7},{"damage":0,"enemies":"downfall:CharBossMerchant","floor":52,"turns":8},{"damage":0,"enemies":"downfall:NeowBoss","floor":55,"turns":13},{"damage":16,"enemies":"downfall:NeowBossFinal","floor":56,"turns":11}],"seed_played":"7474559352961888314","potions_obtained":[{"floor":4.0,"key":"bronze:FreeFunctionsPotion"},{"floor":10.0,"key":"EssenceOfSteel"},{"floor":15.0,"key":"DistilledChaos"},{"floor":16.0,"key":"EssenceOfSteel"},{"floor":19.0,"key":"PowerPotion"},{"floor":28.0,"key":"bronze:FreeFunctionsPotion"},{"floor":32.0,"key":"Explosive Potion"},{"floor":33.0,"key":"SkillPotion"}],"is_trial":false,"path_per_floor":["R","M","?","M","?","E","T","E","$","E","M","?","E","?","M","B",null,"R","M","M","?","M","E","T","$","E","?","M","R","?","E","M","B",null,"R","M","M","?","$","?","T","?","M","?","R","E","R","?","M","B",null,"E","$","R","B","B",null],"character_chosen":"THE_AUTOMATON","items_purchased":["bronze:Constructor+1","Slimebound:PreparedRelic","FossilizedHelix","bronze:BronzeIdol","Bird Faced Urn","Guardian:BottledAnomaly"],"campfire_rested":0,"item_purchase_floors":[9,39,39,53,53,53],"current_hp_per_floor":[63,58,58,49,49,49,49,51,51,43,43,43,45,45,46,40,69,69,53,53,56,58,60,60,62,48,48,60,60,60,72,86,98,98,98,100,102,102,102,102,102,102,104,106,116,118,118,133,135,135,135,137,137,137,137,126],"gold":149,"neow_bonus":"BOSS_RELIC","is_daily":false,"chose_seed":false,"campfire_upgraded":6,"win_rate":0.0,"timestamp":1611061991,"path_taken":["R","M","?","M","?","E","T","E","?","E","?","?","E","?","M","BOSS","R","M","M","?","M","E","T","$","E","?","M","R","?","E","M","BOSS","R","M","M","?","$","?","T","?","M","?","R","E","R","?","M","BOSS","E","$","R","BOSS","BOSS"],"items_purchased_type":["Card","Relic","Relic","Relic","Relic","Relic"],"build_version":"2020-12-22","purchased_purges":3,"victory":true,"max_hp_per_floor":[70,70,70,70,70,70,70,72,72,74,74,74,76,76,78,78,78,78,80,80,84,86,88,88,90,90,90,92,92,92,94,96,98,98,98,100,102,102,102,102,102,102,104,106,116,118,118,133,135,135,135,137,137,137,137,137],"card_choices":[{"not_picked":["bronze:Frontload","bronze:DelayedSlice"],"picked":"bronze:DelayedGuard","floor":2.0},{"not_picked":["bronze:ChildClass","bronze:DelayedGuard"],"picked":"bronze:FollowUp","floor":4.0},{"not_picked":["bronze:Optimize","bronze:BuggyMess","bronze:WildBeam"],"picked":"SKIP","floor":6.0},{"not_picked":["bronze:Iterate","bronze:Allocate+1","bronze:OilSpill"],"picked":"Singing Bowl","floor":8.0},{"not_picked":["bronze:BitShift+1","bronze:Frontload+1"],"picked":"bronze:Verify","floor":9.0},{"not_picked":["bronze:Turbo+1","bronze:WhirlingStrike","bronze:Safeguard+1"],"picked":"Singing Bowl","floor":10.0},{"not_picked":["bronze:DelayedSlice","bronze:FollowUp"],"picked":"bronze:ChildClass+1","floor":11.0},{"not_picked":["bronze:DelayedSlice","bronze:WhirlingStrike","bronze:InfiniteBeams"],"picked":"Singing Bowl","floor":13.0},{"not_picked":["bronze:BitShift+1","bronze:WildBeam","bronze:CutThrough"],"picked":"Singing Bowl","floor":15.0},{"not_picked":["bronze:BurnOut","bronze:Library"],"picked":"bronze:Format+1","floor":16.0},{"not_picked":["bronze:Deprecate+1","bronze:BronzeArmor+1","bronze:ForceShield+1"],"picked":"Singing Bowl","floor":19.0},{"not_picked":["bronze:CutThrough","bronze:Optimize"],"picked":"bronze:ChildClass+1","floor":20.0},{"not_picked":["bronze:WhirlingStrike","bronze:CutThrough","bronze:BugBarrage"],"picked":"Singing Bowl","floor":21.0},{"not_picked":["J.A.X.+1"],"picked":"Singing Bowl","floor":21.0},{"not_picked":["bronze:Verify","bronze:Frontload+1","bronze:DelayedSlice"],"picked":"Singing Bowl","floor":22.0},{"not_picked":["bronze:Backtrace","bronze:DelayedSlice+1","bronze:Philosophize+1"],"picked":"Singing Bowl","floor":23.0},{"not_picked":["bronze:Overload+1","bronze:Overheat","bronze:Frontload+1"],"picked":"Singing Bowl","floor":25.0},{"not_picked":["bronze:FineTuning+1","bronze:Branch"],"picked":"bronze:Repair+1","floor":26.0},{"not_picked":["bronze:FineTuning+1","bronze:OilSpill+1","bronze:BitShift+1"],"picked":"Singing Bowl","floor":28.0},{"not_picked":["bronze:NullPointer+1","bronze:Overheat+1","bronze:BitShift+1"],"picked":"Singing Bowl","floor":31.0},{"not_picked":["bronze:Shield+1","bronze:ShipIt","bronze:GetLatest+1"],"picked":"Singing Bowl","floor":32.0},{"not_picked":["bronze:AlphaBuild","bronze:Break","bronze:Library"],"picked":"Singing Bowl","floor":33.0},{"not_picked":["bronze:BuggyMess+1","bronze:Boost+1","bronze:Turbo+1"],"picked":"Singing Bowl","floor":36.0},{"not_picked":["bronze:Refactor+1","bronze:Turbo+1","bronze:Frontload+1"],"picked":"Singing Bowl","floor":37.0},{"not_picked":["expansioncontent:Hexaburn","expansioncontent:GuardianWhirl"],"picked":"expansioncontent:AwakenDeath","floor":42},{"not_picked":["bronze:ItsAFeature+1","bronze:Iterate","bronze:ForLoop+1"],"picked":"Singing Bowl","floor":43},{"not_picked":["bronze:Separator","bronze:Invalidate+1","bronze:WhirlingStrike+1"],"picked":"Singing Bowl","floor":44},{"not_picked":["bronze:Overheat+1","bronze:ChildClass+1","bronze:Frontload+1"],"picked":"Singing Bowl","floor":46},{"not_picked":["bronze:WhirlingStrike","bronze:Constructor+1","bronze:DarkDash"],"picked":"Singing Bowl","floor":49},{"not_picked":["bronze:Constructor+1","bronze:ChildClass+1","bronze:Branch+1"],"picked":"Singing Bowl","floor":52}],"player_experience":603000,"relics_obtained":[{"floor":6.0,"key":"bronze:Mallet"},{"floor":7.0,"key":"Singing Bowl"},{"floor":8.0,"key":"Toxic Egg 2"},{"floor":10.0,"key":"Happy Flower"},{"floor":13.0,"key":"Bottled Flame"},{"floor":21.0,"key":"MutagenicStrength"},{"floor":23.0,"key":"Omamori"},{"floor":24.0,"key":"Centennial Puzzle"},{"floor":26.0,"key":"HornCleat"},{"floor":31.0,"key":"Vajra"},{"floor":44,"key":"Gambling Chip"},{"floor":46,"key":"Blue Candle"},{"floor":52,"key":"Pantograph"}],"event_choices":[{"cards_removed":["bronze:Strike"],"damage_healed":0.0,"max_hp_gain":0.0,"max_hp_loss":0.0,"gold_gain":0.0,"event_name":"The Cleric","player_choice":"Card Removal","floor":3.0,"gold_loss":0.0,"damage_taken":0.0},{"damage_healed":0.0,"max_hp_gain":0.0,"max_hp_loss":0.0,"gold_gain":0.0,"event_name":"Addict","player_choice":"Stole Relic","floor":27.0,"gold_loss":0.0,"damage_taken":0.0,"relics_obtained":["Toy Ornithopter"],"cards_obtained":["Pride"]},{"cards_removed":["bronze:Verify"],"damage_healed":0,"gold_gain":0,"player_choice":"Removed Power","damage_taken":0,"max_hp_gain":0,"max_hp_loss":0,"event_name":"Falling","floor":40,"gold_loss":0},{"damage_healed":0,"gold_gain":0,"player_choice":"Fight","damage_taken":0,"max_hp_gain":0,"max_hp_loss":0,"event_name":"Mysterious Sphere","floor":44,"gold_loss":0}],"is_beta":false,"boss_relics":[{"not_picked":["expansioncontent:StudyCardRelic","Tiny House"],"picked":"Coffee Dripper"},{"not_picked":["Runic Dome","Empty Cage"],"picked":"Sozu"}],"items_purged_floors":[9,25,39],"is_endless":false,"potions_floor_spawned":[4,10,15,16,19,20,28,32,33,46,52],"ascension_level":8}}