{"host":"y76x98twjnyyxs83","time":1611062849,"event":{"mods":["BaseMod","Colored Powertips","Minty Spire (QoL Compilation)","Permanent Neow","Quick Restart","Rare Cards Sparkle","Relic Stats","StSLib"],"gold_per_floor":[113,125,125,138,163,192,203,230,310,310,351,61,61,61,61,156,156,181,96,116,41,41,80,80,113,161,161,205,46,61,92,92,186,186,205,205,236,260,593,593,620,620,665,683,444,461,489,293,293,293,293,293,87,113,113],"floor_reached":56,"language":"ENG","playtime":3822,"items_purged":["Strike_G","Strike_G","Strike_G","Defend_G","Defend_G"],"score":2333,"play_id":"37452341-8e63-460e-abaa-ba9f8857bedd","local_time":"20210119212729","is_ascension_mode":true,"campfire_choices":[{"data":"Well Laid Plans","floor":13.0,"key":"SMITH"},{"data":"Neutralize","floor":15.0,"key":"SMITH"},{"data":"1","floor":24.0,"key":"LIFT"},{"data":"2","floor":27.0,"key":"LIFT"},{"data":"3","floor":32.0,"key":"LIFT"},{"data":"Wraith Form v2","floor":40,"key":"SMITH"},{"data":"A Thousand Cuts","floor":42,"key":"SMITH"},{"floor":49,"key":"RECALL"},{"data":"Choke","floor":52,"key":"SMITH"}],"circlet_count":0,"master_deck":["AscendersBane","Defend_G","Defend_G+1","Defend_G","Survivor+1","Neutralize+1","Dagger Throw+1","Underhanded Strike","Escape Plan","Corpse Explosion","Choke+1","Deadly Poison","Well Laid Plans+1","Blade Dance+1","Wraith Form v2+1","CurseOfTheBell","Choke+1","Acrobatics+1","Backflip+1","Backflip+1","A Thousand Cuts+1","PiercingWail+1","Poisoned Stab+1","Escape Plan+1","Phantasmal Killer+1","Crippling Poison+1","Dodge and Roll+1","Bouncing Flask+1","Blade Dance+1","PiercingWail+1","Backflip+1","Catalyst+1","Wraith Form v2+1","Night Terror+1","Footwork","Envenom"],"relics":["Coffee Dripper","Centennial Puzzle","Ginger","Bag of Preparation","Toxic Egg 2","Gremlin Horn","Medical Kit","Calling Bell","MealTicket","Kunai","Girya","Ninja Scroll","StoneCalendar","Bronze Scales","Nunchaku","Dream Catcher","Orichalcum","Runic Dome","Dead Branch","War Paint","Membership Card","Strawberry","DollysMirror","Whetstone","White Beast Statue"],"acts_visited":["Exordium","TheCity","TheBeyond","TheEnding"],"potions_floor_usage":[55],"damage_taken":[{"damage":3.0,"enemies":"Jaw Worm","floor":1.0,"turns":6.0},{"damage":0.0,"enemies":"2 Louse","floor":2.0,"turns":3.0},{"damage":0.0,"enemies":"Small Slimes","floor":4.0,"turns":3.0},{"damage":5.0,"enemies":"Lagavulin","floor":6.0,"turns":7.0},{"damage":10.0,"enemies":"Red Slaver","floor":7.0,"turns":3.0},{"damage":15.0,"enemies":"3 Sentries","floor":8.0,"turns":3.0},{"damage":12.0,"enemies":"Lagavulin","floor":11.0,"turns":8.0},{"damage":6.0,"enemies":"The Guardian","floor":16.0,"turns":11.0},{"damage":6.0,"enemies":"3 Byrds","floor":18.0,"turns":3.0},{"damage":7.0,"enemies":"2 Thieves","floor":20.0,"turns":3.0},{"damage":0.0,"enemies":"Gremlin Leader","floor":23.0,"turns":6.0},{"damage":19.0,"enemies":"Book of Stabbing","floor":25.0,"turns":6.0},{"damage":0.0,"enemies":"Gremlin Leader","floor":28.0,"turns":4.0},{"damage":0.0,"enemies":"Centurion and Healer","floor":30.0,"turns":2.0},{"damage":0.0,"enemies":"Book of Stabbing","floor":31.0,"turns":4.0},{"damage":1.0,"enemies":"Champ","floor":33.0,"turns":9.0},{"damage":0.0,"enemies":"Orb Walker","floor":35.0,"turns":2.0},{"damage":0,"enemies":"Mind Bloom Boss Battle","floor":37,"turns":4},{"damage":0,"enemies":"3 Shapes","floor":38,"turns":2},{"damage":11,"enemies":"Nemesis","floor":41,"turns":5},{"damage":0,"enemies":"Transient","floor":44,"turns":6},{"damage":0,"enemies":"Writhing Mass","floor":46,"turns":4},{"damage":3,"enemies":"Giant Head","floor":47,"turns":5},{"damage":1,"enemies":"Donu and Deca","floor":50,"turns":5},{"damage":2,"enemies":"Shield and Spear","floor":54,"turns":4},{"damage":73,"enemies":"The Heart","floor":55,"turns":9}],"seed_played":"5321095120214964714","potions_obtained":[{"floor":4.0,"key":"BlessingOfTheForge"},{"floor":7.0,"key":"DuplicationPotion"},{"floor":11.0,"key":"Explosive Potion"},{"floor":14.0,"key":"CultistPotion"},{"floor":23.0,"key":"FairyPotion"},{"floor":38,"key":"DistilledChaos"}],"is_trial":false,"path_per_floor":["M","M","?","M","T","E","M","E","T","?","E","$","R","?","R","B",null,"M","?","M","?","$","E","R","E","T","R","E","$","M","E","R","B",null,"M","?","?","M","?","R","E","R","T","M","$","M","E","$","R","B",null,"R","$","E","B",null],"character_chosen":"THE_SILENT","items_purchased":["Blade Dance+1","Medical Kit","PiercingWail+1","Membership Card","Backflip+1","DollysMirror","Night Terror+1","Footwork","Whetstone"],"campfire_rested":0,"item_purchase_floors":[12,12,29,45,45,48,48,53,53],"current_hp_per_floor":[56,56,49,49,49,44,34,19,19,19,7,7,7,7,7,1,45,39,39,32,32,47,47,47,28,28,28,28,43,43,43,43,42,56,56,56,56,56,56,56,45,45,45,45,60,60,64,67,67,66,67,67,67,65,12],"gold":113,"neow_bonus":"BOSS_RELIC","is_daily":false,"chose_seed":false,"campfire_upgraded":5,"win_rate":0.0,"timestamp":1611062849,"path_taken":["M","M","?","M","?","E","M","E","T","?","E","$","R","?","R","BOSS","M","?","M","?","$","E","R","E","T","R","E","$","M","E","R","BOSS","M","?","?","M","?","R","E","R","T","M","$","M","E","?","R","BOSS","R","$","E","BOSS"],"items_purchased_type":["Card","Relic","Card","Relic","Card","Relic","Card","Card","Relic"],"build_version":"2020-12-22","purchased_purges":5,"victory":true,"max_hp_per_floor":[66,66,66,66,66,66,66,66,66,60,60,60,60,60,60,60,60,60,60,60,60,60,60,60,60,60,60,60,60,60,60,60,60,60,60,60,60,60,60,60,60,60,60,60,60,60,67,67,67,67,67,67,67,67,67],"relic_stats":{"Gremlin Horn":[10,11],"counters":[26,127],"Dead Branch":[118],"StoneCalendar":[104],"Bag of Preparation":[40],"Ginger":[8],"Whetstone":["Dagger Throw","Choke"],"Orichalcum":[120],"War Paint":["Defend_G","Survivor"],"Medical Kit":[1],"Centennial Puzzle":[40],"Nunchaku":[21],"Dream Catcher":0,"Bronze Scales":[299],"MealTicket":48,"Kunai":[63],"obtain_stats":[{"Gremlin Horn":11,"StoneCalendar":23,"Bag of Preparation":8,"Ginger":6,"Whetstone":53,"Centennial Puzzle":5,"Nunchaku":26,"Dream Catcher":28,"Ninja Scroll":19,"DollysMirror":48,"Strawberry":47,"MealTicket":17,"Kunai":17,"Toxic Egg 2":9,"Ring of the Snake":0,"Girya":17,"Golden Idol":10,"Dead Branch":37,"Orichalcum":31,"War Paint":41,"Medical Kit":12,"White Beast Statue":54,"Calling Bell":17,"Runic Dome":34,"Bronze Scales":25,"Coffee Dripper":0,"Membership Card":45},{"Gremlin Horn":7,"StoneCalendar":11,"Bag of Preparation":6,"Ginger":4,"Whetstone":24,"Centennial Puzzle":3,"Nunchaku":12,"Dream Catcher":13,"Ninja Scroll":9,"DollysMirror":23,"Strawberry":23,"MealTicket":8,"Kunai":8,"Toxic Egg 2":6,"Ring of the Snake":0,"Girya":8,"Golden Idol":6,"Dead Branch":18,"Orichalcum":15,"War Paint":20,"Medical Kit":7,"White Beast Statue":25,"Calling Bell":8,"Runic Dome":16,"Bronze Scales":12,"Coffee Dripper":0,"Membership Card":21},{"Gremlin Horn":33,"StoneCalendar":56,"Bag of Preparation":25,"Ginger":19,"Whetstone":114,"Centennial Puzzle":12,"Nunchaku":62,"Dream Catcher":66,"Ninja Scroll":47,"DollysMirror":109,"Strawberry":109,"MealTicket":44,"Kunai":44,"Toxic Egg 2":25,"Ring of the Snake":0,"Girya":44,"Golden Idol":25,"Dead Branch":87,"Orichalcum":72,"War Paint":94,"Medical Kit":33,"White Beast Statue":118,"Calling Bell":44,"Runic Dome":81,"Bronze Scales":62,"Coffee Dripper":0,"Membership Card":100}]},"card_choices":[{"not_picked":["Acrobatics","Well Laid Plans"],"picked":"Dagger Throw","floor":1.0},{"not_picked":["Infinite Blades","Caltrops"],"picked":"Underhanded Strike","floor":2.0},{"not_picked":["Flechettes","Cloak And Dagger"],"picked":"Escape Plan","floor":4.0},{"not_picked":["Night Terror","Prepared"],"picked":"Corpse Explosion","floor":6.0},{"not_picked":["Riddle With Holes","Dodge and Roll"],"picked":"Choke","floor":7.0},{"not_picked":["Poisoned Stab","Quick Slash"],"picked":"Deadly Poison","floor":8.0},{"not_picked":["Riddle With Holes","Blade Dance+1"],"picked":"Well Laid Plans","floor":11.0},{"not_picked":["Corpse Explosion+1","Die Die Die"],"picked":"Wraith Form v2","floor":16.0},{"not_picked":["Slice","Dagger Spray"],"picked":"Choke","floor":18.0},{"not_picked":["Escape Plan+1","Flechettes"],"picked":"Acrobatics+1","floor":20.0},{"not_picked":["Acrobatics+1","Backstab"],"picked":"Backflip+1","floor":23.0},{"not_picked":["Expertise+1","Escape Plan+1"],"picked":"Backflip+1","floor":25.0},{"not_picked":["Deadly Poison+1","Dagger Spray"],"picked":"A Thousand Cuts","floor":28.0},{"not_picked":["Dagger Spray","Skewer+1"],"picked":"Poisoned Stab+1","floor":30.0},{"not_picked":["Deadly Poison+1","Slice"],"picked":"Escape Plan+1","floor":31.0},{"not_picked":["Unload","Doppelganger+1"],"picked":"Phantasmal Killer+1","floor":33.0},{"not_picked":["Accuracy","Sucker Punch"],"picked":"Crippling Poison+1","floor":35.0},{"not_picked":["Concentrate+1","Poisoned Stab"],"picked":"Dodge and Roll+1","floor":37},{"not_picked":["Poisoned Stab","Dagger Spray+1"],"picked":"Bouncing Flask+1","floor":38},{"not_picked":["Caltrops","Deflect+1"],"picked":"Blade Dance+1","floor":41},{"not_picked":["Poisoned Stab","Deflect+1"],"picked":"PiercingWail+1","floor":44},{"not_picked":["PiercingWail+1","Deadly Poison+1"],"picked":"Catalyst+1","floor":46},{"not_picked":["Distraction+1","Riddle With Holes+1","Well Laid Plans+1"],"picked":"SKIP","floor":47},{"not_picked":["Quick Slash","Dagger Throw"],"picked":"Envenom","floor":54}],"player_experience":1162192,"relics_obtained":[{"floor":5.0,"key":"Centennial Puzzle"},{"floor":6.0,"key":"Ginger"},{"floor":8.0,"key":"Bag of Preparation"},{"floor":9.0,"key":"Toxic Egg 2"},{"floor":11.0,"key":"Gremlin Horn"},{"floor":17.0,"key":"MealTicket"},{"floor":17.0,"key":"Kunai"},{"floor":17.0,"key":"Girya"},{"floor":23.0,"key":"StoneCalendar"},{"floor":25.0,"key":"Bronze Scales"},{"floor":26.0,"key":"Nunchaku"},{"floor":28.0,"key":"Dream Catcher"},{"floor":31.0,"key":"Orichalcum"},{"floor":37,"key":"Dead Branch"},{"floor":41,"key":"War Paint"},{"floor":47,"key":"Strawberry"},{"floor":54,"key":"White Beast Statue"}],"event_choices":[{"cards_removed":["Strike_G"],"damage_healed":0.0,"max_hp_gain":0.0,"max_hp_loss":0.0,"gold_gain":0.0,"event_name":"Golden Wing","player_choice":"Card Removal","floor":3.0,"gold_loss":0.0,"damage_taken":7.0},{"damage_healed":0.0,"max_hp_gain":0.0,"max_hp_loss":6.0,"gold_gain":0.0,"event_name":"Golden Idol","player_choice":"Lose Max HP","floor":10.0,"gold_loss":0.0,"damage_taken":0.0,"relics_obtained":["Golden Idol"]},{"damage_healed":0.0,"max_hp_gain":0.0,"max_hp_loss":0.0,"gold_gain":0.0,"event_name":"Lab","player_choice":"Got Potions","floor":14.0,"gold_loss":0.0,"damage_taken":0.0},{"damage_healed":0.0,"max_hp_gain":0.0,"max_hp_loss":0.0,"gold_gain":0.0,"event_name":"Addict","player_choice":"Obtained Relic","floor":19.0,"gold_loss":85.0,"damage_taken":0.0,"relics_obtained":["Ninja Scroll"]},{"cards_removed":["Strike_G"],"damage_healed":0.0,"max_hp_gain":0.0,"max_hp_loss":0.0,"gold_gain":0.0,"event_name":"Beggar","player_choice":"Gave Gold","floor":21.0,"gold_loss":75.0,"damage_taken":0.0},{"damage_healed":0.0,"max_hp_gain":0.0,"max_hp_loss":0.0,"gold_gain":0.0,"event_name":"Tomb of Lord Red Mask","player_choice":"Ignored","floor":36.0,"gold_loss":0.0,"damage_taken":0.0},{"damage_healed":0,"gold_gain":0,"player_choice":"Fight","damage_taken":0,"max_hp_gain":0,"max_hp_loss":0,"event_name":"MindBloom","floor":37,"gold_loss":0},{"damage_healed":0,"gold_gain":333,"player_choice":"Gave Idol","damage_taken":0,"max_hp_gain":0,"max_hp_loss":0,"event_name":"The Moai Head","floor":39,"relics_lost":["Golden Idol"],"gold_loss":0}],"is_beta":false,"boss_relics":[{"not_picked":["SlaversCollar","WristBlade"],"picked":"Calling Bell"},{"not_picked":["Empty Cage","Velvet Choker"],"picked":"Runic Dome"}],"items_purged_floors":[12,29,45,48,53],"is_endless":false,"potions_floor_spawned":[4,7,11,16,18,20,23,28,31,38,41,44,46],"ascension_level":17}}