{"host":"g5ztulhog0otympt","time":1611079093,"event":{"mods":["AchievementEnabler","BaseMod","Downfall","Hermit","Minty Spire (QoL Compilation)","StSLib","The Cursed"],"gold_per_floor":[210,226,226,226,243,575,575,609,609,629,648,727,727,746,746,851,851,865,865,885,413,413,413,442,58,58,87,99,124,136,76,76,76,76],"floor_reached":33,"language":"ENG","playtime":993,"items_purged":[],"score":289,"play_id":"3087878c-fc2d-418c-9bf6-9617e73ed04e","local_time":"20210119195813","is_ascension_mode":true,"campfire_choices":[{"floor":7,"key":"REST"},{"floor":13,"key":"REST"},{"floor":15,"key":"REST"},{"floor":23,"key":"REST"},{"floor":32,"key":"REST"}],"circlet_count":0,"master_deck":["Strike_R","Strike_R","Strike_R","Strike_R","Strike_R","Defend_R","Defend_R","Defend_R","Defend_R+1","Bash","Iron Wave","Pain","Shrug It Off+1","Cleave","Clash","Combust","Juggernaut","Spot Weakness","Intimidate","Violence","Writhe","Barricade","Flex","Infernal Blade"],"relics":["Burning Blood","WarpedTongs","Old Coin","Gremlin Horn","Pear","bronze:MakeshiftBattery","Nilry\u0027s Codex","Toolbox","Bronze Scales","War Paint","Omamori","Lantern","Frozen Egg 2","MawBank","Ornamental Fan","MutagenicStrength"],"acts_visited":["Exordium","TheCity"],"potions_floor_usage":[8,33,33,33],"damage_taken":[{"damage":11,"enemies":"Jaw Worm","floor":1,"turns":4},{"damage":0,"enemies":"Small Slimes","floor":2,"turns":4},{"damage":2,"enemies":"Cultist","floor":5,"turns":3},{"damage":32,"enemies":"Gremlin Nob","floor":6,"turns":5},{"damage":52,"enemies":"Lagavulin","floor":8,"turns":9},{"damage":3,"enemies":"Looter","floor":10,"turns":3},{"damage":11,"enemies":"Exordium Wildlife","floor":11,"turns":5},{"damage":4,"enemies":"2 Fungi Beasts","floor":14,"turns":3},{"damage":67,"enemies":"The Guardian","floor":16,"turns":13},{"damage":13,"enemies":"3 Byrds","floor":18,"turns":5},{"damage":12,"enemies":"Chosen","floor":20,"turns":6},{"damage":13,"enemies":"Book of Stabbing","floor":24,"turns":5},{"damage":37,"enemies":"3 Cultists","floor":27,"turns":5},{"damage":27,"enemies":"Snake Plant","floor":29,"turns":4},{"damage":79,"enemies":"Champ","floor":33,"turns":9}],"seed_played":"-7165010347496415143","potions_obtained":[{"floor":2,"key":"GamblersBrew"},{"floor":5,"key":"Dexterity Potion"},{"floor":14,"key":"CultistPotion"},{"floor":16,"key":"LiquidBronze"},{"floor":18,"key":"BloodPotion"}],"is_trial":false,"path_per_floor":["M","M","?","?","M","E","R","E","T","M","M","?","R","M","R","B",null,"M","?","M","$","?","R","E","$","T","M","T","M","?","$","R","B"],"character_chosen":"IRONCLAD","items_purchased":["Toolbox","Bronze Scales","Violence","Lantern","Frozen Egg 2","Infernal Blade"],"campfire_rested":5,"item_purchase_floors":[21,21,21,25,25,31],"current_hp_per_floor":[75,80,80,80,80,54,78,32,42,45,40,40,67,69,90,29,90,83,67,61,61,61,88,81,81,81,50,50,29,29,29,56,0,0],"gold":76,"neow_bonus":"HUNDRED_GOLD","is_daily":false,"chose_seed":false,"campfire_upgraded":0,"win_rate":0.0,"timestamp":1611079093,"path_taken":["M","M","?","?","M","E","R","E","T","M","?","?","R","M","R","BOSS","M","?","M","$","?","R","E","$","T","M","?","?","?","?","R","BOSS"],"items_purchased_type":["Relic","Relic","Card","Relic","Relic","Card"],"build_version":"2020-12-22","purchased_purges":0,"victory":false,"max_hp_per_floor":[80,80,80,80,80,80,80,80,90,90,90,90,90,90,90,90,90,90,90,90,90,90,90,90,90,90,90,90,90,90,90,90,90,90],"card_choices":[{"not_picked":["Armaments","Rupture"],"picked":"Iron Wave","floor":1},{"not_picked":["Reckless Charge","Feel No Pain","Dropkick"],"picked":"SKIP","floor":2},{"not_picked":["Iron Wave","Cleave"],"picked":"Shrug It Off","floor":5},{"not_picked":["Power Through","Headbutt"],"picked":"Cleave","floor":6},{"not_picked":["Uppercut","Twin Strike"],"picked":"Clash","floor":8},{"not_picked":["Cleave","Havoc","Pommel Strike"],"picked":"SKIP","floor":10},{"not_picked":["Pommel Strike","Seeing Red","Evolve"],"picked":"SKIP","floor":11},{"not_picked":["Whirlwind","Pommel Strike"],"picked":"Combust","floor":14},{"not_picked":["Exhume","Brutality"],"picked":"Juggernaut","floor":16},{"not_picked":["Ghostly Armor","Headbutt"],"picked":"Spot Weakness","floor":18},{"not_picked":["Wild Strike","Feel No Pain"],"picked":"Intimidate","floor":20},{"not_picked":["Sentinel","Flex"],"picked":"Barricade","floor":24},{"not_picked":["Carnage","Dark Embrace+1"],"picked":"Flex","floor":27},{"not_picked":["Disarm+1","Seeing Red","Sword Boomerang"],"picked":"SKIP","floor":29}],"player_experience":105356,"relics_obtained":[{"floor":6,"key":"Old Coin"},{"floor":8,"key":"Gremlin Horn"},{"floor":9,"key":"Pear"},{"floor":19,"key":"Nilry\u0027s Codex"},{"floor":24,"key":"Omamori"},{"floor":26,"key":"MawBank"},{"floor":28,"key":"Ornamental Fan"}],"event_choices":[{"damage_healed":0,"gold_gain":0,"player_choice":"Ignored","damage_taken":0,"max_hp_gain":0,"max_hp_loss":0,"event_name":"Liars Game","floor":3,"gold_loss":0},{"damage_healed":0,"gold_gain":0,"player_choice":"Rummage","damage_taken":0,"relics_obtained":["WarpedTongs"],"max_hp_gain":0,"max_hp_loss":0,"event_name":"Accursed Blacksmith","floor":4,"gold_loss":0,"cards_obtained":["Pain"]},{"damage_healed":0,"gold_gain":79,"player_choice":"Gained Gold","damage_taken":0,"max_hp_gain":0,"max_hp_loss":0,"event_name":"Golden Wing","floor":12,"gold_loss":0},{"damage_healed":0,"gold_gain":0,"player_choice":"Obtained Book","damage_taken":16,"max_hp_gain":0,"max_hp_loss":0,"event_name":"Cursed Tome","floor":19,"gold_loss":0},{"damage_healed":0,"gold_gain":0,"player_choice":"Opened","damage_taken":0,"relics_obtained":["War Paint"],"max_hp_gain":0,"max_hp_loss":0,"event_name":"The Mausoleum","floor":22,"gold_loss":0,"cards_obtained":["Writhe"]},{"damage_healed":0,"gold_gain":0,"player_choice":"Inject Mutagens","damage_taken":0,"relics_obtained":["MutagenicStrength"],"max_hp_gain":0,"max_hp_loss":0,"event_name":"Drug Dealer","floor":30,"gold_loss":0}],"is_beta":false,"boss_relics":[{"not_picked":["Black Blood","Philosopher\u0027s Stone"],"picked":"bronze:MakeshiftBattery"}],"items_purged_floors":[],"is_endless":false,"potions_floor_spawned":[2,5,6,14,16,18,24,27],"killed_by":"Champ","ascension_level":1}}