{"host":"jexbkylv34f8xu3o","time":1611098312,"event":{"mods":["AchievementEnabler","BaseMod","Colored Map","Colored Powertips","GifTheSpireLib","Highlight Path","Minty Spire (QoL Compilation)","Quick Restart","StSLib"],"gold_per_floor":[116,191,366,384,436,471,483,528,563,586,612,640,670,682,694,706,706],"floor_reached":16,"language":"ENG","playtime":419,"items_purged":[],"score":206,"play_id":"eb27ac6f-6279-4f6f-9cc8-f44e40ef9b19","local_time":"20210119201832","is_ascension_mode":true,"campfire_choices":[{"data":"Wild Strike","floor":7,"key":"SMITH"},{"data":"Demon Form","floor":15,"key":"SMITH"}],"circlet_count":0,"master_deck":["AscendersBane","Strike_R","Strike_R","Strike_R","Strike_R","Strike_R","Defend_R","Defend_R","Defend_R","Defend_R","Bash","Wild Strike+1","Doubt","Shrug It Off+1","Shrug It Off+1","Second Wind","Wild Strike","Flex","Power Through","Demon Form+1"],"relics":["Burning Blood","NeowsBlessing","Boot","MawBank","War Paint"],"acts_visited":["Exordium"],"potions_floor_usage":[11,16],"damage_taken":[{"damage":0,"enemies":"Jaw Worm","floor":1,"turns":1},{"damage":0,"enemies":"2 Louse","floor":4,"turns":1},{"damage":0,"enemies":"3 Sentries","floor":6,"turns":1},{"damage":69,"enemies":"Lagavulin","floor":8,"turns":12},{"damage":0,"enemies":"Cultist","floor":10,"turns":3},{"damage":0,"enemies":"Red Slaver","floor":11,"turns":3},{"damage":3,"enemies":"3 Louse","floor":12,"turns":3},{"damage":0,"enemies":"Blue Slaver","floor":13,"turns":5},{"damage":38,"enemies":"Slime Boss","floor":16,"turns":3}],"seed_played":"7196293359476110149","potions_obtained":[{"floor":8,"key":"Fire Potion"},{"floor":12,"key":"AttackPotion"}],"is_trial":false,"path_per_floor":["M","?","?","M","T","E","R","E","T","M","M","M","M","?","R","B"],"character_chosen":"IRONCLAD","items_purchased":[],"campfire_rested":0,"item_purchase_floors":[],"current_hp_per_floor":[78,67,67,73,73,79,79,16,16,22,28,31,37,37,37,0,0],"gold":706,"neow_bonus":"THREE_ENEMY_KILL","is_daily":false,"chose_seed":false,"campfire_upgraded":2,"win_rate":0.0,"timestamp":1611098312,"path_taken":["M","?","?","M","?","E","R","E","T","M","M","?","M","?","R","BOSS"],"items_purchased_type":[],"build_version":"2020-12-22","purchased_purges":0,"victory":false,"max_hp_per_floor":[80,80,80,80,80,80,80,80,80,80,80,80,80,80,80,80,80],"card_choices":[{"not_picked":["Flex","Clash"],"picked":"Wild Strike","floor":1},{"not_picked":["Headbutt","Warcry"],"picked":"Shrug It Off","floor":4},{"not_picked":["Dropkick","Clothesline"],"picked":"Shrug It Off","floor":6},{"not_picked":["Rupture","Fiend Fire"],"picked":"Second Wind","floor":8},{"not_picked":["Armaments","Pommel Strike"],"picked":"Wild Strike","floor":10},{"not_picked":["Havoc","Iron Wave"],"picked":"Flex","floor":11},{"not_picked":["Sword Boomerang","Armaments"],"picked":"Power Through","floor":12},{"not_picked":["Flame Barrier","Shrug It Off"],"picked":"Burning Pact","floor":13}],"player_experience":568042,"relics_obtained":[{"floor":5,"key":"Boot"},{"floor":6,"key":"MawBank"},{"floor":8,"key":"War Paint"}],"event_choices":[{"damage_healed":0,"gold_gain":75,"player_choice":"Gather Gold","damage_taken":11,"max_hp_gain":0,"max_hp_loss":0,"event_name":"World of Goop","floor":2,"gold_loss":0},{"damage_healed":0,"gold_gain":175,"player_choice":"AGREE","damage_taken":0,"max_hp_gain":0,"max_hp_loss":0,"event_name":"Liars Game","floor":3,"gold_loss":0,"cards_obtained":["Doubt"]},{"damage_healed":0,"gold_gain":0,"cards_transformed":["Burning Pact"],"player_choice":"Transformed","damage_taken":0,"max_hp_gain":0,"max_hp_loss":0,"event_name":"Transmorgrifier","floor":14,"gold_loss":0,"cards_obtained":["Demon Form"]}],"is_beta":false,"boss_relics":[],"items_purged_floors":[],"is_endless":false,"potions_floor_spawned":[8,12],"killed_by":"Slime Boss","ascension_level":10}}