{"host":"2q4p6kdcvpgo6z81","time":1611017887,"event":{"mods":["BaseMod","Colored Map","Downfall","Minty Spire (QoL Compilation)","StSLib"],"gold_per_floor":[99,118,134,151,151,24,24,24,36,36,36,46,58,83,96,96,96,96],"floor_reached":16,"language":"ENG","playtime":1233,"items_purged":["Guardian:Strike_Guardian"],"score":104,"play_id":"b27c82c0-349c-4f8c-91a1-23bf4b9ba606","local_time":"20210118195807","is_ascension_mode":false,"campfire_choices":[{"data":"Guardian:TwinSlam","floor":1,"key":"SMITH"},{"data":"Guardian:GuardianWhirl","floor":8,"key":"SMITH"},{"data":"Guardian:CurlUp","floor":11,"key":"SMITH"}],"circlet_count":0,"master_deck":["Guardian:Strike_Guardian","Guardian:Strike_Guardian","Guardian:Defend_Guardian","Guardian:Defend_Guardian","Guardian:Defend_Guardian","Guardian:Defend_Guardian","Guardian:CurlUp+1","Guardian:TwinSlam+1","Guardian:Incinerate","Guardian:ConstructionForm","Guardian:GuardianWhirl+1","Guardian:Planning","Guardian:Recover","Guardian:Clone","Guardian:Gem_White"],"relics":["Guardian:ModeShifter","Anchor","Ornamental Fan","Matryoshka"],"acts_visited":["Exordium"],"potions_floor_usage":[16],"damage_taken":[{"damage":3,"enemies":"2 Louse","floor":2,"turns":3},{"damage":1,"enemies":"Jaw Worm","floor":3,"turns":3},{"damage":0,"enemies":"Cultist","floor":4,"turns":4},{"damage":0,"enemies":"downfall:FleeingMerchant","floor":6,"turns":4},{"damage":0,"enemies":"2 Fungi Beasts","floor":9,"turns":3},{"damage":0,"enemies":"Red Slaver","floor":12,"turns":2},{"damage":4,"enemies":"3 Louse","floor":13,"turns":5},{"damage":25,"enemies":"Gremlin Nob","floor":14,"turns":6},{"damage":2,"enemies":"Lots of Slimes","floor":15,"turns":6},{"damage":56,"enemies":"DF_ARCHETYPE_STREAMLINE","floor":16,"turns":12}],"seed_played":"-6075365601475121928","potions_obtained":[{"floor":9,"key":"Fire Potion"},{"floor":12,"key":"sneckomod:MuddlingPotion"},{"floor":15,"key":"BlessingOfTheForge"}],"is_trial":false,"path_per_floor":["R","M","M","M","?","$","T","R","M","T","R","M","M","E","M","B"],"character_chosen":"GUARDIAN","items_purchased":["Guardian:GuardianWhirl"],"campfire_rested":0,"item_purchase_floors":[6],"current_hp_per_floor":[88,85,84,84,84,84,84,84,84,84,84,84,80,55,53,0,0,0],"gold":96,"neow_bonus":"TEN_PERCENT_HP_BONUS","is_daily":false,"chose_seed":false,"campfire_upgraded":3,"win_rate":0.0,"timestamp":1611017887,"path_taken":["R","M","M","M","?","$","T","R","M","?","R","M","M","E","M","BOSS"],"items_purchased_type":["Card"],"build_version":"2020-12-22","purchased_purges":1,"victory":false,"max_hp_per_floor":[88,88,88,88,88,88,88,88,88,88,88,88,88,88,88,88,88,88],"card_choices":[{"not_picked":["Guardian:Gem_Green","Guardian:RollAttack"],"picked":"Guardian:Incinerate","floor":2},{"not_picked":["Guardian:MultiBeam","Guardian:BronzeArmor"],"picked":"Guardian:ConstructionForm","floor":3},{"not_picked":["Guardian:PrismaticBeam","Guardian:Gem_Red"],"picked":"Guardian:Gem_Blue","floor":4},{"not_picked":["Guardian:BronzeArmor","Guardian:ArmoredProtocol"],"picked":"Guardian:Gem_Red","floor":6},{"not_picked":["Guardian:VentSteam","Guardian:PrismaticBarrier"],"picked":"Guardian:Gem_Crimson","floor":9},{"not_picked":["Guardian:RollAttack","Guardian:Gem_Blue"],"picked":"Guardian:Planning","floor":12},{"not_picked":["Guardian:Incinerate","Guardian:Reroute"],"picked":"Guardian:Recover","floor":13},{"not_picked":["Guardian:Gem_Red","Guardian:Gem_White"],"picked":"Guardian:Clone","floor":14},{"not_picked":["Guardian:RefractedBeam","Guardian:ShieldCharger"],"picked":"Guardian:Gem_White","floor":15}],"player_experience":1525407,"relics_obtained":[{"floor":7,"key":"Anchor"},{"floor":10,"key":"Ornamental Fan"},{"floor":14,"key":"Matryoshka"}],"event_choices":[],"is_beta":false,"boss_relics":[],"items_purged_floors":[6],"is_endless":false,"potions_floor_spawned":[9,12,15],"killed_by":"DF_ARCHETYPE_STREAMLINE","ascension_level":0}}