{"host":"c2zlmc1hlq0427cl","time":1611024656,"event":{"mods":["BaseMod","Hermit","Minty Spire (QoL Compilation)","Replay The Spire","StSLib","The Hayseed","The Marked","The Senshi","The Servant 0.9.4"],"gold_per_floor":[366,366,385,178,189,189,219,219,245,245,268,268,291,466,466,594,657,672,582,582,602,602,602,602,643,643,643,643],"floor_reached":27,"language":"ENG","playtime":3021,"items_purged":["Doubt"],"score":252,"play_id":"d3c947a7-ec82-47a1-b59c-e6c818aaf1e3","local_time":"20210118205056","is_ascension_mode":true,"campfire_choices":[{"data":"TheSimpletonMod:ControlledBurn","floor":6,"key":"SMITH"},{"data":"TheSimpletonMod:SpiceUp","floor":8,"key":"SMITH"},{"floor":12,"key":"REST"},{"data":"TheSimpletonMod:ControlledBurn","floor":15,"key":"SMITH"},{"data":"RitualDagger","floor":23,"key":"SMITH"}],"circlet_count":0,"master_deck":["TheSimpletonMod:Strike_TheSimpleton+1","TheSimpletonMod:Strike_TheSimpleton","TheSimpletonMod:Strike_TheSimpleton","TheSimpletonMod:Strike_TheSimpleton","TheSimpletonMod:Defend_TheSimpleton","TheSimpletonMod:Defend_TheSimpleton+1","TheSimpletonMod:Defend_TheSimpleton","TheSimpletonMod:Defend_TheSimpleton","TheSimpletonMod:Haymaker","TheSimpletonMod:ReapAndSow+1","TheSimpletonMod:ReapAndSquash","hermit:Defend_Hermit","TheSimpletonMod:VineRipen","TheSimpletonMod:TakeHeart","TheSimpletonMod:ControlledBurn+1","TheSimpletonMod:SpiceUp+1","TheSimpletonMod:Swelter","TheSimpletonMod:ControlledBurn","TheSimpletonMod:Pruning","TheSimpletonMod:ControlledBurn+1","TheSimpletonMod:TakeHeart+1","TheSimpletonMod:ToughenUp","TheSimpletonMod:SlashAndBurn+1","RitualDagger+1","TheSimpletonMod:BumperCrop+1","TheSimpletonMod:Rototilling"],"relics":["TheSimpletonMod:SpudOfTheInnocent","TheSimpletonMod:NightSoil","TheSimpletonMod:TheHarvester","Ring of Panic","Ring of Fangs","MealTicket","Juzu Bracelet","Golden Idol","Tiny House","Whetstone","TheSimpletonMod:GasCan"],"acts_visited":["Exordium","TheCity"],"potions_floor_usage":[16,16],"damage_taken":[{"damage":0,"enemies":"Small Slimes","floor":1,"turns":3},{"damage":5,"enemies":"2 Louse","floor":3,"turns":6},{"damage":14,"enemies":"Cultist","floor":5,"turns":5},{"damage":9,"enemies":"Replay:BlueRogue","floor":7,"turns":10},{"damage":13,"enemies":"Blue Slaver","floor":11,"turns":4},{"damage":4,"enemies":"Looter","floor":13,"turns":4},{"damage":46,"enemies":"Hexaghost","floor":16,"turns":11},{"damage":0,"enemies":"Chosen","floor":18,"turns":7},{"damage":15,"enemies":"3 Byrds","floor":21,"turns":5},{"damage":59,"enemies":"Book of Stabbing","floor":25,"turns":7},{"damage":33,"enemies":"3 Cultists","floor":27,"turns":4}],"seed_played":"2425343714371522877","potions_obtained":[{"floor":3,"key":"AttackPotion"},{"floor":5,"key":"Elixir"},{"floor":13,"key":"Flashbang"},{"floor":16,"key":"LiquidBronze"},{"floor":17,"key":"Strength Potion"}],"is_trial":false,"path_per_floor":["M","?","M","$","M","R","E","R","T","?","M","R","M","?","R","B",null,"M","?","?","M","?","R","?","E","T","M"],"character_chosen":"THE_SIMPLETON","items_purchased":["TheSimpletonMod:ControlledBurn","TheSimpletonMod:SpiceUp"],"campfire_rested":1,"item_purchase_floors":[4,4],"current_hp_per_floor":[75,75,70,70,60,60,60,60,60,42,38,60,60,60,60,19,80,80,80,74,68,68,68,68,18,18,0,0],"gold":643,"neow_bonus":"TWO_FIFTY_GOLD","is_daily":false,"chose_seed":false,"campfire_upgraded":4,"win_rate":0.0,"timestamp":1611024656,"path_taken":["M","?","M","$","M","R","E","R","T","?","M","R","M","?","R","BOSS","M","?","?","M","?","R","?","E","T","M"],"items_purchased_type":["Card","Card"],"build_version":"2020-12-22","purchased_purges":1,"victory":false,"max_hp_per_floor":[75,75,75,75,75,75,75,75,75,75,75,75,75,75,75,75,80,80,80,80,80,80,80,80,80,80,80,80],"card_choices":[{"not_picked":["TheSimpletonMod:DoubleBarrel","TheSimpletonMod:Ferment"],"picked":"TheSimpletonMod:VineRipen","floor":1},{"not_picked":["TheSimpletonMod:Rototilling","TheSimpletonMod:Aerate"],"picked":"TheSimpletonMod:TakeHeart","floor":3},{"not_picked":["TheSimpletonMod:Aerate","TheSimpletonMod:BumperCrop"],"picked":"TheSimpletonMod:Swelter","floor":5},{"not_picked":["TheSimpletonMod:DoubleBarrel","TheSimpletonMod:RootDown"],"picked":"TheSimpletonMod:ControlledBurn","floor":7},{"not_picked":["TheSimpletonMod:Biorefinement","TheSimpletonMod:BumperCrop"],"picked":"TheSimpletonMod:Pruning","floor":11},{"not_picked":["TheSimpletonMod:DigIn","TheSimpletonMod:GoToMarket"],"picked":"TheSimpletonMod:ControlledBurn","floor":13},{"not_picked":["TheSimpletonMod:ResearchGrant","TheSimpletonMod:BirdFeeder"],"picked":"TheSimpletonMod:TakeHeart","floor":16},{"not_picked":["TheSimpletonMod:SaladShooter","TheSimpletonMod:Thresh"],"picked":"TheSimpletonMod:ToughenUp","floor":17},{"not_picked":["TheSimpletonMod:Coffee+1","TheSimpletonMod:Swelter"],"picked":"TheSimpletonMod:SlashAndBurn+1","floor":18},{"not_picked":["TheSimpletonMod:KeenEdge","TheSimpletonMod:Swelter"],"picked":"TheSimpletonMod:BumperCrop+1","floor":21},{"not_picked":["TheSimpletonMod:VineRipen","TheSimpletonMod:DigIn","TheSimpletonMod:StockTheCellar"],"picked":"SKIP","floor":25}],"player_experience":94227,"relics_obtained":[{"floor":2,"key":"Ring of Panic"},{"floor":2,"key":"Ring of Fangs"},{"floor":7,"key":"MealTicket"},{"floor":9,"key":"Juzu Bracelet"},{"floor":25,"key":"Whetstone"},{"floor":26,"key":"TheSimpletonMod:GasCan"}],"event_choices":[{"damage_healed":0,"gold_gain":0,"player_choice":"Take Damage","damage_taken":18,"relics_obtained":["Golden Idol"],"max_hp_gain":0,"max_hp_loss":0,"event_name":"Golden Idol","floor":10,"gold_loss":0},{"damage_healed":0,"gold_gain":175,"player_choice":"AGREE","damage_taken":0,"max_hp_gain":0,"max_hp_loss":0,"event_name":"Liars Game","floor":14,"gold_loss":0,"cards_obtained":["Doubt"]},{"cards_removed":["Doubt"],"damage_healed":0,"gold_gain":0,"player_choice":"Upgrade and Remove","damage_taken":0,"max_hp_gain":0,"max_hp_loss":0,"event_name":"Designer","floor":19,"gold_loss":90,"cards_upgraded":["TheSimpletonMod:Defend_TheSimpleton"]},{"damage_healed":0,"gold_gain":0,"player_choice":"Joined the Cult","damage_taken":6,"max_hp_gain":0,"max_hp_loss":0,"event_name":"Nest","floor":20,"gold_loss":0,"cards_obtained":["RitualDagger"]},{"damage_healed":0,"gold_gain":0,"player_choice":"Ignored","damage_taken":0,"max_hp_gain":0,"max_hp_loss":0,"event_name":"Ghosts","floor":22,"gold_loss":0},{"damage_healed":0,"gold_gain":0,"player_choice":"1 cards matched","damage_taken":0,"max_hp_gain":0,"max_hp_loss":0,"event_name":"Match and Keep!","floor":24,"gold_loss":0,"cards_obtained":["TheSimpletonMod:Rototilling"]}],"is_beta":false,"boss_relics":[{"not_picked":["Fusion Hammer","Replay:Bronze Core"],"picked":"Tiny House"}],"items_purged_floors":[4],"is_endless":false,"potions_floor_spawned":[3,5,13,16,18,21],"killed_by":"3 Cultists","ascension_level":2}}