{"host":"5ezk7t18wcb10u1o","time":1611020940,"event":{"mods":["BaseMod","Bestiary","Colored Powertips","Minty Spire (QoL Compilation)","Relic Sorter"],"gold_per_floor":[12,12,87,12,31,31,64,64,64,64,85,85,100,125,125,214,214,238,238,438,451,466,466,505,505,505],"floor_reached":25,"language":"ENG","playtime":1230,"items_purged":["Injury"],"score":467,"play_id":"2639f4f1-652c-4c4e-a948-b0a4178e727e","local_time":"20210119014900","is_ascension_mode":true,"campfire_choices":[{"data":"Gash","floor":6,"key":"SMITH"},{"floor":8,"key":"REST"},{"data":"Static Discharge","floor":15,"key":"SMITH"},{"floor":23,"key":"REST"}],"circlet_count":0,"master_deck":["AscendersBane","Defend_B","Defend_B","Defend_B","Zap","Dualcast","Electrodynamics","Coolheaded","Gash+1","Static Discharge+1","Reinforced Body","Tempest","Leap","Seek","Cold Snap+1","Bite","Bite","Bite","Bite","Bite","Conserve Battery","Steam","Gash+1"],"relics":["Cracked Core","Golden Idol","Meat on the Bone","Question Card","WingedGreaves","FossilizedHelix","Empty Cage","Mango"],"acts_visited":["Exordium","TheCity"],"potions_floor_usage":[5,21,21,24],"damage_taken":[{"damage":10,"enemies":"Small Slimes","floor":1,"turns":4},{"damage":0,"enemies":"Jaw Worm","floor":5,"turns":3},{"damage":13,"enemies":"3 Sentries","floor":7,"turns":3},{"damage":0,"enemies":"Cultist","floor":11,"turns":3},{"damage":0,"enemies":"Blue Slaver","floor":13,"turns":4},{"damage":0,"enemies":"3 Louse","floor":14,"turns":1},{"damage":40,"enemies":"Hexaghost","floor":16,"turns":8},{"damage":9,"enemies":"3 Byrds","floor":18,"turns":2},{"damage":12,"enemies":"Shell Parasite","floor":21,"turns":6},{"damage":26,"enemies":"Shelled Parasite and Fungi","floor":22,"turns":3},{"damage":51,"enemies":"Book of Stabbing","floor":24,"turns":5},{"damage":35,"enemies":"Centurion and Healer","floor":25,"turns":4}],"seed_played":"-1927318351814875119","potions_obtained":[{"floor":1,"key":"FocusPotion"},{"floor":5,"key":"FearPotion"},{"floor":7,"key":"LiquidMemories"},{"floor":13,"key":"EssenceOfDarkness"},{"floor":16,"key":"Strength Potion"},{"floor":21,"key":"Regen Potion"},{"floor":22,"key":"PotionOfCapacity"}],"is_trial":false,"path_per_floor":["M","?","?","$","M","R","E","R","T","T","M","?","M","M","R","B",null,"M","?","?","M","M","R","E","M"],"character_chosen":"DEFECT","items_purchased":[],"campfire_rested":2,"item_purchase_floors":[],"current_hp_per_floor":[54,54,43,43,43,43,30,51,51,51,51,51,51,51,51,23,59,50,49,49,43,25,39,28,0,0],"gold":505,"neow_bonus":"THREE_RARE_CARDS","is_daily":false,"chose_seed":false,"campfire_upgraded":2,"win_rate":0.0,"timestamp":1611020940,"path_taken":["M","?","?","?","M","R","E","R","T","?","?","?","?","M","R","BOSS","M","?","?","M","M","R","E","M"],"items_purchased_type":[],"build_version":"2020-12-22","purchased_purges":1,"victory":false,"max_hp_per_floor":[71,71,71,71,71,71,71,71,71,71,71,71,71,71,71,71,71,71,49,49,49,49,49,63,63,63],"card_choices":[{"not_picked":["Rainbow","Thunder Strike"],"picked":"Electrodynamics","floor":0},{"not_picked":["Heatsinks","Blizzard"],"picked":"Coolheaded","floor":1},{"not_picked":["Steam Power","Redo"],"picked":"Gash","floor":5},{"not_picked":["Gash","Compile Driver"],"picked":"Static Discharge","floor":7},{"not_picked":["Turbo","Static Discharge","Double Energy"],"picked":"Reinforced Body","floor":11},{"not_picked":["Gash","Turbo","Beam Cell"],"picked":"Tempest","floor":13},{"not_picked":["Undo","Stack","Double Energy"],"picked":"Leap","floor":14},{"not_picked":["Reboot","Creative AI","Hyperbeam"],"picked":"Seek","floor":16},{"not_picked":["Hologram","Reprogram","Steam"],"picked":"Cold Snap+1","floor":18},{"not_picked":["Tempest","Compile Driver","Ball Lightning+1"],"picked":"Conserve Battery","floor":21},{"not_picked":["Skim","Barrage","Doom and Gloom"],"picked":"Steam","floor":22},{"not_picked":["Streamline","Glacier","Cold Snap+1"],"picked":"Gash+1","floor":24}],"player_experience":1146557,"relics_obtained":[{"floor":7,"key":"Meat on the Bone"},{"floor":9,"key":"Question Card"},{"floor":10,"key":"WingedGreaves"},{"floor":24,"key":"Mango"}],"event_choices":[{"damage_healed":0,"gold_gain":0,"player_choice":"Take Wound","damage_taken":0,"relics_obtained":["Golden Idol"],"max_hp_gain":0,"max_hp_loss":0,"event_name":"Golden Idol","floor":2,"gold_loss":0,"cards_obtained":["Injury"]},{"damage_healed":0,"gold_gain":75,"player_choice":"Gather Gold","damage_taken":11,"max_hp_gain":0,"max_hp_loss":0,"event_name":"World of Goop","floor":3,"gold_loss":0},{"damage_healed":0,"gold_gain":0,"player_choice":"Gave Potion","damage_taken":0,"relics_obtained":["FossilizedHelix"],"max_hp_gain":0,"max_hp_loss":0,"event_name":"WeMeetAgain","floor":12,"gold_loss":0},{"damage_healed":0,"gold_gain":0,"player_choice":"Became a vampire","damage_taken":0,"max_hp_gain":0,"max_hp_loss":22,"event_name":"Vampires","floor":19,"gold_loss":0,"cards_obtained":["Bite","Bite","Bite","Bite","Bite"]},{"damage_healed":0,"gold_gain":200,"player_choice":"Gold","damage_taken":0,"max_hp_gain":0,"max_hp_loss":0,"event_name":"Wheel of Change","floor":20,"gold_loss":0}],"is_beta":false,"boss_relics":[{"not_picked":["FrozenCore","Philosopher\u0027s Stone"],"picked":"Empty Cage"}],"items_purged_floors":[4],"is_endless":false,"potions_floor_spawned":[1,5,7,13,16,21,22],"killed_by":"Centurion and Healer","ascension_level":20}}