{"host":"wogey4gsknv4ot2d","time":1611020174,"event":{"mods":["2.2 Compatiblity","AchievementEnabler","BaseMod","Bestiary","Better Third Choice","Colored Map","Colored Powertips","Googly Eyes","Key Reminder","Minty Spire (QoL Compilation)","Permanent Neow","Rare Cards Sparkle","Relic Stats","StSLib"],"gold_per_floor":[112,132,150,150,150,181,201,230,230,230,259,259,277,304,304,399,399,418,437,450,460,45,45,55,81,93,105,117,117],"floor_reached":28,"language":"ENG","playtime":1021,"items_purged":[],"score":309,"play_id":"93701869-c86e-420d-88f7-678e179d471c","local_time":"20210118193614","is_ascension_mode":true,"campfire_choices":[{"floor":10,"key":"REST"},{"floor":12,"key":"REST"},{"floor":15,"key":"REST"},{"floor":23,"key":"REST"}],"circlet_count":0,"master_deck":["Strike_B","Strike_B","Defend_B","Defend_B","Defend_B","Defend_B","Zap","Dualcast","Loop","Steam","Conserve Battery","Barrage","Ball Lightning","White Noise","Conserve Battery","Streamline","Leap","Conserve Battery","Go for the Eyes","Redo+1","Sweeping Beam","Conserve Battery","Go for the Eyes+1","Steam Power","Buffer"],"relics":["Cracked Core","Vajra","Symbiotic Virus","HornCleat","Mummified Hand","Singing Bowl","Nuclear Battery","Strawberry","Gremlin Horn","MawBank","Sundial"],"acts_visited":["Exordium","TheCity"],"potions_floor_usage":[6,6,16,16,16,21,24,25],"damage_taken":[{"damage":1,"enemies":"Jaw Worm","floor":1,"turns":4},{"damage":0,"enemies":"Small Slimes","floor":2,"turns":3},{"damage":0,"enemies":"2 Louse","floor":3,"turns":3},{"damage":25,"enemies":"Gremlin Nob","floor":6,"turns":6},{"damage":11,"enemies":"Exordium Wildlife","floor":7,"turns":5},{"damage":10,"enemies":"3 Sentries","floor":8,"turns":5},{"damage":16,"enemies":"Gremlin Nob","floor":11,"turns":4},{"damage":4,"enemies":"Looter","floor":13,"turns":2},{"damage":11,"enemies":"Lagavulin","floor":14,"turns":4},{"damage":16,"enemies":"Hexaghost","floor":16,"turns":11},{"damage":0,"enemies":"Spheric Guardian","floor":18,"turns":3},{"damage":0,"enemies":"Chosen","floor":19,"turns":3},{"damage":14,"enemies":"3 Cultists","floor":20,"turns":6},{"damage":14,"enemies":"Snake Plant","floor":21,"turns":2},{"damage":11,"enemies":"Centurion and Healer","floor":24,"turns":5},{"damage":23,"enemies":"Slavers","floor":25,"turns":5},{"damage":54,"enemies":"Gremlin Leader","floor":28,"turns":6}],"seed_played":"4021685046952953600","potions_obtained":[{"floor":0,"key":"Block Potion"},{"floor":0,"key":"Weak Potion"},{"floor":6,"key":"Swift Potion"},{"floor":8,"key":"AttackPotion"},{"floor":14,"key":"SkillPotion"},{"floor":19,"key":"CultistPotion"},{"floor":20,"key":"LiquidBronze"},{"floor":24,"key":"Dexterity Potion"}],"is_trial":false,"path_per_floor":["M","M","M","?","?","E","M","E","T","R","E","R","M","E","R","B",null,"M","M","M","M","$","R","M","E","T","?","E"],"character_chosen":"DEFECT","items_purchased":["Strawberry","Gremlin Horn","Sweeping Beam"],"campfire_rested":4,"item_purchase_floors":[22,22,22],"current_hp_per_floor":[74,74,74,74,74,49,38,28,28,50,34,56,52,41,63,49,77,77,77,65,51,58,83,72,49,49,49,0,0],"gold":117,"neow_bonus":"THREE_SMALL_POTIONS","is_daily":false,"chose_seed":false,"campfire_upgraded":0,"win_rate":0.0,"timestamp":1611020174,"path_taken":["M","M","M","?","?","E","M","E","T","R","E","R","M","E","R","BOSS","M","M","M","M","$","R","M","E","T","?","E"],"items_purchased_type":["Relic","Relic","Card"],"build_version":"2020-12-22","purchased_purges":0,"victory":false,"max_hp_per_floor":[75,75,75,75,75,75,75,75,75,75,75,75,75,75,75,77,77,77,77,79,79,86,86,86,86,86,86,86,86],"relic_stats":{"Singing Bowl":4,"Gremlin Horn":[6,6],"counters":[17,76],"Mummified Hand":[22],"Sundial":[0],"MawBank":36,"obtain_stats":[{"HornCleat":9,"Singing Bowl":14,"Gremlin Horn":22,"Mummified Hand":11,"Sundial":26,"Strawberry":22,"Vajra":6,"Cracked Core":0,"Symbiotic Virus":8,"MawBank":25,"Nuclear Battery":17},{"HornCleat":6,"Singing Bowl":9,"Gremlin Horn":14,"Mummified Hand":7,"Sundial":16,"Strawberry":14,"Vajra":4,"Cracked Core":0,"Symbiotic Virus":6,"MawBank":16,"Nuclear Battery":10},{"HornCleat":25,"Singing Bowl":35,"Gremlin Horn":60,"Mummified Hand":29,"Sundial":70,"Strawberry":60,"Vajra":16,"Cracked Core":0,"Symbiotic Virus":25,"MawBank":70,"Nuclear Battery":46}]},"card_choices":[{"not_picked":["Aggregate","Scrape"],"picked":"Loop","floor":1},{"not_picked":["Coolheaded","Compile Driver"],"picked":"Steam","floor":2},{"not_picked":["Sunder","Loop"],"picked":"Conserve Battery","floor":3},{"not_picked":["Sweeping Beam","Darkness"],"picked":"Barrage","floor":6},{"not_picked":["Rip and Tear","Stack"],"picked":"Ball Lightning","floor":7},{"not_picked":["Compile Driver","Undo"],"picked":"White Noise","floor":8},{"not_picked":["Steam","Self Repair"],"picked":"Conserve Battery","floor":11},{"not_picked":["Steam Power","Sweeping Beam"],"picked":"Streamline","floor":13},{"not_picked":["Loop","Aggregate"],"picked":"Leap","floor":14},{"not_picked":["Creative AI","Echo Form","Rainbow"],"picked":"Singing Bowl","floor":16},{"not_picked":["Turbo","Recycle"],"picked":"Conserve Battery","floor":18},{"not_picked":["Steam Power","FTL+1"],"picked":"Go for the Eyes","floor":19},{"not_picked":["Rebound","Darkness","Barrage"],"picked":"Singing Bowl","floor":20},{"not_picked":["Heatsinks","Rip and Tear"],"picked":"Redo+1","floor":21},{"not_picked":["Force Field","Echo Form"],"picked":"Conserve Battery","floor":24},{"not_picked":["Coolheaded","Rebound+1"],"picked":"Go for the Eyes+1","floor":25}],"player_experience":57962,"relics_obtained":[{"floor":6,"key":"Vajra"},{"floor":8,"key":"Symbiotic Virus"},{"floor":9,"key":"HornCleat"},{"floor":11,"key":"Mummified Hand"},{"floor":14,"key":"Singing Bowl"},{"floor":25,"key":"MawBank"},{"floor":26,"key":"Sundial"}],"event_choices":[{"damage_healed":0,"gold_gain":0,"player_choice":"Ignored","damage_taken":150,"max_hp_gain":0,"max_hp_loss":0,"event_name":"betterThird:BetterSerpent","floor":4,"gold_loss":0},{"damage_healed":0,"gold_gain":0,"player_choice":"LEAVE","damage_taken":0,"max_hp_gain":0,"max_hp_loss":0,"event_name":"betterThird:BetterScrap","floor":5,"gold_loss":0,"cards_obtained":["Immolate"]},{"damage_healed":0,"gold_gain":0,"cards_transformed":["Strike_B","Strike_B"],"player_choice":"Became Test Subject","damage_taken":0,"max_hp_gain":0,"max_hp_loss":0,"event_name":"Drug Dealer","floor":27,"gold_loss":0,"cards_obtained":["Steam Power","Buffer"]}],"is_beta":false,"boss_relics":[{"not_picked":["Runic Pyramid","Astrolabe"],"picked":"Nuclear Battery"}],"items_purged_floors":[],"is_endless":false,"potions_floor_spawned":[3,6,8,14,19,20,24],"killed_by":"Gremlin Leader","ascension_level":1}}