{"host":"ibonnlq6s1c814xj","time":1611058783,"event":{"mods":["BaseMod","BetterRewards","Minty Spire (QoL Compilation)","Quick Restart","Shop Mod","¡¾ÒÅÎï¿¨ÅÆ¡¿REMEMod"],"gold_per_floor":[119,119,394,407,418,418,447,467,494,508,535,545,562,574,574,676,676,686,704,754,773,792,792,817,541,541,663,663,700,739,739,739,864,864,889,917,503,531,552,593,584,584,584,0,0,31,33,514,514,298],"floor_reached":51,"language":"ZHS","playtime":2919,"items_purged":["Strike_B","Defend_B","Defend_B","Defend_B","Chill+1"],"score":1107,"play_id":"e1b297e3-0d3c-4e04-ae6b-811b2270b0f7","local_time":"20210119201943","is_ascension_mode":true,"campfire_choices":[{"floor":6,"key":"REST"},{"floor":15,"key":"REST"},{"data":"Barricade","floor":23,"key":"SMITH"},{"data":"Self Repair","floor":28,"key":"SMITH"},{"floor":32,"key":"REST"},{"data":"Storm","floor":42,"key":"SMITH"},{"data":"REME_DataAnalysis","floor":45,"key":"SMITH"},{"data":"Creative AI","floor":49,"key":"SMITH"}],"circlet_count":0,"master_deck":["Zap+1","Dualcast+1","Barricade+1","Self Repair+1","Turbo+1","Redo+1","Loop","Genetic Algorithm+1","White Noise+1","Redo+1","Heatsinks","Darkness+1","Melter+1","BootSequence+1","Coolheaded+1","Creative AI+1","REME_DataAnalysis+1","REME_Flogging","Capacitor+1","Storm+1","Fission+1","Consume+1","Defragment"],"relics":["Cracked Core","REME_ComplimentaryCards","Membership Card","MerchantsRug","StoneCalendar","Unceasing Top","REME_PuzzleBoxRelic","Lantern","Toxic Egg 2","TungstenRod","Omamori","Oddly Smooth Stone","Astrolabe","REME_ArchaeologicalTools","FossilizedHelix","Juzu Bracelet","Boot","Nuclear Battery","Ancient Tea Set","Bronze Scales","REME_CardOfGreed","PreservedInsect","War Paint","DataDisk","REME_OnlineShoppingPlatform","Dream Catcher","Bottled Flame","Red Mask","Pear","Art of War","Medical Kit","Whetstone"],"acts_visited":["Exordium","TheCity","TheBeyond"],"potions_floor_usage":[5,12,14,16,33,47,48,48,48,50,50,50,50,50,50,50,50,50,50,50,50],"damage_taken":[{"damage":0,"enemies":"Cultist","floor":1,"turns":4},{"damage":9,"enemies":"Jaw Worm","floor":4,"turns":4},{"damage":4,"enemies":"2 Louse","floor":5,"turns":5},{"damage":13,"enemies":"Lagavulin","floor":7,"turns":7},{"damage":6,"enemies":"2 Fungi Beasts","floor":8,"turns":4},{"damage":12,"enemies":"Large Slime","floor":10,"turns":5},{"damage":30,"enemies":"3 Sentries","floor":11,"turns":6},{"damage":9,"enemies":"Gremlin Gang","floor":12,"turns":5},{"damage":3,"enemies":"Red Slaver","floor":13,"turns":3},{"damage":35,"enemies":"Large Slime","floor":14,"turns":6},{"damage":18,"enemies":"The Guardian","floor":16,"turns":10},{"damage":0,"enemies":"3 Byrds","floor":18,"turns":2},{"damage":9,"enemies":"Shell Parasite","floor":19,"turns":3},{"damage":13,"enemies":"Snake Plant","floor":21,"turns":4},{"damage":34,"enemies":"Centurion and Healer","floor":22,"turns":6},{"damage":60,"enemies":"Gremlin Leader","floor":24,"turns":7},{"damage":0,"enemies":"Chosen and Byrds","floor":27,"turns":6},{"damage":24,"enemies":"3 Cultists","floor":29,"turns":6},{"damage":0,"enemies":"Centurion and Healer","floor":30,"turns":6},{"damage":0,"enemies":"Champ","floor":33,"turns":8},{"damage":0,"enemies":"3 Shapes","floor":35,"turns":3},{"damage":0,"enemies":"Orb Walker","floor":36,"turns":4},{"damage":14,"enemies":"Jaw Worm Horde","floor":38,"turns":4},{"damage":0,"enemies":"4 Shapes","floor":39,"turns":2},{"damage":37,"enemies":"Nemesis","floor":40,"turns":3},{"damage":0,"enemies":"Giant Head","floor":46,"turns":3},{"damage":0,"enemies":"Sphere and 2 Shapes","floor":47,"turns":1},{"damage":0,"enemies":"Time Eater","floor":50,"turns":5}],"seed_played":"7056777569345724820","potions_obtained":[{"floor":1,"key":"FairyPotion"},{"floor":4,"key":"Regen Potion"},{"floor":11,"key":"Block Potion"},{"floor":12,"key":"EssenceOfDarkness"},{"floor":13,"key":"PowerPotion"},{"floor":16,"key":"PotionOfCapacity"},{"floor":19,"key":"PotionOfCapacity"},{"floor":29,"key":"SteroidPotion"},{"floor":33,"key":"SteroidPotion"}],"is_trial":false,"path_per_floor":["M","?","?","M","M","R","E","M","T","M","E","M","M","M","R","B",null,"M","M","?","M","M","R","E","$","T","M","R","M","M","?","R","B",null,"M","M","$","M","M","E","$","R","T","?","R","E","M","$","R","B",null],"character_chosen":"DEFECT","items_purchased":["Membership Card","Self Repair","MerchantsRug","PowerPotion","FossilizedHelix","Juzu Bracelet","Ancient Tea Set","Bronze Scales","REME_CardOfGreed","REME_DataAnalysis","REME_Flogging","DataDisk","Storm","REME_OnlineShoppingPlatform","Dream Catcher","Art of War","Medical Kit","Whetstone","Defragment"],"campfire_rested":3,"item_purchase_floors":[0,0,0,0,25,25,37,37,37,37,37,41,41,41,41,48,48,48,48],"current_hp_per_floor":[47,40,40,38,53,75,69,70,70,65,42,40,44,16,38,31,75,75,73,73,67,48,48,29,29,29,36,36,22,32,32,54,64,75,75,75,75,71,75,48,48,48,48,48,48,68,78,83,83,90],"gold":298,"neow_bonus":"","is_daily":false,"chose_seed":false,"campfire_upgraded":5,"win_rate":0.0,"timestamp":1611058783,"path_taken":["M","?","?","?","M","R","E","M","T","M","E","M","M","?","R","BOSS","M","M","?","?","M","R","E","$","T","M","R","M","M","?","R","BOSS","M","M","$","M","M","E","$","R","T","?","R","E","M","$","R","BOSS"],"items_purchased_type":["Relic","Card","Relic","Potion","Relic","Relic","Relic","Relic","Relic","Card","Card","Relic","Card","Relic","Relic","Relic","Relic","Relic","Card"],"build_version":"2020-12-22","purchased_purges":5,"victory":true,"max_hp_per_floor":[75,75,75,75,75,75,75,75,75,75,75,75,75,75,75,75,75,75,75,75,75,75,75,75,75,75,75,75,75,75,75,75,75,75,75,75,75,75,75,75,75,75,75,75,75,85,85,90,90,90],"card_choices":[{"not_picked":["Self Repair","Melter"],"picked":"Turbo+1","floor":1},{"not_picked":["Sweeping Beam","Compile Driver","REME_Compress+1"],"picked":"SKIP","floor":4},{"not_picked":["REME_Compress+1","Skim+1"],"picked":"Redo+1","floor":5},{"not_picked":["Recycle+1","Sweeping Beam"],"picked":"Loop","floor":7},{"not_picked":["Compile Driver","Ball Lightning","Stack+1"],"picked":"SKIP","floor":8},{"not_picked":["Hologram+1","Rebound"],"picked":"Genetic Algorithm+1","floor":10},{"not_picked":["Ball Lightning","Steam+1","Core Surge"],"picked":"SKIP","floor":11},{"not_picked":["Blizzard","Force Field+1"],"picked":"White Noise+1","floor":12},{"not_picked":["Cold Snap","Gash"],"picked":"Redo+1","floor":13},{"not_picked":["Leap+1","Lockon"],"picked":"Heatsinks","floor":14},{"not_picked":["Conserve Battery+1","Stack+1"],"picked":"Chill+1","floor":18},{"not_picked":["Stack+1","Sweeping Beam","Auto Shields+1"],"picked":"SKIP","floor":19},{"not_picked":["Compile Driver+1","Loop","Beam Cell"],"picked":"SKIP","floor":21},{"not_picked":["Stack+1","Go for the Eyes","Darkness+1"],"picked":"SKIP","floor":22},{"not_picked":["Core Surge","Fusion+1"],"picked":"BootSequence+1","floor":24},{"not_picked":["Turbo+1","Redo+1"],"picked":"Coolheaded+1","floor":27},{"not_picked":["Ball Lightning","Steam+1","Go for the Eyes"],"picked":"SKIP","floor":29},{"not_picked":["Barrage+1","Coolheaded+1","Aggregate+1"],"picked":"SKIP","floor":30},{"not_picked":["REME_ForAll","Reboot+1"],"picked":"Creative AI","floor":33},{"not_picked":["Compile Driver+1","Stack+1","BootSequence+1"],"picked":"SKIP","floor":35},{"not_picked":["Heatsinks+1","Barrage+1","Beam Cell"],"picked":"SKIP","floor":36},{"not_picked":["Hologram+1","Redo+1"],"picked":"Capacitor+1","floor":38},{"not_picked":["Streamline","Static Discharge","Redo+1"],"picked":"SKIP","floor":39},{"not_picked":["Coolheaded+1","Gash","Ball Lightning"],"picked":"SKIP","floor":40},{"not_picked":["REME_DataAnalysis+1","Compile Driver"],"picked":"Fission+1","floor":46},{"not_picked":["Barrage+1","Go for the Eyes+1"],"picked":"Consume+1","floor":47}],"player_experience":266029,"relics_obtained":[{"floor":7,"key":"TungstenRod"},{"floor":9,"key":"Omamori"},{"floor":11,"key":"Oddly Smooth Stone"},{"floor":24,"key":"REME_ArchaeologicalTools"},{"floor":26,"key":"Boot"},{"floor":40,"key":"War Paint"},{"floor":43,"key":"Bottled Flame"},{"floor":46,"key":"Pear"}],"event_choices":[{"cards_removed":["Strike_B"],"damage_healed":0,"gold_gain":0,"player_choice":"Card Removal","damage_taken":7,"max_hp_gain":0,"max_hp_loss":0,"event_name":"Golden Wing","floor":2,"gold_loss":0},{"damage_healed":0,"gold_gain":275,"player_choice":"Desecrate","damage_taken":0,"max_hp_gain":0,"max_hp_loss":0,"event_name":"Golden Shrine","floor":3,"gold_loss":0,"cards_obtained":["Regret"]},{"damage_healed":0,"gold_gain":100,"player_choice":"Bet on Murderer","damage_taken":0,"max_hp_gain":0,"max_hp_loss":0,"event_name":"The Joust","floor":20,"gold_loss":50},{"damage_healed":0,"gold_gain":0,"player_choice":"Ignored","damage_taken":0,"max_hp_gain":0,"max_hp_loss":0,"event_name":"Vampires","floor":31,"gold_loss":0},{"damage_healed":0,"gold_gain":0,"player_choice":"Paid","damage_taken":0,"relics_obtained":["Red Mask"],"max_hp_gain":0,"max_hp_loss":0,"event_name":"Tomb of Lord Red Mask","floor":44,"gold_loss":584}],"is_beta":false,"boss_relics":[{"not_picked":["REME_DuelDisc","Tiny House"],"picked":"Astrolabe"},{"not_picked":["Snecko Eye","REME_DemonsWealth"],"picked":"Nuclear Battery"}],"items_purged_floors":[0,25,37,41,48],"is_endless":false,"potions_floor_spawned":[1,4,11,12,13,16,19,29,30,33,35,39,47],"ascension_level":2}}