{"host":"gjfulft9y42c2y2c","time":1611045304,"event":{"mods":["BaseMod","Colored Map","DeckTracker","Keyboard Shortcuts","Minty Spire (QoL Compilation)","Permanent Neow","StSLib","SuperFastMode","everything is the same but u backflip on backflip"],"gold_per_floor":[114,189,199,199,215,240,253,253,253,253,253],"floor_reached":10,"language":"KOR","playtime":242,"items_purged":[],"score":99,"play_id":"d3f48152-e2c6-4f94-b8ef-681bae538bdb","local_time":"20210119173504","is_ascension_mode":true,"campfire_choices":[{"data":"Well Laid Plans","floor":8,"key":"SMITH"}],"circlet_count":0,"master_deck":["Strike_G","Strike_G","Strike_G","Strike_G","Strike_G","Defend_G+1","Defend_G","Defend_G","Defend_G","Defend_G+1","Survivor","Neutralize","PiercingWail","Blade Dance","Well Laid Plans+1","Escape Plan","Dagger Spray"],"relics":["Ring of the Snake","NeowsBlessing","Meat on the Bone","Ornamental Fan"],"acts_visited":["Exordium"],"potions_floor_usage":[6,10],"damage_taken":[{"damage":0,"enemies":"Jaw Worm","floor":1,"turns":1},{"damage":0,"enemies":"Small Slimes","floor":3,"turns":1},{"damage":0,"enemies":"Cultist","floor":5,"turns":1},{"damage":11,"enemies":"Lagavulin","floor":6,"turns":10},{"damage":6,"enemies":"Looter","floor":7,"turns":4},{"damage":54,"enemies":"Gremlin Nob","floor":10,"turns":5}],"seed_played":"6872894790991141825","potions_obtained":[{"floor":1,"key":"Poison Potion"},{"floor":7,"key":"Swift Potion"}],"is_trial":false,"path_per_floor":["M","?","M","?","M","E","M","R","T","E"],"character_chosen":"THE_SILENT","items_purchased":[],"campfire_rested":0,"item_purchase_floors":[],"current_hp_per_floor":[63,52,52,38,38,27,33,33,33,0,0],"gold":253,"neow_bonus":"THREE_ENEMY_KILL","is_daily":false,"chose_seed":false,"campfire_upgraded":1,"win_rate":0.0,"timestamp":1611045304,"path_taken":["M","?","M","?","M","E","M","R","T","E"],"items_purchased_type":[],"build_version":"2020-12-22","purchased_purges":0,"victory":false,"max_hp_per_floor":[70,70,70,70,70,70,70,70,70,70,70],"card_choices":[{"not_picked":["Skewer","Acrobatics"],"picked":"PiercingWail","floor":1},{"not_picked":["Poisoned Stab","Dagger Throw"],"picked":"Blade Dance","floor":3},{"not_picked":["Outmaneuver","Choke"],"picked":"Well Laid Plans","floor":5},{"not_picked":["Infinite Blades","Quick Slash"],"picked":"Escape Plan","floor":6},{"not_picked":["Escape Plan","Bane"],"picked":"Dagger Spray","floor":7}],"player_experience":259996,"relics_obtained":[{"floor":6,"key":"Meat on the Bone"},{"floor":9,"key":"Ornamental Fan"}],"event_choices":[{"damage_healed":0,"gold_gain":75,"player_choice":"Gather Gold","damage_taken":11,"max_hp_gain":0,"max_hp_loss":0,"event_name":"World of Goop","floor":2,"gold_loss":0},{"damage_healed":0,"gold_gain":0,"player_choice":"Entered Light","damage_taken":14,"max_hp_gain":0,"max_hp_loss":0,"event_name":"Shining Light","floor":4,"gold_loss":0,"cards_upgraded":["Defend_G","Defend_G"]}],"is_beta":false,"boss_relics":[],"items_purged_floors":[],"is_endless":false,"potions_floor_spawned":[1,7],"killed_by":"Gremlin Nob","ascension_level":9}}