{"host":"leop","time":1611060395,"event":{"mods":["ATMod(阿瑾Mod)","Act Like it!","BaseMod","Conspire","GifTheSpireLib","HumanHunterMod(怪物杀人mod)","Minty Spire (QoL Compilation)","MostiFishMod","Shop Mod","Spicy Shops","StSLib","TestMod","The Alterego","[IsaacMod]以撒尖塔","【遗物卡牌】REMEMod"],"gold_per_floor":[118,118,138,138,152,152,182,182,182,217,69,65,77,66,66,167,167,153,123,123,133,133,160,175,207,259,259,275,340,265,264,264,339,339,356,318,318,329,343,338,367,367,367,367,392,392,405,438,438,438,438,438,22,50,50],"floor_reached":56,"language":"ZHS","playtime":3193,"items_purged":["alterego_mod:Strike+1","MasterReality"],"score":2207,"play_id":"74c9dcf2-cf40-4ab1-8690-afe02a7e1c18","local_time":"20210119204635","is_ascension_mode":true,"campfire_choices":[{"floor":6.0,"key":"RECALL"},{"data":"alterego_mod:BigMeatyClaws","floor":15.0,"key":"SMITH"},{"floor":32.0,"key":"REST"},{"floor":44,"key":"REST"},{"floor":46,"key":"REST"},{"floor":49,"key":"REST"},{"floor":52,"key":"REST"}],"circlet_count":0,"master_deck":["alterego_mod:Strike+1","alterego_mod:Strike+1","alterego_mod:Defend+1","alterego_mod:Impale+1","alterego_mod:BigMeatyClaws+1","alterego_mod:BrynhildrsRune+1","alterego_mod:Birthday+1","alterego_mod:1TonWallop+1","alterego_mod:BrynhildrRomantia+1","alterego_mod:InsideBaseball+1","alterego_mod:Vow+1","alterego_mod:Rake+1","alterego_mod:PerceptionDisorder+1","alterego_mod:Birthday+1","alterego_mod:TrashNCrash+1","alterego_mod:PainIsPleasure+1","alterego_mod:DestructionOfProperty+1","alterego_mod:Belts+1","alterego_mod:GoddessCore+1","alterego_mod:GIGAMILK+1","alterego_mod:Palingenesis+9","alterego_mod:Pet+1","alterego_mod:Antipathy+1","Madness+1","Madness+1","alterego_mod:Lift+1","alterego_mod:Palingenesis+8"],"relics":["alterego_mod:MasochisticConstitution","testmod-TestBox","REME_ComplimentaryCards","AT_ATBox","HushsDoor","Chaos","NeowsBlessing","Transparent","testmod-BloodSacrificeSpiritualization","SynthV:TestCard","DaveBox","BrkXgEgg","HaiYi:Twilight","testmod-EnergyCheck","testmod-IndustrialRevolution","Orrery","Blue Candle","testmod-Laevatain","AT_BellDemon","MegaBlast","AT_RedTearstoneRing","Sundial","PreservedInsect","conspire:BottledYoYo","testmod-ArcanaOfDestiny","RottenBaby","xbg","Membership Card","conspire:SlowCooker","AT_SunfireAegis","BirthdayGift-Tetrahedron","BirthdayGift-Icosahedron","Ice Cream","Art of War","Fusion Hammer","Sozu","UnicornStump","testmod-BlackFramedGlasses","AT_PhaseBoots","conspire:DeflatedDodgeball","MerchantsRug","NineLifeCat","GuppysHead","ChampionBelt","MostiFishMod:AdaptiveDefenses"],"acts_visited":["Exordium","TheCity","TheBeyond","TheEnding"],"potions_floor_usage":[],"damage_taken":[{"damage":14.0,"enemies":"Small Slimes","floor":1.0,"turns":1.0},{"damage":14.0,"enemies":"Jaw Worm","floor":3.0,"turns":1.0},{"damage":14.0,"enemies":"Cultist","floor":5.0,"turns":1.0},{"damage":29.0,"enemies":"Lagavulin","floor":7.0,"turns":2.0},{"damage":55.0,"enemies":"3 Sentries","floor":10.0,"turns":6.0},{"damage":36.0,"enemies":"Lagavulin","floor":12.0,"turns":3.0},{"damage":20.0,"enemies":"Blue Slaver","floor":13.0,"turns":1.0},{"damage":59.0,"enemies":"Lots of Slimes","floor":14.0,"turns":4.0},{"damage":100.0,"enemies":"Hexaghost","floor":16.0,"turns":3.0},{"damage":91.0,"enemies":"3 Byrds","floor":18.0,"turns":4.0},{"damage":47.0,"enemies":"Spheric Guardian","floor":19.0,"turns":2.0},{"damage":85.0,"enemies":"Cultist and Chosen","floor":21.0,"turns":5.0},{"damage":47.0,"enemies":"REME_1_Revenger","floor":23.0,"turns":2.0},{"damage":57.0,"enemies":"Snake Plant","floor":24.0,"turns":2.0},{"damage":78.0,"enemies":"Book of Stabbing","floor":25.0,"turns":3.0},{"damage":82.0,"enemies":"Chosen and Byrds","floor":28.0,"turns":4.0},{"damage":86.0,"enemies":"conspire:Head Lice","floor":31.0,"turns":3.0},{"damage":68.0,"enemies":"Collector","floor":33.0,"turns":3.0},{"damage":157.0,"enemies":"3 Shapes","floor":35.0,"turns":4.0},{"damage":76.0,"enemies":"Orb Walker","floor":38.0,"turns":2.0},{"damage":84.0,"enemies":"Maw","floor":39.0,"turns":3.0},{"damage":136.0,"enemies":"Reptomancer","floor":40.0,"turns":3.0},{"damage":160,"enemies":"Nemesis","floor":41,"turns":5},{"damage":57,"enemies":"Giant Head","floor":45,"turns":2},{"damage":41,"enemies":"4 Shapes","floor":47,"turns":2},{"damage":37,"enemies":"Reptomancer","floor":48,"turns":1},{"damage":68,"enemies":"Time Eater","floor":50,"turns":2},{"damage":12,"enemies":"Shield and Spear","floor":54,"turns":1},{"damage":87,"enemies":"Delirium","floor":55,"turns":7}],"seed_played":"-4675803550586632617","potions_obtained":[{"floor":1.0,"key":"Fire Potion"},{"floor":10.0,"key":"REME_GoldPotion"},{"floor":12.0,"key":"DistilledChaos"},{"floor":13.0,"key":"DuplicationPotion"},{"floor":16.0,"key":"SteroidPotion"},{"floor":25.0,"key":"EntropicBrew"},{"floor":28.0,"key":"DuplicationPotion"}],"is_trial":false,"path_per_floor":["M","?","M","?","M","R","E","T","T","E","$","E","M","M","R","B",null,"M","M","?","M","?","E","M","E","T","?","M","?","?","E","R","B",null,"M","$","?","M","M","E","E","?","T","R","E","R","M","E","R","B",null,"R","$","E","B",null],"character_chosen":"The_Alterego","items_purchased":["Orrery","MerchantsRug","NineLifeCat","GuppysHead"],"campfire_rested":5,"item_purchase_floors":[11,53,53,53],"current_hp_per_floor":[71,71,72,65,73,73,74,74,74,87,87,88,93,110,110,108,115,124,125,125,134,105,144,149,154,154,154,163,148,148,168,168,169,169,182,182,172,187,188,193,194,170,170,194,199,199,212,217,217,222,222,222,56,61,62],"gold":50,"neow_bonus":"THREE_ENEMY_KILL","is_daily":false,"chose_seed":false,"campfire_upgraded":1,"win_rate":0.0,"timestamp":1611060395,"path_taken":["M","?","M","?","M","R","E","?","T","E","$","E","?","M","R","BOSS","M","M","?","?","?","E","M","E","T","?","M","?","?","E","R","BOSS","M","$","?","M","M","E","E","?","T","R","E","R","?","E","R","BOSS","R","$","E","BOSS"],"items_purchased_type":["Relic","Relic","Relic","Relic"],"build_version":"2020-12-18","purchased_purges":2,"victory":true,"max_hp_per_floor":[71,71,72,72,73,73,74,74,74,87,87,88,93,110,110,115,115,124,125,125,134,139,144,149,154,154,154,163,163,163,168,168,169,169,182,182,182,187,188,193,194,194,194,194,199,199,212,217,217,222,222,222,56,61,62],"card_choices":[{"not_picked":["alterego_mod:DustData","alterego_mod:Skirt"],"picked":"alterego_mod:Birthday","floor":1.0},{"not_picked":["alterego_mod:Maid","alterego_mod:MaintainEyeContact","alterego_mod:BreastValley","alterego_mod:PurpleHair"],"picked":"alterego_mod:1TonWallop","floor":3.0},{"not_picked":["alterego_mod:Stockings","alterego_mod:Bounce","alterego_mod:MagicResistance","alterego_mod:Smother","alterego_mod:DiscoLights"],"picked":"SKIP","floor":5.0},{"not_picked":["alterego_mod:Pet","alterego_mod:Bunnysuit","alterego_mod:PurpleHair","alterego_mod:BiFurious"],"picked":"alterego_mod:BrynhildrRomantia+1","floor":7.0},{"not_picked":["alterego_mod:Cycle","alterego_mod:Punishment","alterego_mod:Jiggle","alterego_mod:1TonWallop","alterego_mod:Undulate"],"picked":"SKIP","floor":10.0},{"not_picked":["alterego_mod:Complex","alterego_mod:Undulate","alterego_mod:HighServant","alterego_mod:Pet"],"picked":"alterego_mod:InsideBaseball+1","floor":11.0},{"not_picked":["alterego_mod:Smother","alterego_mod:Table","alterego_mod:Support","alterego_mod:Undulate"],"picked":"alterego_mod:Vow+1","floor":11.0},{"not_picked":["alterego_mod:MaintainEyeContact","alterego_mod:Clap","alterego_mod:BiFurious","alterego_mod:Smother"],"picked":"alterego_mod:Rake+1","floor":11.0},{"not_picked":["alterego_mod:Table","alterego_mod:Jiggle","alterego_mod:BiFurious","alterego_mod:HighServant"],"picked":"alterego_mod:PerceptionDisorder","floor":11.0},{"not_picked":["alterego_mod:Maid","alterego_mod:Clap","alterego_mod:DeftHands","alterego_mod:Complex"],"picked":"alterego_mod:Birthday","floor":11.0},{"not_picked":["alterego_mod:TrashNCrash","alterego_mod:Skirt","alterego_mod:HighServant","alterego_mod:Belle","alterego_mod:VirginLaserPalladion+1"],"picked":"SKIP","floor":12.0},{"not_picked":["alterego_mod:DiscoLights","alterego_mod:Pet","alterego_mod:Nekomimi","alterego_mod:DeftHands"],"picked":"alterego_mod:TrashNCrash","floor":13.0},{"not_picked":["alterego_mod:Valentines","alterego_mod:Bloomers","alterego_mod:1TonWallop","alterego_mod:Schoolgirl","alterego_mod:Punishment"],"picked":"SKIP","floor":14.0},{"not_picked":["alterego_mod:IdEs+1","alterego_mod:Valkyrie+1","alterego_mod:InsideBaseball+1","alterego_mod:SideboobHour+1"],"picked":"alterego_mod:PainIsPleasure+1","floor":16.0},{"not_picked":["alterego_mod:DiscoLights","alterego_mod:HighServant","alterego_mod:Complex","alterego_mod:Cycle","alterego_mod:Jiggle"],"picked":"SKIP","floor":18.0},{"not_picked":["alterego_mod:GoddessCore","alterego_mod:SakuraPetals+1","alterego_mod:Jiggle","alterego_mod:TrashNCrash"],"picked":"alterego_mod:DestructionOfProperty+1","floor":19.0},{"not_picked":["alterego_mod:Skirt+1","alterego_mod:GachaTicket+1","alterego_mod:Jiggle","alterego_mod:DiscoLights","alterego_mod:Punishment"],"picked":"SKIP","floor":21.0},{"not_picked":["alterego_mod:Nekomimi","alterego_mod:Complex","alterego_mod:PerceptionDisorder","alterego_mod:Undulate","alterego_mod:DiscoLights+1"],"picked":"SKIP","floor":23.0},{"not_picked":["alterego_mod:Undulate","alterego_mod:Maid","alterego_mod:Collar","alterego_mod:Cooking","alterego_mod:Jiggle"],"picked":"SKIP","floor":24.0},{"not_picked":["alterego_mod:HighServant","alterego_mod:GachaTicket+1","alterego_mod:Vow+1","alterego_mod:DiscoLights","alterego_mod:Maid"],"picked":"SKIP","floor":25.0},{"not_picked":["alterego_mod:Support","alterego_mod:DeftHands","alterego_mod:Complex+1","alterego_mod:SakuraPetals","alterego_mod:Bounce"],"picked":"SKIP","floor":28.0},{"not_picked":["alterego_mod:Undulate","alterego_mod:Jiggle","alterego_mod:BiFurious","alterego_mod:Valkyrie+1"],"picked":"alterego_mod:GIGAMILK+1","floor":31.0},{"not_picked":["alterego_mod:GIGAMILK+1","alterego_mod:STier+1","alterego_mod:SideboobHour+1","alterego_mod:Vow+1"],"picked":"alterego_mod:Palingenesis+1","floor":33.0},{"not_picked":["alterego_mod:Rip+1","alterego_mod:Lingerie","alterego_mod:SakuraPetals","alterego_mod:TrashNCrash","alterego_mod:PresenceConcealment+1"],"picked":"SKIP","floor":35.0},{"not_picked":["alterego_mod:Pet","alterego_mod:PerceptionDisorder","alterego_mod:Punishment+1","alterego_mod:Table","alterego_mod:BustOut+1"],"picked":"SKIP","floor":38.0},{"not_picked":["alterego_mod:Skirt+1","alterego_mod:RocketPunch","alterego_mod:Lingerie+1","alterego_mod:Clap"],"picked":"alterego_mod:Pet+1","floor":39.0},{"not_picked":["alterego_mod:Complex","alterego_mod:DiscoLights+1","alterego_mod:DestructionOfProperty","alterego_mod:Bunnysuit+1"],"picked":"alterego_mod:Antipathy+1","floor":40.0},{"not_picked":["alterego_mod:DiscoLights+1","alterego_mod:PresenceConcealment+1","alterego_mod:Maid","alterego_mod:Rake+1","alterego_mod:Santa"],"picked":"SKIP","floor":41},{"not_picked":["alterego_mod:Rip","alterego_mod:Swimsuit","alterego_mod:DeftHands","alterego_mod:MagicResistance","alterego_mod:Crossover+1"],"picked":"SKIP","floor":45},{"not_picked":["alterego_mod:PerceptionDisorder+1","alterego_mod:Cooking+1","alterego_mod:Maid","alterego_mod:RocketPunch","alterego_mod:BusterCard+1"],"picked":"SKIP","floor":47},{"not_picked":["alterego_mod:Clones","alterego_mod:Mirror+1","alterego_mod:Bounce","alterego_mod:BiFurious+1"],"picked":"alterego_mod:Lift+1","floor":48},{"not_picked":["alterego_mod:Clones","alterego_mod:Santa+1","alterego_mod:Rip+1","alterego_mod:BiFurious","alterego_mod:Clap"],"picked":"SKIP","floor":54}],"player_experience":1122948,"relics_obtained":[{"floor":1.0,"key":"SynthV:TestCard"},{"floor":7.0,"key":"HaiYi:Twilight"},{"floor":8.0,"key":"testmod-EnergyCheck"},{"floor":10.0,"key":"testmod-IndustrialRevolution"},{"floor":12.0,"key":"Blue Candle"},{"floor":23.0,"key":"AT_BellDemon"},{"floor":24.0,"key":"MegaBlast"},{"floor":25.0,"key":"WingedGreaves"},{"floor":25.0,"key":"AT_RedTearstoneRing"},{"floor":26.0,"key":"Sundial"},{"floor":28.0,"key":"PreservedInsect"},{"floor":31.0,"key":"conspire:BottledYoYo"},{"floor":31.0,"key":"testmod-ArcanaOfDestiny"},{"floor":33.0,"key":"RottenBaby"},{"floor":35.0,"key":"Membership Card"},{"floor":38.0,"key":"conspire:SlowCooker"},{"floor":39.0,"key":"AT_SunfireAegis"},{"floor":40.0,"key":"BirthdayGift-Tetrahedron"},{"floor":40.0,"key":"BirthdayGift-Icosahedron"},{"floor":41,"key":"Ice Cream"},{"floor":41,"key":"Art of War"},{"floor":43,"key":"Fusion Hammer"},{"floor":45,"key":"Sozu"},{"floor":45,"key":"UnicornStump"},{"floor":47,"key":"testmod-BlackFramedGlasses"},{"floor":48,"key":"AT_SpeedBoots"},{"floor":48,"key":"conspire:DeflatedDodgeball"},{"floor":54,"key":"ChampionBelt"},{"floor":54,"key":"MostiFishMod:AdaptiveDefenses"}],"event_choices":[{"damage_healed":0.0,"max_hp_gain":0.0,"max_hp_loss":0.0,"gold_gain":0.0,"event_name":"给自己的盒子","player_choice":"Swap Relic","floor":2.0,"relics_lost":["DaveBox"],"gold_loss":0.0,"damage_taken":0.0,"relics_obtained":["DaveBox"]},{"damage_healed":0.0,"max_hp_gain":0.0,"max_hp_loss":0.0,"gold_gain":0.0,"event_name":"Wheel of Change","player_choice":"Damaged","floor":4.0,"gold_loss":0.0,"damage_taken":7.0},{"cards_removed":["alterego_mod:Defend"],"damage_healed":0.0,"max_hp_gain":0.0,"max_hp_loss":0.0,"gold_gain":0.0,"event_name":"Back to Basics","player_choice":"Elegance","floor":20.0,"gold_loss":0.0,"damage_taken":0.0},{"damage_healed":0.0,"max_hp_gain":5.0,"max_hp_loss":0.0,"gold_gain":0.0,"event_name":"Forgotten Altar","player_choice":"Shed Blood","floor":22.0,"gold_loss":0.0,"damage_taken":34.0},{"damage_healed":0.0,"max_hp_gain":0.0,"max_hp_loss":0.0,"gold_gain":0.0,"cards_transformed":["alterego_mod:Defend","alterego_mod:Defend"],"event_name":"Drug Dealer","player_choice":"Became Test Subject","floor":27.0,"gold_loss":0.0,"damage_taken":0.0,"cards_obtained":["alterego_mod:Belts","alterego_mod:GoddessCore"]},{"cards_removed":["alterego_mod:Strike"],"damage_healed":0.0,"max_hp_gain":0.0,"max_hp_loss":0.0,"gold_gain":0.0,"event_name":"Beggar","player_choice":"Gave Gold","floor":30.0,"gold_loss":75.0,"damage_taken":0.0},{"damage_healed":0.0,"max_hp_gain":0.0,"max_hp_loss":0.0,"gold_gain":0.0,"event_name":"SensoryStone","player_choice":"Memory 3","floor":37.0,"gold_loss":0.0,"damage_taken":10.0},{"damage_healed":0,"gold_gain":0,"player_choice":"Embrace Madness","damage_taken":24,"max_hp_gain":0,"max_hp_loss":0,"event_name":"Winding Halls","floor":42,"gold_loss":0,"cards_obtained":["Madness","Madness"]}],"is_beta":true,"boss_relics":[{"not_picked":["REME_ChargedStone","testmod-TimeTraveler"],"picked":"testmod-Laevatain"},{"not_picked":[]},{"not_picked":["Dodecahedron","testmod-EqualTreatment"],"picked":"xbg"},{"not_picked":[]}],"items_purged_floors":[36,53],"is_endless":false,"potions_floor_spawned":[1,10,12,13,16,21,24,25,28,33,39,40,48],"ascension_level":20}}