{"host":"3y2rtlgteqp2nuo3","time":1611070143,"event":{"mods":["2.2 Compatiblity","AchievementEnabler","BaseMod","Colored Map","DeckTracker","Highlight Path","Keyboard Shortcuts","Minty Spire (QoL Compilation)","Permanent Neow","Quick Restart","StSLib","SuperFastMode","everything is the same but u backflip on backflip"],"gold_per_floor":[118,138,153,153,128,128,241,271,297,297,314,324,324,374,374,469,469,485,88,103,116,166,166,195,70,70,101,101,121,133,33,33,137,137,150,250,268,318,330,330,5,5,31,58,73,91,91,103,103,103],"floor_reached":51,"language":"KOR","playtime":1177,"items_purged":["Strike_G","Strike_G","Strike_G","Defend_G","Writhe"],"score":1148,"play_id":"775d440e-4b19-4233-8330-ada3d9bfa311","local_time":"20210120002903","is_ascension_mode":true,"campfire_choices":[{"data":"Deadly Poison","floor":6.0,"key":"SMITH"},{"floor":10.0,"key":"REST"},{"data":"Poisoned Stab","floor":13.0,"key":"SMITH"},{"data":"Catalyst","floor":15.0,"key":"SMITH"},{"data":"Crippling Poison","floor":23.0,"key":"SMITH"},{"floor":28.0,"key":"REST"},{"floor":32.0,"key":"REST"},{"data":"Survivor","floor":40.0,"key":"SMITH"},{"data":"Burst","floor":42.0,"key":"SMITH"},{"data":"Neutralize","floor":47,"key":"SMITH"},{"data":"Acrobatics","floor":49,"key":"SMITH"}],"circlet_count":0,"master_deck":["AscendersBane","Defend_G","Defend_G+1","Defend_G","Survivor+1","Neutralize+1","Poisoned Stab+1","Deadly Poison+1","Catalyst+1","Crippling Poison+1","Dagger Spray","Escape Plan","Burst+1","Burst+1","Catalyst+1","Corpse Explosion","Acrobatics+1","Noxious Fumes","Bullet Time","Footwork+1","After Image","Prepared+1","Calculated Gamble+1"],"relics":["Ring of the Snake","SsserpentHead","Happy Flower","Orichalcum","Snake Skull","Busted Crown","DollysMirror","Strawberry","War Paint","Du-Vu Doll","Unceasing Top","Sozu","Lizard Tail","The Specimen"],"acts_visited":["Exordium","TheCity","TheBeyond"],"potions_floor_usage":[],"damage_taken":[{"damage":0.0,"enemies":"Jaw Worm","floor":1.0,"turns":4.0},{"damage":0.0,"enemies":"Cultist","floor":2.0,"turns":4.0},{"damage":6.0,"enemies":"2 Louse","floor":3.0,"turns":4.0},{"damage":13.0,"enemies":"Gremlin Nob","floor":7.0,"turns":4.0},{"damage":19.0,"enemies":"Lagavulin","floor":8.0,"turns":5.0},{"damage":9.0,"enemies":"Exordium Thugs","floor":11.0,"turns":5.0},{"damage":3.0,"enemies":"3 Louse","floor":12.0,"turns":3.0},{"damage":9.0,"enemies":"Hexaghost","floor":16.0,"turns":6.0},{"damage":1.0,"enemies":"3 Byrds","floor":18.0,"turns":3.0},{"damage":0.0,"enemies":"Shell Parasite","floor":20.0,"turns":3.0},{"damage":5.0,"enemies":"3 Cultists","floor":21.0,"turns":5.0},{"damage":39.0,"enemies":"Gremlin Leader","floor":24.0,"turns":5.0},{"damage":5.0,"enemies":"Book of Stabbing","floor":27.0,"turns":2.0},{"damage":0.0,"enemies":"Snecko","floor":29.0,"turns":2.0},{"damage":0.0,"enemies":"Snake Plant","floor":30.0,"turns":2.0},{"damage":29.0,"enemies":"Automaton","floor":33.0,"turns":5.0},{"damage":0.0,"enemies":"3 Shapes","floor":35.0,"turns":2.0},{"damage":0.0,"enemies":"Mind Bloom Boss Battle","floor":36.0,"turns":2.0},{"damage":2.0,"enemies":"Orb Walker","floor":37.0,"turns":2.0},{"damage":0.0,"enemies":"Maw","floor":39.0,"turns":2.0},{"damage":5.0,"enemies":"Giant Head","floor":44.0,"turns":3.0},{"damage":0,"enemies":"4 Shapes","floor":45,"turns":3},{"damage":0,"enemies":"3 Darklings","floor":46,"turns":2},{"damage":0,"enemies":"Writhing Mass","floor":48,"turns":3},{"damage":23,"enemies":"Time Eater","floor":50,"turns":4}],"seed_played":"-6558965542462753465","potions_obtained":[{"floor":2.0,"key":"SteroidPotion"},{"floor":3.0,"key":"SpeedPotion"},{"floor":11.0,"key":"SkillPotion"},{"floor":18.0,"key":"CultistPotion"},{"floor":21.0,"key":"Weak Potion"},{"floor":33.0,"key":"Ancient Potion"}],"is_trial":false,"path_per_floor":["M","M","M","?","$","R","?","E","T","R","M","M","R","?","R","B",null,"M","$","M","M","?","R","E","$","T","E","R","M","M","$","R","B",null,"M","?","M","?","M","R","$","R","T","E","M","M","R","M","R","B",null],"character_chosen":"THE_SILENT","items_purchased":["DollysMirror","Strawberry","After Image"],"campfire_rested":3,"item_purchase_floors":[19,19,41],"current_hp_per_floor":[63,63,57,57,57,57,44,25,25,43,34,31,31,31,31,22,53,52,59,59,54,54,54,15,15,15,10,31,31,31,31,52,23,58,58,58,56,70,70,70,70,70,70,65,65,65,65,65,65,42],"gold":103,"neow_bonus":"REMOVE_TWO","is_daily":false,"chose_seed":false,"campfire_upgraded":8,"win_rate":0.0,"timestamp":1611070143,"path_taken":["M","M","M","?","?","R","?","E","T","R","M","M","R","?","R","BOSS","M","$","M","M","?","R","E","$","T","E","R","M","M","?","R","BOSS","M","?","M","?","M","R","$","R","T","E","M","M","R","M","R","BOSS"],"items_purchased_type":["Relic","Relic","Card"],"build_version":"2020-12-22","purchased_purges":5,"victory":true,"max_hp_per_floor":[63,63,63,63,63,63,63,63,63,63,63,63,63,63,63,63,63,63,70,70,70,70,70,70,70,70,70,70,70,70,70,70,70,70,70,70,70,70,70,70,70,70,70,70,70,70,70,70,70,70],"card_choices":[{"not_picked":["PiercingWail","Skewer"],"picked":"Poisoned Stab","floor":1.0},{"not_picked":["Flechettes","Acrobatics"],"picked":"Deadly Poison","floor":2.0},{"not_picked":["Dodge and Roll","Cloak And Dagger"],"picked":"Catalyst","floor":3.0},{"not_picked":["Riddle With Holes","Sucker Punch"],"picked":"Crippling Poison","floor":8.0},{"not_picked":["Flying Knee","Tactician"],"picked":"Dagger Spray","floor":11.0},{"not_picked":["Flying Knee","Slice"],"picked":"Escape Plan","floor":12.0},{"not_picked":["Venomology","Unload"],"picked":"Burst","floor":16.0},{"not_picked":["Masterful Stab"],"picked":"SKIP","floor":18.0},{"not_picked":["Cloak And Dagger"],"picked":"SKIP","floor":20.0},{"not_picked":["Accuracy"],"picked":"SKIP","floor":21.0},{"not_picked":[],"picked":"Acrobatics","floor":24.0},{"not_picked":["Blade Dance"],"picked":"SKIP","floor":27.0},{"not_picked":["Outmaneuver"],"picked":"SKIP","floor":29.0},{"not_picked":[],"picked":"Noxious Fumes","floor":30.0},{"not_picked":[],"picked":"Bullet Time","floor":33.0},{"not_picked":["Backflip"],"picked":"SKIP","floor":35.0},{"not_picked":[],"picked":"Footwork+1","floor":37.0},{"not_picked":["Deadly Poison"],"picked":"SKIP","floor":39.0},{"not_picked":[],"picked":"Prepared+1","floor":44.0},{"not_picked":["Dagger Spray+1"],"picked":"SKIP","floor":45},{"not_picked":[],"picked":"Calculated Gamble+1","floor":46},{"not_picked":["Quick Slash"],"picked":"SKIP","floor":48}],"player_experience":694598,"relics_obtained":[{"floor":7.0,"key":"Happy Flower"},{"floor":8.0,"key":"Orichalcum"},{"floor":9.0,"key":"Snake Skull"},{"floor":24.0,"key":"War Paint"},{"floor":26.0,"key":"Du-Vu Doll"},{"floor":27.0,"key":"Unceasing Top"},{"floor":36.0,"key":"Lizard Tail"},{"floor":44.0,"key":"The Specimen"}],"event_choices":[{"damage_healed":0.0,"max_hp_gain":0.0,"max_hp_loss":0.0,"gold_gain":0.0,"event_name":"FaceTrader","player_choice":"Trade","floor":4.0,"gold_loss":0.0,"damage_taken":0.0,"relics_obtained":["SsserpentHead"]},{"damage_healed":0.0,"max_hp_gain":0.0,"max_hp_loss":0.0,"gold_gain":0.0,"event_name":"Dead Adventurer","player_choice":"Searched \u00271\u0027 times","floor":7.0,"gold_loss":0.0,"damage_taken":0.0},{"damage_healed":0.0,"max_hp_gain":0.0,"max_hp_loss":0.0,"gold_gain":0.0,"event_name":"Match and Keep!","player_choice":"1 cards matched","floor":14.0,"gold_loss":0.0,"damage_taken":0.0,"cards_obtained":["Burst"]},{"damage_healed":0.0,"max_hp_gain":0.0,"max_hp_loss":0.0,"gold_gain":0.0,"cards_transformed":["Strike_G"],"event_name":"Transmorgrifier","player_choice":"Transformed","floor":22.0,"gold_loss":0.0,"damage_taken":0.0,"cards_obtained":["Corpse Explosion"]},{"damage_healed":0.0,"max_hp_gain":0.0,"max_hp_loss":0.0,"gold_gain":0.0,"event_name":"MindBloom","player_choice":"Fight","floor":36.0,"gold_loss":0.0,"damage_taken":0.0},{"damage_healed":18.0,"max_hp_gain":0.0,"max_hp_loss":0.0,"gold_gain":0.0,"event_name":"Winding Halls","player_choice":"Writhe","floor":38.0,"gold_loss":0.0,"damage_taken":0.0,"cards_obtained":["Writhe"]}],"is_beta":false,"boss_relics":[{"not_picked":["Runic Dome","Velvet Choker"],"picked":"Busted Crown"},{"not_picked":["Coffee Dripper","WristBlade"],"picked":"Sozu"}],"items_purged_floors":[5,19,25,31,41],"is_endless":false,"potions_floor_spawned":[2,3,8,11,12,18,21,33,36,48],"ascension_level":11}}