{"host":"nbmmy2ys5j9alw05","time":1611100706,"event":{"mods":["AchievementEnabler","BaseMod","Bestiary","Better Vampires","Colored Map","Colored Powertips","Googly Eyes","Minty Spire (QoL Compilation)","Quick Restart","StSLib","The Hierophant","The IronCluck","everything is the same but u backflip on backflip"],"gold_per_floor":[115,115,115,14,35,35,70,70,117,140,140,171,246,73,73,197,197,213,213,226,241,70,70,70],"floor_reached":23,"language":"ENG","playtime":1092,"items_purged":["Strike_G","Strike_G"],"score":333,"play_id":"e7dd6534-5b83-459c-b083-56b97d6a4d9a","local_time":"20210119155826","is_ascension_mode":true,"campfire_choices":[{"data":"Dagger Throw","floor":6,"key":"SMITH"},{"data":"Footwork","floor":11,"key":"SMITH"},{"floor":15,"key":"REST"}],"circlet_count":0,"master_deck":["AscendersBane","Strike_G","Strike_G","Strike_G","Defend_G","Defend_G","Defend_G","Defend_G","Defend_G","Survivor","Neutralize+1","Dagger Throw","Footwork+1","Dagger Throw+1","Calculated Gamble","Heel Hook","Noxious Fumes","Reflex","Panacea","Malaise","Underhanded Strike","Catalyst+1","Footwork"],"relics":["Ring of the Snake","NeowsBlessing","Golden Idol","Kunai","Art of War","Gremlin Horn","SlaversCollar","Orichalcum"],"acts_visited":["Exordium","TheCity"],"potions_floor_usage":[8,12,20,20,23],"damage_taken":[{"damage":0,"enemies":"Jaw Worm","floor":1,"turns":1},{"damage":0,"enemies":"2 Louse","floor":5,"turns":1},{"damage":0,"enemies":"Gremlin Nob","floor":7,"turns":1},{"damage":0,"enemies":"Cultist","floor":10,"turns":4},{"damage":8,"enemies":"Lagavulin","floor":12,"turns":8},{"damage":9,"enemies":"The Guardian","floor":16,"turns":13},{"damage":8,"enemies":"Shell Parasite","floor":18,"turns":8},{"damage":20,"enemies":"2 Thieves","floor":20,"turns":4},{"damage":16,"enemies":"Snake Plant","floor":21,"turns":7},{"damage":29,"enemies":"Slavers","floor":23,"turns":6}],"seed_played":"-4940054112799611187","potions_obtained":[{"floor":7,"key":"SpeedPotion"},{"floor":8,"key":"Strength Potion"},{"floor":8,"key":"Fruit Juice"},{"floor":18,"key":"Strength Potion"},{"floor":21,"key":"LiquidBronze"}],"is_trial":false,"path_per_floor":["M","?","?","$","M","R","E","?","T","M","R","E","?","$","R","B",null,"M","T","M","M","$","E"],"character_chosen":"THE_SILENT","items_purchased":["Footwork","Dagger Throw","Panacea","Footwork"],"campfire_rested":1,"item_purchase_floors":[4,4,14,22],"current_hp_per_floor":[63,63,46,46,46,46,46,51,51,51,51,43,36,36,58,49,69,61,61,41,25,25,0,0],"gold":70,"neow_bonus":"THREE_ENEMY_KILL","is_daily":false,"chose_seed":false,"campfire_upgraded":2,"win_rate":0.0,"timestamp":1611100706,"path_taken":["M","?","?","$","M","R","E","?","T","?","R","E","?","?","R","BOSS","M","?","M","M","$","E"],"items_purchased_type":["Card","Card","Card","Card"],"build_version":"2020-12-22","purchased_purges":2,"victory":false,"max_hp_per_floor":[70,70,70,70,70,70,70,75,75,75,75,75,75,75,75,75,75,75,75,75,75,75,75,75],"card_choices":[{"not_picked":["Backflip","Infinite Blades"],"picked":"Dagger Throw","floor":1},{"not_picked":["Deflect","Prepared"],"picked":"Calculated Gamble","floor":5},{"not_picked":["Prepared","Well Laid Plans"],"picked":"Heel Hook","floor":7},{"not_picked":["Backflip","Acrobatics"],"picked":"Noxious Fumes","floor":10},{"not_picked":["Blade Dance","Endless Agony"],"picked":"Reflex","floor":12},{"not_picked":["After Image","Phantasmal Killer"],"picked":"Malaise","floor":16},{"not_picked":["Slice","Cloak And Dagger+1"],"picked":"Underhanded Strike","floor":18},{"not_picked":["Distraction","Quick Slash"],"picked":"Catalyst+1","floor":20},{"not_picked":["Dagger Throw","Blade Dance","Distraction"],"picked":"SKIP","floor":21}],"player_experience":478311,"relics_obtained":[{"floor":7,"key":"Kunai"},{"floor":9,"key":"Art of War"},{"floor":12,"key":"Gremlin Horn"},{"floor":19,"key":"Orichalcum"}],"event_choices":[{"damage_healed":0,"gold_gain":0,"player_choice":"Grow","damage_taken":0,"max_hp_gain":0,"max_hp_loss":0,"event_name":"Living Wall","floor":2,"gold_loss":0,"cards_upgraded":["Neutralize"]},{"damage_healed":0,"gold_gain":0,"player_choice":"Take Damage","damage_taken":17,"relics_obtained":["Golden Idol"],"max_hp_gain":0,"max_hp_loss":0,"event_name":"Golden Idol","floor":3,"gold_loss":0},{"damage_healed":0,"gold_gain":0,"player_choice":"Got Potions","damage_taken":0,"max_hp_gain":0,"max_hp_loss":0,"event_name":"Lab","floor":8,"gold_loss":0},{"damage_healed":0,"gold_gain":75,"player_choice":"Touch","damage_taken":7,"max_hp_gain":0,"max_hp_loss":0,"event_name":"FaceTrader","floor":13,"gold_loss":0}],"is_beta":false,"boss_relics":[{"not_picked":["Fusion Hammer","Pandora\u0027s Box"],"picked":"SlaversCollar"}],"items_purged_floors":[14,22],"is_endless":false,"potions_floor_spawned":[7,18,21],"killed_by":"Slavers","ascension_level":10}}