{"host":"on8kfoejf6vp3cg3","time":1611078153,"event":{"mods":["AchievementEnabler","BaseMod","Better Match","Better Third Choice","Block Reminder","Colored Map","Colored Powertips","Disable Question Mark Monsters","Googly Eyes","Hermit","Highlight Path","Minty Spire (QoL Compilation)","Permanent Neow","Poor People Problems","Rare Cards Sparkle","Replay The Spire","StSLib","The Blackbeard","The Bladedancer","The Cursed"],"gold_per_floor":[110,35,47,65,84,84,84,101,101,136,199,199,76,9,9,81,81,92,103,63,80,130,130,130,130,206,48,61,81,111,73,73,150,150,68,83,97,111,26,61,90,116,116,27,55,73,40,40,40,40],"floor_reached":51,"language":"ENG","playtime":3198,"items_purged":["blademaster:OneTrickPony","blademaster:Quickstep","blademaster:OneTrickPony","blademaster:Quickstep"],"score":2062,"play_id":"e89d9992-28db-4008-95e9-3f1ab4a767ee","local_time":"20210119124233","daily_mods":["Insanity","Vintage","Heirloom","Time Dilation","Flight"],"is_ascension_mode":true,"campfire_choices":[{"floor":6,"key":"REST"},{"floor":7,"key":"REST"},{"floor":12,"key":"REST"},{"floor":15,"key":"REST"},{"floor":23,"key":"REST"},{"floor":24,"key":"REST"},{"floor":25,"key":"REST"},{"data":"blademaster:Cut","floor":32,"key":"SMITH"},{"data":"blademaster:ColdBlood","floor":49,"key":"SMITH"}],"circlet_count":0,"master_deck":["AscendersBane","blademaster:Breeze","blademaster:LightningCrash","blademaster:Meditate","blademaster:LeechingStrike","blademaster:ParryingStrike","blademaster:AspectOfWind","blademaster:Flurry","blademaster:LeechingStrike","blademaster:ThunderSlash","blademaster:DaggerAndCloak","blademaster:Slice","blademaster:LeechingStrike","blademaster:SlyStabs","blademaster:AwakeningStrike","blademaster:Slice","blademaster:Stability","blademaster:DeadlyDance","blademaster:Slice","blademaster:ChargingUp","blademaster:Reversal","blademaster:AspectOfLightning","blademaster:AspectOfWind","blademaster:LeechingStrike","blademaster:ChargingUp","blademaster:BladeCross","blademaster:AirSlash","blademaster:DragonStrike","blademaster:Bloodbath","blademaster:EyeOfTheStorm","blademaster:LeechingStrike","blademaster:AspectOfLightning","blademaster:ThunderSlash","blademaster:EyeOfTheTornado","blademaster:BladeMastery","blademaster:SharpBlades","blademaster:SlyStabs","blademaster:ParryingStrike","blademaster:LeechingStrike","blademaster:AspectOfLightning","blademaster:Flurry","blademaster:AspectOfWind","blademaster:Safeguard","blademaster:FuriousStrike","blademaster:Thrust","blademaster:Hailwind","blademaster:Meditate","blademaster:TraverseCut","ReplayTheSpireMod:IOU","ReplayTheSpireMod:IOU","ReplayTheSpireMod:IOU","ReplayTheSpireMod:IOU","blademaster:ThreePointStrike+1","ReplayTheSpireMod:IOU","blademaster:Sharpen","ReplayTheSpireMod:IOU","blademaster:ColdBlood+1","ReplayTheSpireMod:IOU","ReplayTheSpireMod:IOU","ReplayTheSpireMod:IOU","ReplayTheSpireMod:IOU","ReplayTheSpireMod:IOU","ReplayTheSpireMod:IOU","Panache","Dramatic Entrance","Jack Of All Trades","blademaster:Cut+1","blademaster:Cut+1","ReplayTheSpireMod:IOU","blademaster:RollingTyphoon","Decay","CurseOfTheBell","ReplayTheSpireMod:Faulty Equipment","blademaster:CombatPrep+1","blademaster:Safeguard+1","blademaster:Overcharge","ReplayTheSpireMod:IOU","ReplayTheSpireMod:IOU","ReplayTheSpireMod:IOU"],"relics":["blademaster:DancersAmulet","Bird Faced Urn","Pantograph","Dead Branch","Question Card","Blue Candle","Calipers","Gremlin Horn","Replay:Wax Seal","Replay:Baseball","Pen Nib","SacredBark","StoneCalendar","Bag of Marbles","Ice Cream","ReplayTheSpireMod:ShopPack","Ornamental Fan","InkBottle","Vajra","Bottled Lightning","Toxic Egg 2","Replay:Ancient Bell","Nunchaku","Replay:Bottled Eggs","Du-Vu Doll","Orichalcum","Ancient Tea Set","Eternal Feather","Happy Flower","ReplayTheSpireMod:TigerMarble","Replay:Rubber Ducky","Snack Pack","Bottled Tornado","Potion Belt","Chameleon Ring"],"acts_visited":["Exordium","TheCity","TheBeyond"],"potions_floor_usage":[16,16,33],"damage_taken":[{"damage":17.0,"enemies":"2 Louse","floor":1.0,"turns":4.0},{"damage":21.0,"enemies":"Jaw Worm","floor":3.0,"turns":4.0},{"damage":19,"enemies":"Small Slimes","floor":4,"turns":3},{"damage":11,"enemies":"Looter","floor":5,"turns":2},{"damage":10,"enemies":"3 Louse","floor":8,"turns":3},{"damage":28,"enemies":"3 Sentries","floor":10,"turns":6},{"damage":59,"enemies":"The Guardian","floor":16,"turns":10},{"damage":14,"enemies":"2 Thieves","floor":18,"turns":4},{"damage":0,"enemies":"Chosen","floor":19,"turns":2},{"damage":45,"enemies":"Shelled Parasite and Fungi","floor":21,"turns":3},{"damage":0,"enemies":"Snake Plant","floor":28,"turns":2},{"damage":0,"enemies":"Snecko","floor":29,"turns":2},{"damage":15,"enemies":"Replay:Snechameleon","floor":30,"turns":4},{"damage":14,"enemies":"Champ","floor":33,"turns":5},{"damage":1,"enemies":"3 Darklings","floor":35,"turns":1},{"damage":0,"enemies":"Orb Walker","floor":36,"turns":1},{"damage":0,"enemies":"Writhing Mass","floor":37,"turns":1},{"damage":6,"enemies":"Transient","floor":38,"turns":5},{"damage":0,"enemies":"3 Darklings","floor":39,"turns":1},{"damage":0,"enemies":"Reptomancer","floor":40,"turns":1},{"damage":0,"enemies":"Giant Head","floor":41,"turns":3},{"damage":0,"enemies":"Reptomancer","floor":42,"turns":1},{"damage":0,"enemies":"Writhing Mass","floor":44,"turns":1},{"damage":0,"enemies":"Nemesis","floor":45,"turns":1},{"damage":0,"enemies":"4 Shapes","floor":46,"turns":1},{"damage":0,"enemies":"Donu and Deca","floor":50,"turns":1}],"seed_played":"3128277012601592584","potions_obtained":[{"floor":1.0,"key":"Block Potion"},{"floor":4,"key":"ColorlessPotion"},{"floor":40,"key":"SteroidPotion"}],"is_trial":true,"path_per_floor":["M","$","M","M","M","R","R","M","T","E","?","R","$","$","R","B",null,"M","M","$","M","?","R","R","R","T","$","M","M","E","$","R","B",null,"M","M","M","M","M","E","E","E","T","M","E","M","$","$","R","B",null],"character_chosen":"THE_BLADEMASTER","items_purchased":["Replay:Wax Seal","Replay:Baseball","blademaster:ThreePointStrike+1","blademaster:Sharpen","Pen Nib","Bag of Marbles","Ice Cream","Block Potion","Toxic Potion","ReplayTheSpireMod:ShopPack","Vajra","blademaster:Cut","LiquidBronze","Chameleon Ring","SpeedPotion"],"campfire_rested":7,"item_purchase_floors":[13,13,14,14,14,20,20,20,20,20,27,31,31,47,47],"current_hp_per_floor":[52,52,38,27,18,39,60,58,58,35,35,56,56,56,71,25,60,49,53,53,16,16,37,58,71,71,71,71,71,62,62,62,71,71,71,71,71,71,71,71,71,71,71,71,71,71,71,71,71,71],"gold":40,"neow_bonus":"","is_daily":false,"chose_seed":false,"campfire_upgraded":2,"win_rate":0.0,"timestamp":1611078153,"path_taken":["M","$","M","M","M","R","R","M","T","E","?","R","$","$","R","BOSS","M","M","$","M","?","R","R","R","T","$","M","M","E","$","R","BOSS","M","M","M","M","M","E","E","E","T","M","E","M","$","$","R","BOSS"],"items_purchased_type":["Relic","Relic","Card","Card","Relic","Relic","Relic","Potion","Potion","Relic","Relic","Card","Potion","Relic","Potion"],"build_version":"2020-12-22","purchased_purges":4,"victory":true,"max_hp_per_floor":[71,71,71,71,71,71,71,71,71,71,71,71,71,71,71,71,71,71,71,71,71,71,71,71,71,71,71,71,71,71,71,71,71,71,71,71,71,71,71,71,71,71,71,71,71,71,71,71,71,71],"card_choices":[{"not_picked":["blademaster:SlyStabs","blademaster:EyeOfTheStorm","blademaster:AwakeningStrike"],"picked":"blademaster:TraverseCut","floor":10},{"not_picked":["blademaster:LightningDraw","blademaster:BladeDance","blademaster:CloudOfSteel"],"picked":"blademaster:ColdBlood","floor":16},{"not_picked":["Master of Strategy","ReplayTheSpireMod:Necrogeddon","ReplayUltimateDefense"],"picked":"Panache","floor":20},{"not_picked":["ReplayTheSpireMod:Trickstab","Good Instincts","Poisoned Strike"],"picked":"Dramatic Entrance","floor":20},{"not_picked":["Magnetism","Replay:Sssssssssshield","Replay:Bootleg Shield Generator"],"picked":"Jack Of All Trades","floor":20},{"not_picked":["blademaster:Safeguard+1","blademaster:ChargingUp+1","blademaster:AwakeningStrike"],"picked":"blademaster:Cut","floor":30},{"not_picked":["blademaster:Blindside","blademaster:ColdBlood","blademaster:ThreePointStrike"],"picked":"blademaster:RollingTyphoon","floor":33},{"not_picked":["Regret","Languid","ReplayTheSpireMod:Splinters"],"picked":"Decay","floor":34},{"not_picked":["Replay:Hysterical Blindness","Injury","Voices"],"picked":"CurseOfTheBell","floor":34},{"not_picked":["Doubt","Languid","Delirium"],"picked":"ReplayTheSpireMod:Faulty Equipment","floor":34},{"not_picked":["blademaster:SharpBlades","blademaster:Slice","blademaster:Meditate"],"picked":"blademaster:CombatPrep+1","floor":40},{"not_picked":["blademaster:Sunder","blademaster:AirSlash","blademaster:ChargingUp+1"],"picked":"blademaster:Safeguard+1","floor":41},{"not_picked":["blademaster:AirSlash","blademaster:AwakeningStrike","blademaster:ThunderSlash+1"],"picked":"blademaster:Overcharge","floor":42},{"not_picked":["blademaster:Safeguard+1","blademaster:CombatPrep+1","blademaster:Overcharge","blademaster:LightningDraw"],"picked":"SKIP","floor":45}],"player_experience":480491,"relics_obtained":[{"floor":1.0,"key":"Pantograph"},{"floor":1.0,"key":"blademaster:StrongPerk"},{"floor":3.0,"key":"Dead Branch"},{"floor":3.0,"key":"blademaster:LightningChargePerk"},{"floor":4,"key":"Question Card"},{"floor":4,"key":"blademaster:BleedingLaceratePerk"},{"floor":5,"key":"Blue Candle"},{"floor":5,"key":"blademaster:OnAttackedChargePerk"},{"floor":8,"key":"blademaster:WindChargePerk"},{"floor":9,"key":"Calipers"},{"floor":10,"key":"Gremlin Horn"},{"floor":10,"key":"blademaster:RandomBladePerk"},{"floor":18,"key":"StoneCalendar"},{"floor":18,"key":"blademaster:ComboEveryTurnPerk"},{"floor":19,"key":"blademaster:StanceHealPerk"},{"floor":21,"key":"Ornamental Fan"},{"floor":21,"key":"blademaster:FuryEveryTurnPerk"},{"floor":26,"key":"InkBottle"},{"floor":28,"key":"Bottled Lightning"},{"floor":28,"key":"blademaster:BleedingMoreDamagePerk"},{"floor":29,"key":"Toxic Egg 2"},{"floor":29,"key":"blademaster:BonusFuryPerk"},{"floor":30,"key":"blademaster:RandomStancePerk"},{"floor":35,"key":"blademaster:BonusComboPerk"},{"floor":36,"key":"Orichalcum"},{"floor":36,"key":"blademaster:DextrousPerk"},{"floor":38,"key":"Ancient Tea Set"},{"floor":39,"key":"Eternal Feather"},{"floor":40,"key":"Happy Flower"},{"floor":41,"key":"ReplayTheSpireMod:TigerMarble"},{"floor":42,"key":"Replay:Rubber Ducky"},{"floor":43,"key":"Snack Pack"},{"floor":44,"key":"Bottled Tornado"},{"floor":45,"key":"Potion Belt"}],"event_choices":[{"damage_healed":0,"gold_gain":63,"player_choice":"Gained Gold","damage_taken":0,"max_hp_gain":0,"max_hp_loss":0,"event_name":"Golden Wing","floor":11,"gold_loss":0},{"damage_healed":0,"gold_gain":50,"player_choice":"Steal","damage_taken":0,"max_hp_gain":0,"max_hp_loss":0,"event_name":"betterThird:BetterNest","floor":22,"gold_loss":0}],"is_beta":false,"boss_relics":[{"not_picked":["Kintsugi","Empty Cage"],"picked":"SacredBark"},{"not_picked":["Coffee Dripper","Abe\u0027s Treasure"],"picked":"Replay:Ancient Bell"},{"not_picked":["ReplayTheSpireMod:Lightbulb","Strawberry"],"picked":"Nunchaku"},{"not_picked":["Replay:Bottled Steam","ReplayTheSpireMod:Shallot"],"picked":"Replay:Bottled Eggs"},{"not_picked":["Turnip","Replay:Multitool"],"picked":"Du-Vu Doll"}],"items_purged_floors":[2,13,14,20],"is_endless":false,"potions_floor_spawned":[1,4,8,10,21,28,30,40,41,42,44],"ascension_level":18}}