{"host":"i0xrm7p89v8es8ob","time":1611066238,"event":{"mods":["ATMod(°¢èªMod)","AchievementEnabler","Act Like it!","Aspiration","BaseMod","Conspire","Dota2Spire","Minty Spire (QoL Compilation)","MostiFishMod","Pale of the Ancients","Permanent Neow","Quick Restart","Relic Stats","Replay The Spire","Spicy Shops","StSLib","The Gatherer","The IronCluck","The Marked","The Runesmith","[IsaacMod]ÒÔÈö¼âËþ","vexMod","¡¾ÒÅÎï¿¨ÅÆ¡¿REMEMod"],"gold_per_floor":[115,115,135,152,162,197,197,232,257,257,257,275,108,33,33,135,135,147,147,165,165,165,207,207,234,288,304,641,641,664,186,186,291,291,304,327,65,82,82,82,116,129,129,163,213,255,255,268,268,268,288,317,317,365,365,378,378,378,378,378],"floor_reached":61,"language":"ZHS","playtime":2426,"items_purged":["Strike_R","Strike_R","Strike_R","Strike_R","Bash"],"score":1369,"play_id":"b3e4f0cb-582d-448d-9f23-e7daabbd5263","local_time":"20210119222358","is_ascension_mode":true,"campfire_choices":[{"data":"AT_FamilyPortrait","floor":7.0,"key":"SMITH"},{"data":"AT_BodySlamDance","floor":11.0,"key":"SMITH"},{"data":"ReplayTheSpireMod:Muscle Training","floor":15.0,"key":"SMITH"},{"data":"MostiFishMod:UltimateDefense","floor":24.0,"key":"SMITH"},{"data":"Rupture","floor":32.0,"key":"SMITH"},{"data":"ReplayReversal","floor":40,"key":"SMITH"},{"data":"Body Slam","floor":47,"key":"SMITH"},{"floor":49,"key":"RECALL"},{"data":"MostiFishMod:UltimateDefense+1","floor":55,"key":"SMITH"},{"data":"MostiFishMod:UltimateDefense+2","floor":57,"key":"SMITH"}],"circlet_count":0,"master_deck":["Defend_R","Defend_R+1","Defend_R","Defend_R","AT_FamilyPortrait+1","Offering","ReplayTheSpireMod:Muscle Training+1","AT_BodySlamDance+1","ReplayTheSpireMod:Muscle Training","AT_BodySlamDance+1","MostiFishMod:UltimateDefense+3","Feel No Pain","AT_BodySlamDance+1","Body Slam+1","Rupture+1","ReplayReversal+1","ReplayTheSpireMod:Splinters","Bloodletting","Body Slam+1","Rupture+1"],"relics":["Burning Blood","REME_ComplimentaryCards","AT_ATBox","HushsDoor","DaveBox","FeatherPendant","PunchingBag","aspiration:Nostalgia","Replay:M_StaffOfTheSnake","SynthV:TestCard","Potion Belt","Centennial Puzzle","Dota2Spire:BladeMail","FaceOfCleric","War Paint","Black Star","Replay:Accelerometer","CeramicFish","Mummified Hand","MoneyPower","aspiration:SeaSaltIceCream","aspiration:Nostalgia","Iron Core","Old Coin","aspiration:StickyExplosives","vexMod:MysteryBossChallenge","RhineCircuit","Sundial","Gambling Chip","AT_DeathDance","Dota2Spire:Desolator","Smiling Mask","Magic Flower","PreservedInsect","Ornamental Fan","paleoftheancients:Timepiece","paleoftheancients:KeyRelic","Ice Cream","aspiration:Lifesprig","AT_SilvercatRing"],"acts_visited":["Exordium","TheCity","TheBeyond","TheBeyond"],"potions_floor_usage":[44,56,60],"damage_taken":[{"damage":2.0,"enemies":"Jaw Worm","floor":1.0,"turns":2.0},{"damage":6.0,"enemies":"Cultist","floor":3.0,"turns":2.0},{"damage":0.0,"enemies":"2 Louse","floor":4.0,"turns":1.0},{"damage":2.0,"enemies":"Exordium Thugs","floor":5.0,"turns":1.0},{"damage":16.0,"enemies":"Gremlin Nob","floor":6.0,"turns":1.0},{"damage":4.0,"enemies":"3 Sentries","floor":8.0,"turns":1.0},{"damage":2.0,"enemies":"Gremlin Gang","floor":12.0,"turns":1.0},{"damage":16.0,"enemies":"Slime Boss","floor":16.0,"turns":1.0},{"damage":0.0,"enemies":"Chosen","floor":18.0,"turns":1.0},{"damage":16.0,"enemies":"3 Byrds","floor":20.0,"turns":1.0},{"damage":2.0,"enemies":"Slavers","floor":23.0,"turns":1.0},{"damage":14.0,"enemies":"Book of Stabbing","floor":25.0,"turns":1.0},{"damage":12.0,"enemies":"Sentry and Sphere","floor":27.0,"turns":1.0},{"damage":12.0,"enemies":"Gremlin Leader","floor":28.0,"turns":1.0},{"damage":0.0,"enemies":"Snake Plant","floor":30.0,"turns":1.0},{"damage":14.0,"enemies":"Champ","floor":33.0,"turns":1.0},{"damage":2,"enemies":"3 Darklings","floor":35,"turns":1},{"damage":0,"enemies":"3 Shapes","floor":36,"turns":1},{"damage":0,"enemies":"Writhing Mass","floor":38,"turns":1},{"damage":20,"enemies":"Transient","floor":42,"turns":3},{"damage":21,"enemies":"R_Hoarder","floor":44,"turns":3},{"damage":0,"enemies":"Mind Bloom Boss Battle","floor":45,"turns":1},{"damage":6,"enemies":"Reptomancer","floor":46,"turns":1},{"damage":2,"enemies":"Jaw Worm Horde","floor":48,"turns":1},{"damage":0,"enemies":"Replay:Hell Engine","floor":50,"turns":1},{"damage":0,"enemies":"Replay:Hell Engine","floor":51,"turns":1},{"damage":0,"enemies":"Replay:Hell Engine","floor":52,"turns":1},{"damage":24,"enemies":"Replay:Hell Engine","floor":56,"turns":2},{"damage":40,"enemies":"Delirium","floor":60,"turns":9}],"seed_played":"-8399115077735278204","potions_obtained":[{"floor":1.0,"key":"Dota2Spire:Clarity"},{"floor":4.0,"key":"LifebloodPotion"},{"floor":12.0,"key":"conspire:TimeTravelPotion"},{"floor":16.0,"key":"Toxic Potion"},{"floor":23.0,"key":"Regen Potion"},{"floor":30.0,"key":"SkillPotion"},{"floor":33.0,"key":"LiquidMemories"},{"floor":42,"key":"Elixir"},{"floor":45,"key":"SteroidPotion"}],"is_trial":false,"path_per_floor":["M","?","M","M","M","E","R","E","T","?","R","M","$","$","R","B",null,"M","?","M","?","?","E","R","E","T","M","E","?","M","$","R","B",null,"M","M","$","M","$","R","?","M","T","E","?","E","R","M","R","B","M","M","?","T","R","M","R","T","?","B",null],"character_chosen":"IRONCLAD","items_purchased":["AT_BodySlamDance","War Paint","aspiration:StickyExplosives","Sundial"],"campfire_rested":0,"item_purchase_floors":[13,13,31,37],"current_hp_per_floor":[80,80,80,80,80,70,70,72,72,72,72,77,77,77,77,68,75,78,78,69,69,69,74,74,67,67,62,57,65,72,72,72,65,76,81,82,82,83,83,83,83,70,70,75,82,87,87,88,88,93,94,95,95,95,95,93,93,93,93,90],"gold":378,"neow_bonus":"NOSTALGIA","is_daily":false,"chose_seed":false,"campfire_upgraded":9,"win_rate":0.0,"timestamp":1611066238,"path_taken":["M","?","M","M","M","E","R","E","T","?","R","?","?","$","R","BOSS","M","?","M","?","?","E","R","E","T","M","E","?","?","$","R","BOSS","M","M","$","M","$","R","?","M","T","E","?","E","R","M","R","BOSS","M","M","?","T","R","M","R","T","?","BOSS"],"items_purchased_type":["Card","Relic","Relic","Relic"],"build_version":"2020-12-22","purchased_purges":5,"victory":true,"max_hp_per_floor":[80,80,80,80,80,80,80,80,80,80,80,81,81,81,81,82,77,78,78,79,79,79,80,80,81,81,82,83,83,84,84,84,85,80,81,82,82,83,83,83,83,84,84,85,86,87,87,88,88,93,94,95,95,95,95,96,96,96,96,97],"relic_stats":{"counters":[29,44],"CeramicFish":72,"Magic Flower":[25],"PreservedInsect":0,"War Paint":["AT_BodySlamDance","Defend_R"],"Smiling Mask":0,"Burning Blood":131,"Centennial Puzzle":[46],"FaceOfCleric":23,"Mummified Hand":[44],"Sundial":[2],"Ornamental Fan":[148],"Gambling Chip":[10],"Black Star":5,"obtain_stats":[{"Ice Cream":50,"Replay:Accelerometer":23,"Iron Core":28,"aspiration:Lifesprig":54,"AT_ATBox":0,"DaveBox":0,"CeramicFish":23,"Magic Flower":45,"Smiling Mask":44,"Burning Blood":0,"Old Coin":28,"Centennial Puzzle":8,"FaceOfCleric":10,"Mummified Hand":25,"Sundial":37,"Gambling Chip":41,"Dota2Spire:BladeMail":9,"KeepersGift":0,"Potion Belt":6,"aspiration:StickyExplosives":31,"paleoftheancients:KeyRelic":50,"PunchingBag":0,"Replay:M_StaffOfTheSnake":0,"aspiration:Nostalgia":0,"vexMod:MysteryBossChallenge":34,"PreservedInsect":46,"MoneyPower":25,"aspiration:SeaSaltIceCream":28,"War Paint":13,"AT_SilvercatRing":58,"RhineCircuit":34,"paleoftheancients:Timepiece":50,"SynthV:TestCard":1,"FeatherPendant":0,"Ornamental Fan":46,"Black Star":17,"AT_DeathDance":43,"HushsDoor":0,"REME_ComplimentaryCards":0,"Dota2Spire:Desolator":44},{"Ice Cream":25,"Replay:Accelerometer":11,"Iron Core":14,"aspiration:Lifesprig":27,"AT_ATBox":0,"DaveBox":0,"CeramicFish":11,"Magic Flower":22,"Smiling Mask":21,"Burning Blood":0,"Old Coin":14,"Centennial Puzzle":6,"FaceOfCleric":6,"Mummified Hand":12,"Sundial":18,"Gambling Chip":19,"Dota2Spire:BladeMail":6,"KeepersGift":0,"Potion Belt":5,"aspiration:StickyExplosives":15,"paleoftheancients:KeyRelic":25,"PunchingBag":0,"Replay:M_StaffOfTheSnake":0,"aspiration:Nostalgia":0,"vexMod:MysteryBossChallenge":16,"PreservedInsect":23,"MoneyPower":12,"aspiration:SeaSaltIceCream":14,"War Paint":7,"AT_SilvercatRing":28,"RhineCircuit":16,"paleoftheancients:Timepiece":25,"SynthV:TestCard":1,"FeatherPendant":0,"Ornamental Fan":23,"Black Star":8,"AT_DeathDance":20,"HushsDoor":0,"REME_ComplimentaryCards":0,"Dota2Spire:Desolator":21},{"Ice Cream":31,"Replay:Accelerometer":13,"Iron Core":16,"aspiration:Lifesprig":33,"AT_ATBox":0,"DaveBox":0,"CeramicFish":13,"Magic Flower":28,"Smiling Mask":27,"Burning Blood":0,"Old Coin":16,"Centennial Puzzle":8,"FaceOfCleric":8,"Mummified Hand":14,"Sundial":20,"Gambling Chip":21,"Dota2Spire:BladeMail":8,"KeepersGift":0,"Potion Belt":7,"aspiration:StickyExplosives":17,"paleoftheancients:KeyRelic":31,"PunchingBag":0,"Replay:M_StaffOfTheSnake":0,"aspiration:Nostalgia":0,"vexMod:MysteryBossChallenge":18,"PreservedInsect":29,"MoneyPower":14,"aspiration:SeaSaltIceCream":16,"War Paint":9,"AT_SilvercatRing":35,"RhineCircuit":18,"paleoftheancients:Timepiece":31,"SynthV:TestCard":2,"FeatherPendant":0,"Ornamental Fan":29,"Black Star":10,"AT_DeathDance":24,"HushsDoor":0,"REME_ComplimentaryCards":0,"Dota2Spire:Desolator":27}]},"card_choices":[{"not_picked":["Combust","Crescendo","Run Through"],"picked":"SKIP","floor":1.0},{"not_picked":["True Grit","Anger","Bloodletting","ThirdEye"],"picked":"ReplayTheSpireMod:Muscle Training","floor":3.0},{"not_picked":["Havoc","Replay:Undeath\u0027s Touch","Combust","True Grit"],"picked":"AT_BodySlamDance","floor":4.0},{"not_picked":["Clothesline","Pommel Strike","Massacre","ThirdEye"],"picked":"ReplayTheSpireMod:Muscle Training","floor":5.0},{"not_picked":["ClearTheMind","Seeing Red","Nirvana","AT_CaressingTears","ReplayTheSpireMod:LeadingStrike"],"picked":"SKIP","floor":6.0},{"not_picked":["ReplayTheSpireMod:Stacked","Replay:Undeath\u0027s Touch","Fiend Fire","Thunderclap","Vengeance"],"picked":"SKIP","floor":8.0},{"not_picked":["Shockwave","Shrug It Off","Wild Strike","Life Link","Armaments"],"picked":"SKIP","floor":12.0},{"not_picked":["Bullet Time","Corruption","Demonic Infusion","Demon Form"],"picked":"MostiFishMod:UltimateDefense","floor":16.0},{"not_picked":["Sentinel","Heavy Blade","Reckless Charge","ReplayTheSpireMod:Limb From Limb","Fire Breathing"],"picked":"SKIP","floor":18.0},{"not_picked":["True Grit+1","Shrug It Off","Armaments","ReplayReversal"],"picked":"Feel No Pain","floor":20.0},{"not_picked":["Headbutt","MostiFishMod:HellRitual","Iron Wave","MostiFishMod:NewArrival"],"picked":"AT_BodySlamDance+1","floor":23.0},{"not_picked":["Disarm","Flex+1","Infernal Blade+1","Headbutt","Second Wind"],"picked":"SKIP","floor":25.0},{"not_picked":["True Grit","Headbutt","Fire Breathing","Cleave","Infernal Blade+1"],"picked":"SKIP","floor":27.0},{"not_picked":["MostiFishMod:NewArrival","True Grit+1","Clothesline","Shockwave"],"picked":"Body Slam","floor":28.0},{"not_picked":["Thunderclap","Clothesline","Intimidate","Headbutt+1"],"picked":"Rupture","floor":30.0},{"not_picked":["WeaponsOverheat+1","Wild Strike+1","Clash","True Grit","ReplayTheSpireMod:Limb From Limb+1"],"picked":"SKIP","floor":35},{"not_picked":["Cleave","WeaponsOverheat","Sword Boomerang+1","Fire Breathing+1"],"picked":"ReplayReversal","floor":36},{"not_picked":["Rebound+1","Perfected Strike+1","Sword Boomerang+1","Capacitor+1","Gash"],"picked":"SKIP","floor":38},{"not_picked":["Rebound","Gash","Reckless Charge","Replay:Undeath\u0027s Touch"],"picked":"Bloodletting","floor":41},{"not_picked":["Rampage","Second Wind+1","Juggernaut","Perfected Strike","Gash"],"picked":"SKIP","floor":42},{"not_picked":["Demonic Infusion","Glacier+1","Defy Death","Headbutt","Scorching Beam"],"picked":"SKIP","floor":44},{"not_picked":["Pummel+1","ReplayTheSpireMod:Muscle Training+1","Shockwave+1","Warcry"],"picked":"Body Slam+1","floor":46},{"not_picked":["FTL+1","Turbo+1","Hemokinesis+1","Gash","Carnage+1"],"picked":"SKIP","floor":48},{"not_picked":["Evolve","Iron Wave","Twin Strike+1","Warcry","AT_ShrugMaster+1"],"picked":"SKIP","floor":51},{"not_picked":["Pummel","AT_BodySlamDance","Anger+1","Dark Embrace+1"],"picked":"Rupture+1","floor":52},{"not_picked":["AT_IchimonjiDouble","ReplayTheSpireMod:Corrosion Curse","AT_BodySlamDance","MostiFishMod:#F4004+1","Searing Blow+1"],"picked":"SKIP","floor":56},{"not_picked":[],"picked":"BloodyBrimstone","floor":0}],"player_experience":73461,"relics_obtained":[{"floor":1.0,"key":"SynthV:TestCard"},{"floor":6.0,"key":"Potion Belt"},{"floor":8.0,"key":"Centennial Puzzle"},{"floor":9.0,"key":"Dota2Spire:BladeMail"},{"floor":23.0,"key":"Replay:Accelerometer"},{"floor":23.0,"key":"CeramicFish"},{"floor":25.0,"key":"Mummified Hand"},{"floor":25.0,"key":"MoneyPower"},{"floor":28.0,"key":"aspiration:SeaSaltIceCream"},{"floor":28.0,"key":"Old Coin"},{"floor":41,"key":"Gambling Chip"},{"floor":43,"key":"AT_DeathDance"},{"floor":44,"key":"Dota2Spire:Desolator"},{"floor":44,"key":"Smiling Mask"},{"floor":45,"key":"Magic Flower"},{"floor":46,"key":"PreservedInsect"},{"floor":46,"key":"Ornamental Fan"},{"floor":54,"key":"aspiration:Lifesprig"},{"floor":58,"key":"AT_SilvercatRing"}],"event_choices":[{"damage_healed":0.0,"max_hp_gain":0.0,"max_hp_loss":0.0,"gold_gain":0.0,"event_name":"FaceTrader","player_choice":"Trade","floor":10.0,"gold_loss":0.0,"damage_taken":0.0,"relics_obtained":["FaceOfCleric"]},{"damage_healed":0.0,"max_hp_gain":0.0,"max_hp_loss":0.0,"gold_gain":0.0,"event_name":"Ghosts","player_choice":"Ignored","floor":19.0,"gold_loss":0.0,"damage_taken":0.0},{"cards_removed":["Strike_R"],"damage_healed":0.0,"max_hp_gain":0.0,"max_hp_loss":0.0,"gold_gain":0.0,"event_name":"Back to Basics","player_choice":"Elegance","floor":22.0,"gold_loss":0.0,"damage_taken":0.0},{"damage_healed":0,"gold_gain":0,"player_choice":"Fight","damage_taken":0,"max_hp_gain":0,"max_hp_loss":0,"event_name":"MindBloom","floor":45,"gold_loss":0}],"is_beta":false,"boss_relics":[{"not_picked":["REME_ChargedStone","FixedStarFall"],"picked":"Black Star"},{"not_picked":[]},{"not_picked":["conspire:SpecialSausage","Electric Blood"],"picked":"vexMod:MysteryBossChallenge"},{"not_picked":[]}],"items_purged_floors":[14,17,31,31,34],"is_endless":false,"potions_floor_spawned":[1,4,12,16,20,23,30,33,38,42,45,51,52],"ascension_level":5}}