{"host":"04hh9gplt9wkfmr1","time":1611072460,"event":{"mods":["AchievementEnabler","BaseMod","Colored Map","KOR Keyword Fix","Minty Spire (QoL Compilation)","Rare Cards Sparkle","SuperFastMode"],"gold_per_floor":[117,192,204,204,204,204,237,237,307,341,341,41,52,66,66,161,161,172,172,185,203,220,220,220,220],"floor_reached":24,"language":"KOR","playtime":545,"items_purged":[],"score":294,"play_id":"8b7afd80-df00-40a3-9fb4-e416a9b8d90d","local_time":"20210120010740","is_ascension_mode":true,"campfire_choices":[{"data":"Demon Form","floor":6.0,"key":"SMITH"},{"floor":8.0,"key":"REST"},{"floor":15.0,"key":"REST"},{"floor":23,"key":"REST"}],"circlet_count":0,"master_deck":["Strike_R","Strike_R","Strike_R","Strike_R","Defend_R","Defend_R","Defend_R","Defend_R","Bash","Demon Form+1","Headbutt","Headbutt+1","Heavy Blade+1","Reaper+1","Demon Form+1","Inflame","Sword Boomerang+1"],"relics":["Burning Blood","Art of War","Eternal Feather","Darkstone Periapt","Boot","Molten Egg 2","SlaversCollar"],"acts_visited":["Exordium","TheCity"],"potions_floor_usage":[18,21,21],"damage_taken":[{"damage":0.0,"enemies":"Small Slimes","floor":1.0,"turns":4.0},{"damage":16.0,"enemies":"Jaw Worm","floor":3.0,"turns":5.0},{"damage":42.0,"enemies":"Gremlin Nob","floor":7.0,"turns":5.0},{"damage":12.0,"enemies":"Lagavulin","floor":10.0,"turns":7.0},{"damage":1.0,"enemies":"Cultist","floor":13.0,"turns":3.0},{"damage":18.0,"enemies":"Red Slaver","floor":14.0,"turns":3.0},{"damage":0.0,"enemies":"Slime Boss","floor":16.0,"turns":5.0},{"damage":47,"enemies":"3 Byrds","floor":18,"turns":6},{"damage":19,"enemies":"Chosen","floor":20,"turns":4},{"damage":22,"enemies":"Centurion and Healer","floor":21,"turns":5},{"damage":54,"enemies":"Snake Plant","floor":22,"turns":5},{"damage":59,"enemies":"Slavers","floor":24,"turns":2}],"seed_played":"-1315369164935056879","potions_obtained":[{"floor":1.0,"key":"BlessingOfTheForge"},{"floor":3.0,"key":"AttackPotion"},{"floor":14.0,"key":"Explosive Potion"},{"floor":18,"key":"Strength Potion"},{"floor":20,"key":"Block Potion"}],"is_trial":false,"path_per_floor":["M","?","M","?","?","R","E","R","T","E","$","$","M","M","R","B",null,"M","?","M","M","M","R","E"],"character_chosen":"IRONCLAD","items_purchased":["Molten Egg 2","Headbutt+1"],"campfire_rested":3,"item_purchase_floors":[12,12],"current_hp_per_floor":[80,69,59,52,45,45,9,39,39,33,33,33,38,26,56,62,80,54,54,41,61,23,56,0,0],"gold":220,"neow_bonus":"ONE_RANDOM_RARE_CARD","is_daily":false,"chose_seed":false,"campfire_upgraded":1,"win_rate":0.0,"timestamp":1611072460,"path_taken":["M","?","M","?","?","R","E","R","T","E","?","$","M","M","R","BOSS","M","?","M","M","?","R","E"],"items_purchased_type":["Relic","Card"],"build_version":"2020-12-22","purchased_purges":0,"victory":false,"max_hp_per_floor":[80,80,80,80,80,80,80,80,80,80,80,80,80,80,80,80,80,80,80,80,80,80,80,80,80],"card_choices":[{"not_picked":["Fire Breathing","Pommel Strike","Uppercut"],"picked":"SKIP","floor":1.0},{"not_picked":["Pommel Strike","Thunderclap"],"picked":"Headbutt","floor":3.0},{"not_picked":["Cleave","Perfected Strike","Fire Breathing"],"picked":"SKIP","floor":7.0},{"not_picked":["True Grit","Thunderclap","Havoc"],"picked":"SKIP","floor":10.0},{"not_picked":["Intimidate","Power Through"],"picked":"Heavy Blade+1","floor":13.0},{"not_picked":["Iron Wave+1","Anger+1","Flex"],"picked":"SKIP","floor":14.0},{"not_picked":["Offering","Immolate+1"],"picked":"Reaper+1","floor":16.0},{"not_picked":["Second Wind","True Grit","Feel No Pain"],"picked":"SKIP","floor":18},{"not_picked":["Headbutt+1","Ghostly Armor"],"picked":"Inflame","floor":20},{"not_picked":["Anger+1","Second Wind","Twin Strike+1"],"picked":"SKIP","floor":21},{"not_picked":["Iron Wave+1","Perfected Strike+1"],"picked":"Sword Boomerang+1","floor":22}],"player_experience":58156,"relics_obtained":[{"floor":7.0,"key":"Eternal Feather"},{"floor":9.0,"key":"Darkstone Periapt"},{"floor":10.0,"key":"Boot"}],"event_choices":[{"damage_healed":0.0,"max_hp_gain":0.0,"max_hp_loss":0.0,"gold_gain":75.0,"event_name":"World of Goop","player_choice":"Gather Gold","floor":2.0,"gold_loss":0.0,"damage_taken":11.0},{"damage_healed":0.0,"max_hp_gain":0.0,"max_hp_loss":0.0,"gold_gain":0.0,"event_name":"Scrap Ooze","player_choice":"Success","floor":4.0,"gold_loss":0.0,"damage_taken":7.0,"relics_obtained":["Art of War"]},{"cards_removed":["Strike_R"],"damage_healed":0.0,"max_hp_gain":0.0,"max_hp_loss":0.0,"gold_gain":0.0,"event_name":"Golden Wing","player_choice":"Card Removal","floor":5.0,"gold_loss":0.0,"damage_taken":7.0},{"damage_healed":0,"gold_gain":0,"player_choice":"Copied","damage_taken":0,"max_hp_gain":0,"max_hp_loss":0,"event_name":"Duplicator","floor":19,"gold_loss":0,"cards_obtained":["Demon Form"]}],"is_beta":false,"boss_relics":[{"not_picked":["Pandora\u0027s Box","Runic Cube"],"picked":"SlaversCollar"}],"items_purged_floors":[],"is_endless":false,"potions_floor_spawned":[1,3,14,18,20],"killed_by":"Slavers","ascension_level":3}}