{"host":"Lingo","time":1611026519,"event":{"mods":["BaseMod","Better Third Choice","BetterRewards","Evolution","Hermit","Minty Spire (QoL Compilation)","Relic Stats","Spicy Shops","StSLib"],"gold_per_floor":[58,74,89,106,120,148,223,223,246,246,261,277,304,304,304,402,402,416,426,125,140,159,159,184,184,184,203,203,214,214,69,69,167,167,184,203,219,219,230,230,262,282,282,282,292,292,292,342,342,342,342],"floor_reached":50,"language":"ENG","playtime":17308,"items_purged":["hermit:Strike_Hermit","hermit:Defend_Hermit","hermit:Desperado"],"score":708,"play_id":"fbd05fb6-2897-43f1-bc3a-a20ecbdb4e60","local_time":"20210118192159","is_ascension_mode":false,"campfire_choices":[{"floor":8,"key":"REST"},{"data":"hermit:Manifest","floor":15,"key":"SMITH"},{"data":"hermit:FatalDesire","floor":23,"key":"SMITH"},{"data":"hermit:LuckOfTheDraw","floor":25,"key":"SMITH"},{"floor":32,"key":"REST"},{"data":"hermit:Magnum","floor":40,"key":"SMITH"},{"floor":44,"key":"REST"},{"data":"hermit:DeadMansHand","floor":47,"key":"SMITH"},{"floor":49,"key":"RECALL"}],"circlet_count":0,"master_deck":["hermit:Desperado","hermit:Defend_Hermit","hermit:Defend_Hermit","hermit:Snapshot+1","hermit:Covet","hermit:Gambit","hermit:HoleUp","hermit:CursedWeapon","hermit:Manifest+1","hermit:LuckOfTheDraw+1","hermit:Gestalt","hermit:DeadMansHand+1","hermit:CursedWeapon","hermit:Virtue","hermit:WideOpen+1","hermit:EyeOfTheStorm","hermit:FromBeyond","hermit:NoHoldsBarred+1","hermit:FatalDesire+1","hermit:DeadMansHand+1","hermit:Dive+1","hermit:Coalescence+1","hermit:DeadMansHand+1","hermit:Magnum+1","hermit:HoleUp+1","hermit:Malice","hermit:PistolWhip+1"],"relics":["EVO:Axolotl","Prayer Wheel","Orrery","Mercury Hourglass","Lantern","Boot","Busted Crown","Whetstone","Pantograph","Nloth\u0027s Gift","NlothsMask","Medical Kit","Astrolabe","Smiling Mask","Turnip"],"acts_visited":["TheCity","TheBeyond"],"potions_floor_usage":[5,13,50],"damage_taken":[{"damage":0,"enemies":"2 Louse","floor":1,"turns":1},{"damage":0,"enemies":"Jaw Worm","floor":2,"turns":1},{"damage":4,"enemies":"Cultist","floor":3,"turns":2},{"damage":4,"enemies":"Lots of Slimes","floor":4,"turns":2},{"damage":14,"enemies":"Looter","floor":5,"turns":3},{"damage":6,"enemies":"Lagavulin","floor":6,"turns":5},{"damage":4,"enemies":"Blue Slaver","floor":11,"turns":2},{"damage":7,"enemies":"Lots of Slimes","floor":12,"turns":2},{"damage":4,"enemies":"Gremlin Nob","floor":13,"turns":1},{"damage":31,"enemies":"The Guardian","floor":16,"turns":11},{"damage":9,"enemies":"3 Byrds","floor":18,"turns":3},{"damage":12,"enemies":"2 Thieves","floor":19,"turns":3},{"damage":3,"enemies":"Centurion and Healer","floor":21,"turns":2},{"damage":12,"enemies":"Chosen and Byrds","floor":22,"turns":2},{"damage":6,"enemies":"Book of Stabbing","floor":24,"turns":2},{"damage":4,"enemies":"3 Cultists","floor":27,"turns":3},{"damage":13,"enemies":"Centurion and Healer","floor":29,"turns":2},{"damage":6,"enemies":"Champ","floor":33,"turns":5},{"damage":2,"enemies":"3 Darklings","floor":35,"turns":2},{"damage":2,"enemies":"Orb Walker","floor":36,"turns":1},{"damage":20,"enemies":"Writhing Mass","floor":37,"turns":3},{"damage":5,"enemies":"3 Darklings","floor":39,"turns":2},{"damage":30,"enemies":"Giant Head","floor":41,"turns":7},{"damage":2,"enemies":"Spire Growth","floor":42,"turns":2},{"damage":4,"enemies":"4 Shapes","floor":45,"turns":2},{"damage":4,"enemies":"Mind Bloom Boss Battle","floor":48,"turns":5},{"damage":79,"enemies":"Time Eater","floor":50,"turns":3}],"seed_played":"5662735593114708142","potions_obtained":[{"floor":1,"key":"SteroidPotion"},{"floor":4,"key":"SteroidPotion"},{"floor":5,"key":"BlessingOfTheForge"},{"floor":6,"key":"LiquidMemories"},{"floor":22,"key":"Ancient Potion"},{"floor":24,"key":"Fire Potion"},{"floor":27,"key":"Weak Potion"},{"floor":35,"key":"PowerPotion"}],"is_trial":false,"path_per_floor":["M","M","M","M","M","E","?","R","T","?","M","M","E","?","R","B",null,"M","M","$","M","M","R","E","R","T","M","?","M","?","$","R","B",null,"M","M","M","$","M","R","E","M","T","R","M","?","R","?","R","B"],"character_chosen":"HERMIT","items_purchased":["Prayer Wheel","Orrery","hermit:LuckOfTheDraw","hermit:FatalDesire","Medical Kit"],"campfire_rested":3,"item_purchase_floors":[0,0,0,20,31],"current_hp_per_floor":[75,75,71,67,53,47,36,58,58,51,47,40,36,61,61,30,75,66,54,54,51,39,39,33,33,33,29,29,16,16,16,38,57,75,73,71,51,51,46,46,16,14,14,36,32,32,32,53,53,0,0],"gold":342,"neow_bonus":"","is_daily":false,"chose_seed":false,"campfire_upgraded":5,"win_rate":0.0,"timestamp":1611026519,"path_taken":["M","M","M","M","M","E","?","R","T","?","?","?","E","?","R","BOSS","M","M","$","M","M","R","E","R","T","M","?","?","?","$","R","BOSS","M","M","M","$","?","R","E","M","T","R","M","?","R","?","R","BOSS"],"items_purchased_type":["Relic","Relic","Card","Card","Relic"],"build_version":"2020-12-18","purchased_purges":3,"victory":false,"max_hp_per_floor":[75,75,75,75,75,75,75,75,75,75,75,75,75,75,75,75,75,75,75,75,75,75,75,75,75,75,75,75,75,75,75,75,75,75,75,75,75,75,75,75,75,75,75,75,75,75,75,75,75,75,75],"relic_stats":{"counters":[27,78],"Astrolabe":["hermit:Dive","hermit:Coalescence","hermit:DeadMansHand"],"Whetstone":["hermit:WideOpen","hermit:Snapshot"],"Boot":[5],"Medical Kit":[0],"Smiling Mask":0,"Mercury Hourglass":[271],"Busted Crown":56,"Pantograph":72,"Prayer Wheel":19,"Turnip":[2],"Nloth\u0027s Gift":3,"obtain_stats":[{"Lantern":9,"Astrolabe":34,"EVO:Axolotl":0,"Whetstone":24,"Boot":13,"Medical Kit":31,"Smiling Mask":41,"Mercury Hourglass":6,"Busted Crown":17,"Pantograph":26,"Orrery":0,"Prayer Wheel":0,"Turnip":48,"Nloth\u0027s Gift":28,"hermit:Momento":0,"NlothsMask":30},{"Lantern":6,"Astrolabe":18,"EVO:Axolotl":0,"Whetstone":15,"Boot":9,"Medical Kit":17,"Smiling Mask":23,"Mercury Hourglass":6,"Busted Crown":10,"Pantograph":15,"Orrery":0,"Prayer Wheel":0,"Turnip":26,"Nloth\u0027s Gift":16,"hermit:Momento":0,"NlothsMask":17},{"Lantern":14,"Astrolabe":52,"EVO:Axolotl":0,"Whetstone":42,"Boot":19,"Medical Kit":47,"Smiling Mask":67,"Mercury Hourglass":14,"Busted Crown":30,"Pantograph":42,"Orrery":0,"Prayer Wheel":0,"Turnip":75,"Nloth\u0027s Gift":45,"hermit:Momento":0,"NlothsMask":47}]},"card_choices":[{"not_picked":["hermit:Brawl","hermit:WideOpen"],"picked":"hermit:Gambit","floor":0.0},{"not_picked":["hermit:CalledShot","hermit:Grudge"],"picked":"hermit:HoleUp","floor":0.0},{"not_picked":["hermit:Shortfuse","hermit:HighCaliber"],"picked":"hermit:CursedWeapon","floor":0.0},{"not_picked":["hermit:Quickdraw","hermit:PistolWhip"],"picked":"hermit:Manifest","floor":0.0},{"not_picked":["hermit:Desperado","hermit:BlackWind"],"picked":"hermit:Gestalt","floor":1},{"not_picked":["hermit:Virtue","hermit:Misfire"],"picked":"hermit:DeadMansHand","floor":1},{"not_picked":["hermit:Quickdraw","hermit:CalledShot"],"picked":"hermit:CursedWeapon","floor":2},{"not_picked":["hermit:Snipe","hermit:Midnight","hermit:LuckOfTheDraw"],"picked":"SKIP","floor":2},{"not_picked":["hermit:Gestalt","hermit:Snipe","hermit:LoneWolf"],"picked":"SKIP","floor":3},{"not_picked":["hermit:Roulette","hermit:SprayPray","hermit:Manifest"],"picked":"SKIP","floor":3},{"not_picked":["hermit:SprayPray","hermit:HoleUp"],"picked":"hermit:Virtue","floor":4},{"not_picked":["hermit:RoundhouseKick","hermit:Showdown","hermit:Dive"],"picked":"SKIP","floor":4},{"not_picked":["hermit:WideOpen","hermit:Quickdraw","hermit:BigShot"],"picked":"SKIP","floor":5},{"not_picked":["hermit:Showdown","hermit:LuckOfTheDraw","hermit:HighCaliber"],"picked":"SKIP","floor":5},{"not_picked":["hermit:TakeCover","hermit:BodyArmor","hermit:TakeAim"],"picked":"SKIP","floor":6},{"not_picked":["hermit:Quickdraw","hermit:Roulette","hermit:TakeAim"],"picked":"SKIP","floor":11},{"not_picked":["hermit:Vantage","hermit:Roulette","hermit:SprayPray"],"picked":"SKIP","floor":11},{"not_picked":["hermit:Snipe","hermit:Vantage"],"picked":"hermit:WideOpen","floor":12},{"not_picked":["hermit:Ricochet","hermit:Gestalt","hermit:Quickdraw"],"picked":"SKIP","floor":12},{"not_picked":["hermit:Midnight","hermit:CursedWeapon"],"picked":"hermit:EyeOfTheStorm","floor":13},{"not_picked":["hermit:OverwhelmingPower","hermit:EternalForm"],"picked":"hermit:FromBeyond","floor":16},{"not_picked":[],"picked":"hermit:CalledShot","floor":18},{"not_picked":["hermit:Feint"],"picked":"SKIP","floor":18},{"not_picked":[],"picked":"hermit:NoHoldsBarred+1","floor":19},{"not_picked":["hermit:Feint"],"picked":"SKIP","floor":19},{"not_picked":["hermit:HighCaliber"],"picked":"SKIP","floor":21},{"not_picked":["hermit:Roulette"],"picked":"SKIP","floor":21},{"not_picked":["hermit:CalledShot"],"picked":"SKIP","floor":22},{"not_picked":["hermit:Headshot"],"picked":"SKIP","floor":22},{"not_picked":["hermit:Shortfuse+1"],"picked":"SKIP","floor":24},{"not_picked":[],"picked":"hermit:DeadMansHand+1","floor":27},{"not_picked":["hermit:PistolWhip"],"picked":"SKIP","floor":27},{"not_picked":["hermit:Snipe"],"picked":"SKIP","floor":29},{"not_picked":["hermit:FinalCanter"],"picked":"SKIP","floor":29},{"not_picked":[],"picked":"hermit:HighNoon","floor":33},{"not_picked":["hermit:ShadowCloak+1"],"picked":"SKIP","floor":35},{"not_picked":["hermit:Quickdraw"],"picked":"SKIP","floor":35},{"not_picked":["hermit:Grudge"],"picked":"SKIP","floor":36},{"not_picked":["hermit:LowProfile+1"],"picked":"SKIP","floor":36},{"not_picked":["hermit:FinalCanter"],"picked":"SKIP","floor":37},{"not_picked":["hermit:Maintenance+1"],"picked":"SKIP","floor":37},{"not_picked":[],"picked":"hermit:Magnum","floor":39},{"not_picked":["hermit:Roulette"],"picked":"SKIP","floor":39},{"not_picked":["hermit:BodyArmor+1"],"picked":"SKIP","floor":41},{"not_picked":[],"picked":"hermit:HoleUp+1","floor":42},{"not_picked":["hermit:Headshot"],"picked":"SKIP","floor":42},{"not_picked":[],"picked":"hermit:Malice","floor":45},{"not_picked":["hermit:PistolWhip+1"],"picked":"SKIP","floor":45},{"not_picked":[],"picked":"hermit:PistolWhip+1","floor":45}],"player_experience":626762,"relics_obtained":[{"floor":6,"key":"Mercury Hourglass"},{"floor":9,"key":"Lantern"},{"floor":13,"key":"Boot"},{"floor":24,"key":"Whetstone"},{"floor":26,"key":"Pantograph"},{"floor":41,"key":"Smiling Mask"},{"floor":48,"key":"Turnip"}],"event_choices":[{"damage_healed":0,"gold_gain":75,"player_choice":"Gold","damage_taken":11,"max_hp_gain":0,"max_hp_loss":0,"event_name":"betterThird:BetterGoop","floor":7,"gold_loss":0},{"damage_healed":0,"gold_gain":0,"player_choice":"Damaged","damage_taken":7,"max_hp_gain":0,"max_hp_loss":0,"event_name":"Wheel of Change","floor":10,"gold_loss":0},{"damage_healed":25,"gold_gain":0,"player_choice":"Banana","damage_taken":0,"max_hp_gain":0,"max_hp_loss":0,"event_name":"Big Fish","floor":14,"gold_loss":0},{"damage_healed":0,"gold_gain":0,"player_choice":"Traded Relic","damage_taken":0,"relics_obtained":["Nloth\u0027s Gift"],"max_hp_gain":0,"max_hp_loss":0,"event_name":"N\u0027loth","floor":28,"relics_lost":["hermit:Momento"],"gold_loss":0},{"damage_healed":0,"gold_gain":0,"player_choice":"Trade","damage_taken":0,"relics_obtained":["NlothsMask"],"max_hp_gain":0,"max_hp_loss":0,"event_name":"FaceTrader","floor":30,"gold_loss":0},{"cards_removed":["hermit:CalledShot"],"damage_healed":0,"gold_gain":0,"player_choice":"Removed Attack","damage_taken":0,"max_hp_gain":0,"max_hp_loss":0,"event_name":"Falling","floor":46,"gold_loss":0},{"damage_healed":0,"gold_gain":0,"player_choice":"Fight","damage_taken":0,"max_hp_gain":0,"max_hp_loss":0,"event_name":"MindBloom","floor":48,"gold_loss":0}],"is_beta":true,"boss_relics":[{"not_picked":["Pandora\u0027s Box","hermit:ClaspedLocket"],"picked":"Busted Crown"},{"not_picked":["Coffee Dripper","Empty Cage"],"picked":"Astrolabe"}],"items_purged_floors":[0,20,20],"is_endless":false,"potions_floor_spawned":[1,4,5,6,22,24,27,33,35,39,42,48],"killed_by":"Time Eater","ascension_level":0}}