{"host":"4hkuu26ltn0le3bk","time":1611088827,"event":{"mods":["100% Spire Juice","Arknights The Spire","Astrologer","BaseMod","BetterRewards","Clockwork Mod","Colored Map","Colored Powertips","Downfall","Friendly Minions","Gremlin Mod","Hermit","Marisa????????","Minty Spire (QoL Compilation)","Quick Restart","StSLib","Td1madao Mod","The Bug Knight","The Construct","The Cursed","The Disciple","The Factory","The Hierophant","The Jungle","The Servant 0.9.4"],"gold_per_floor":[119,132,132,132,63,81,113,132,155,255,255,265,119,136,136,239,239,256,256,266,266,282,282,316,316,316,316,71,87,13,27,27,27,27],"floor_reached":33,"language":"ENG","playtime":2508,"items_purged":[],"score":267,"play_id":"f8e1b2c5-5f91-4422-a055-e37566a2080d","local_time":"20210119154027","is_ascension_mode":false,"campfire_choices":[{"floor":11,"key":"REST"},{"data":"hermit:Glare","floor":15,"key":"SMITH"},{"data":"hermit:FlashPowder","floor":23,"key":"SMITH"},{"floor":25,"key":"REST"},{"data":"hermit:FlashPowder","floor":27,"key":"SMITH"},{"floor":32,"key":"RECALL"}],"circlet_count":0,"master_deck":["hermit:Strike_Hermit","hermit:Strike_Hermit","hermit:Strike_Hermit","hermit:Strike_Hermit","hermit:Defend_Hermit","hermit:Defend_Hermit","hermit:Covet","hermit:Glare+1","hermit:Dissolve","hermit:EyeOfTheStorm","hermit:Determination","hermit:HighNoon","hermit:Quickdraw","hermit:FinalCanter","hermit:FlashPowder+1","hermit:LowProfile","hermit:Deadeye","hermit:FlashPowder+1","hermit:TakeCover","hermit:FullyLoaded+1","hermit:GhostlyPresence","hermit:FlashPowder"],"relics":["hermit:ClaspedLocket","Nunchaku","Vajra","Lee\u0027s Waffle","Bronze Scales","Question Card"],"acts_visited":["Exordium","TheCity"],"potions_floor_usage":[7,24,24,33],"damage_taken":[{"damage":0,"enemies":"2 Louse","floor":1,"turns":2},{"damage":3,"enemies":"Jaw Worm","floor":2,"turns":5},{"damage":6,"enemies":"Cultist","floor":6,"turns":3},{"damage":57,"enemies":"3 Sentries","floor":7,"turns":11},{"damage":4,"enemies":"3 Louse","floor":8,"turns":2},{"damage":8,"enemies":"Red Slaver","floor":12,"turns":3},{"damage":10,"enemies":"Looter","floor":14,"turns":4},{"damage":54,"enemies":"The Guardian","floor":16,"turns":10},{"damage":21,"enemies":"Spheric Guardian","floor":18,"turns":5},{"damage":12,"enemies":"3 Byrds","floor":20,"turns":8},{"damage":25,"enemies":"Centurion and Healer","floor":22,"turns":12},{"damage":24,"enemies":"Gremlin Leader","floor":24,"turns":9},{"damage":0,"enemies":"3 Cultists","floor":29,"turns":7},{"damage":3,"enemies":"Chosen and Byrds","floor":31,"turns":6},{"damage":44,"enemies":"Automaton","floor":33,"turns":6}],"seed_played":"3212149254852416736","potions_obtained":[{"floor":1,"key":"LiquidBronze"},{"floor":8,"key":"Strength Potion"},{"floor":16,"key":"hermit:Eclipse"},{"floor":20,"key":"Strength Potion"},{"floor":29,"key":"Dexterity Potion"},{"floor":31,"key":"Weak Potion"}],"is_trial":false,"path_per_floor":["M","M","?","?","$","M","E","M","T","?","R","M","$","M","R","B",null,"M","?","M","?","M","R","E","R","T","R","$","M","$","M","R","B"],"character_chosen":"HERMIT","items_purchased":["hermit:EyeOfTheStorm","Lee\u0027s Waffle","Question Card","hermit:GhostlyPresence"],"campfire_rested":2,"item_purchase_floors":[5,13,28,30],"current_hp_per_floor":[82,79,72,72,72,66,9,5,5,5,29,21,89,79,79,25,89,69,69,58,58,36,36,12,38,38,38,38,38,38,36,36,0,0],"gold":27,"neow_bonus":"TEN_PERCENT_HP_BONUS","is_daily":false,"chose_seed":false,"campfire_upgraded":3,"win_rate":0.0,"timestamp":1611088827,"path_taken":["M","M","?","?","$","M","E","M","T","?","R","M","$","?","R","BOSS","M","?","M","?","?","R","E","R","T","R","$","M","?","M","R","BOSS"],"items_purchased_type":["Card","Relic","Relic","Card"],"build_version":"2020-12-22","purchased_purges":0,"victory":false,"max_hp_per_floor":[82,82,82,82,82,82,82,82,82,82,82,82,89,89,89,89,89,89,89,89,89,89,89,89,89,89,89,89,89,89,89,89,89,89],"card_choices":[{"not_picked":["hermit:Roulette","hermit:Ricochet"],"picked":"hermit:TakeAim","floor":1},{"not_picked":["hermit:BodyArmor","hermit:LowProfile"],"picked":"hermit:Glare","floor":2},{"not_picked":["hermit:Coalescence","hermit:Manifest","hermit:Roulette"],"picked":"SKIP","floor":6},{"not_picked":["hermit:Brawl","hermit:ShadowCloak"],"picked":"hermit:Determination","floor":7},{"not_picked":["hermit:Deadeye","hermit:Determination"],"picked":"hermit:HighNoon","floor":8},{"not_picked":["hermit:Snipe","hermit:PistolWhip"],"picked":"hermit:Quickdraw","floor":12},{"not_picked":["hermit:Ricochet","hermit:CalledShot","hermit:LuckOfTheDraw"],"picked":"SKIP","floor":14},{"not_picked":["hermit:Adapt","hermit:HeroicBravado"],"picked":"hermit:FinalCanter","floor":16},{"not_picked":["hermit:Brawl","hermit:SprayPray"],"picked":"hermit:FlashPowder","floor":18},{"not_picked":["hermit:NoHoldsBarred","hermit:TakeAim+1","hermit:Brawl"],"picked":"SKIP","floor":20},{"not_picked":["hermit:TrackingShot","hermit:HoleUp"],"picked":"hermit:TakeCover","floor":22},{"not_picked":["hermit:Roulette","hermit:CursedWeapon+1"],"picked":"hermit:FullyLoaded+1","floor":24},{"not_picked":["hermit:Feint","hermit:Spite+1","hermit:Snipe","hermit:Determination"],"picked":"SKIP","floor":29},{"not_picked":["hermit:Manifest","hermit:BigShot","hermit:HighCaliber"],"picked":"hermit:FlashPowder","floor":31}],"player_experience":244057,"relics_obtained":[{"floor":7,"key":"Nunchaku"},{"floor":9,"key":"Vajra"},{"floor":24,"key":"Bronze Scales"}],"event_choices":[{"cards_removed":["hermit:Defend_Hermit"],"damage_healed":0,"gold_gain":0,"player_choice":"Card Removal","damage_taken":7,"max_hp_gain":0,"max_hp_loss":0,"event_name":"Golden Wing","floor":3,"gold_loss":0},{"damage_healed":0,"gold_gain":0,"cards_transformed":["hermit:Defend_Hermit"],"player_choice":"Change","damage_taken":0,"max_hp_gain":0,"max_hp_loss":0,"event_name":"Living Wall","floor":4,"gold_loss":0,"cards_obtained":["hermit:Dissolve"]},{"damage_healed":0,"gold_gain":100,"player_choice":"Gold","damage_taken":0,"max_hp_gain":0,"max_hp_loss":0,"event_name":"Wheel of Change","floor":10,"gold_loss":0},{"damage_healed":0,"gold_gain":0,"cards_transformed":["hermit:TakeAim","hermit:Snapshot"],"player_choice":"Became Test Subject","damage_taken":0,"max_hp_gain":0,"max_hp_loss":0,"event_name":"Drug Dealer","floor":19,"gold_loss":0,"cards_obtained":["hermit:LowProfile","hermit:Deadeye"]},{"damage_healed":0,"gold_gain":0,"player_choice":"Copied","damage_taken":0,"max_hp_gain":0,"max_hp_loss":0,"event_name":"Duplicator","floor":21,"gold_loss":0,"cards_obtained":["hermit:FlashPowder"]}],"is_beta":false,"boss_relics":[{"not_picked":["construct:WeddingRing","SlaversCollar"],"picked":"hermit:ClaspedLocket"}],"items_purged_floors":[],"is_endless":false,"potions_floor_spawned":[1,8,16,20,29,31],"killed_by":"Automaton","ascension_level":0}}