{"host":"owfagvjreo3l000m","time":1611084881,"event":{"mods":["BaseMod","Hermit","Hubris","Minty Spire (QoL Compilation)","Replay The Spire","StSLib","The Cursed"],"gold_per_floor":[115,206,206,33,53,53,85,85,85,85,105,138,138,151,151,248,248,259,276,276,294,644,679,679,709,736,750,768,768,788,735,735,838,838,856,873,873,885,600,600,610,610,610,640,424,474,474,500,552,552],"floor_reached":51,"language":"ENG","playtime":4615,"items_purged":[],"score":878,"play_id":"6d412139-af25-4adf-9cfb-cc8b90052cd3","local_time":"20210119143441","is_ascension_mode":false,"campfire_choices":[{"data":"hermit:Vantage","floor":6.0,"key":"SMITH"},{"data":"hermit:CalledShot","floor":8.0,"key":"SMITH"},{"data":"hermit:FatalDesire","floor":13.0,"key":"SMITH"},{"data":"hermit:Vantage","floor":15.0,"key":"SMITH"},{"floor":24.0,"key":"REST"},{"floor":32.0,"key":"REST"},{"floor":40.0,"key":"REST"},{"floor":47.0,"key":"REST"}],"circlet_count":0,"master_deck":["hermit:Strike_Hermit","hermit:Strike_Hermit+1","hermit:Strike_Hermit","hermit:Strike_Hermit","hermit:Defend_Hermit","hermit:Defend_Hermit","hermit:Defend_Hermit","hermit:Defend_Hermit","hermit:Snapshot","hermit:Covet","hermit:TrackingShot","ReplayTheSpireMod:Splinters","hermit:WideOpen+1","hermit:Vantage+1","hermit:Gestalt","hermit:CalledShot+1","hermit:Vantage+1","hermit:PistolWhip","hermit:WideOpen","hermit:FatalDesire+1","hermit:FlashPowder","hermit:Reprieve","hermit:TakeAim","hermit:Manifest","hermit:PistolWhip+1","Delirium","ReplayTheSpireMod:Splinters","Decay","hermit:Adapt+1","hermit:Maintenance","hermit:BigShot","hermit:Maintenance","hermit:Headshot+1","hermit:RoundhouseKick+1","hermit:ItchyTrigger+1","Writhe","hermit:Grudge+1","hermit:LowProfile+1","hermit:Maintenance+1","hermit:Headshot+1","hubris:Wrath","hermit:Manifest+1","Injury","CommonCold","Regret"],"relics":["hermit:Momento","NeowsBlessing","Oddly Smooth Stone","Pen Nib","hubris:DisguiseKit","Smiling Mask","Runic Dome","Ring of Panic","Ring of Greed","Golden Egg","Old Coin","Replay:Baseball","Replay:Accelerometer","Omamori","ChewingGum","Snack Pack","Whetstone","Replay:Rubber Ducky","Membership Card","Blood Vial","hubris:FunFungus","Pet Ghost","Dead Branch"],"acts_visited":["Exordium","TheCity","TheBeyond"],"potions_floor_usage":[50,50],"damage_taken":[{"damage":0.0,"enemies":"2 Louse","floor":1.0,"turns":1.0},{"damage":0.0,"enemies":"Jaw Worm","floor":5.0,"turns":1.0},{"damage":0.0,"enemies":"Lagavulin","floor":7.0,"turns":1.0},{"damage":2.0,"enemies":"Cultist","floor":11.0,"turns":2.0},{"damage":4.0,"enemies":"Gremlin Nob","floor":12.0,"turns":4.0},{"damage":2.0,"enemies":"Exordium Wildlife","floor":14.0,"turns":4.0},{"damage":23.0,"enemies":"Fading Forest","floor":16.0,"turns":11.0},{"damage":7.0,"enemies":"Shell Parasite","floor":18.0,"turns":5.0},{"damage":16.0,"enemies":"Chosen","floor":19.0,"turns":6.0},{"damage":11.0,"enemies":"3 Cultists","floor":21.0,"turns":7.0},{"damage":22.0,"enemies":"Replay:Snechameleon","floor":23.0,"turns":7.0},{"damage":26.0,"enemies":"Slavers","floor":25.0,"turns":9.0},{"damage":8.0,"enemies":"Shelled Parasite and Fungi","floor":27.0,"turns":5.0},{"damage":12.0,"enemies":"Centurion and Healer","floor":28.0,"turns":7.0},{"damage":23.0,"enemies":"Cultist and Chosen","floor":30.0,"turns":10.0},{"damage":18.0,"enemies":"Automaton","floor":33.0,"turns":11.0},{"damage":33.0,"enemies":"3 Darklings","floor":35.0,"turns":7.0},{"damage":12.0,"enemies":"3 Shapes","floor":36.0,"turns":5.0},{"damage":46.0,"enemies":"Transient","floor":38.0,"turns":5.0},{"damage":35.0,"enemies":"Writhing Mass","floor":41.0,"turns":5.0},{"damage":4.0,"enemies":"R_Hoarder","floor":44.0,"turns":11.0},{"damage":30.0,"enemies":"Mind Bloom Boss Battle","floor":46.0,"turns":8.0},{"damage":2.0,"enemies":"Giant Head","floor":48.0,"turns":9.0},{"damage":14,"enemies":"2 Orb Walkers","floor":49,"turns":7},{"damage":38,"enemies":"Time Eater","floor":50,"turns":12}],"seed_played":"-3294449152688804040","potions_obtained":[{"floor":5.0,"key":"DuplicationPotion"},{"floor":7.0,"key":"Explosive Potion"},{"floor":11.0,"key":"Explosive Potion"},{"floor":19.0,"key":"LifebloodPotion"},{"floor":20.0,"key":"Block Potion"},{"floor":21.0,"key":"Reflective Coating"},{"floor":25.0,"key":"SpeedPotion"},{"floor":28.0,"key":"Fruit Juice"},{"floor":36.0,"key":"LiquidBronze"},{"floor":49,"key":"PowerPotion"}],"is_trial":false,"path_per_floor":["M","?","$","$","M","R","E","R","T","?","M","E","R","M","R","B",null,"M","M","?","M","?","E","R","E","T","M","M","$","M","$","R","B",null,"M","M","?","M","$","R","M","?","T","E","$","?","R","E","R","B",null],"character_chosen":"HERMIT","items_purchased":["Oddly Smooth Stone","hermit:CalledShot","hermit:Headshot","hermit:Grudge","Snack Pack","Membership Card","Blood Vial"],"campfire_rested":4,"item_purchase_floors":[4,4,31,39,39,45,45],"current_hp_per_floor":[75,75,75,75,75,75,75,75,75,75,73,69,69,67,67,48,75,68,64,64,65,65,43,65,67,67,59,64,64,41,41,65,63,80,47,35,55,21,21,45,38,41,41,49,49,37,61,82,72,50],"gold":552,"neow_bonus":"THREE_ENEMY_KILL","is_daily":false,"chose_seed":false,"campfire_upgraded":4,"win_rate":0.0,"timestamp":1611084881,"path_taken":["M","?","?","$","?","R","E","R","T","?","?","E","R","M","R","BOSS","M","?","?","?","?","E","R","E","T","M","M","$","M","?","R","BOSS","M","M","?","M","$","R","M","?","T","E","$","?","R","E","R","BOSS"],"items_purchased_type":["Relic","Card","Card","Card","Relic","Relic","Relic"],"build_version":"2020-12-22","purchased_purges":0,"victory":true,"max_hp_per_floor":[75,75,75,75,75,75,75,75,75,75,75,75,75,75,75,75,75,75,75,75,75,75,75,75,75,75,75,80,80,80,80,80,80,80,80,80,80,80,80,80,80,83,83,83,83,83,83,83,83,83],"card_choices":[{"not_picked":["hermit:WideOpen","hermit:Virtue"],"picked":"hermit:TrackingShot","floor":1.0},{"not_picked":["hermit:SprayPray","hermit:Desperado"],"picked":"hermit:WideOpen","floor":2.0},{"not_picked":["hermit:Glare","hermit:Ricochet"],"picked":"hermit:Vantage","floor":2.0},{"not_picked":["hermit:ShadowCloak","hermit:Horror"],"picked":"hermit:Gestalt","floor":2.0},{"not_picked":["hermit:WideOpen","hermit:Purgatory"],"picked":"hermit:Vantage","floor":5.0},{"not_picked":["hermit:SprayPray","hermit:Vantage"],"picked":"hermit:PistolWhip","floor":7.0},{"not_picked":["hermit:CalledShot","hermit:Desperado","TheCursedMod:RapidMovement"],"picked":"hermit:WideOpen","floor":11.0},{"not_picked":["hermit:NoHoldsBarred","hermit:Desperado","TheCursedMod:CursedMace"],"picked":"hermit:FatalDesire","floor":12.0},{"not_picked":["hermit:SprayPray","hermit:LuckOfTheDraw","TheCursedMod:FleshFromBone"],"picked":"hermit:FlashPowder","floor":14.0},{"not_picked":["hermit:DeadOrAlive","hermit:Dissolve","TheCursedMod:ShockAndAwe"],"picked":"hermit:Reprieve","floor":16.0},{"not_picked":["hermit:Scavenge","hermit:FlashPowder","TheCursedMod:Stretching"],"picked":"hermit:TakeAim","floor":18.0},{"not_picked":["hermit:Desperado","hermit:TrackingShot+1","TheCursedMod:Evocation"],"picked":"hermit:Manifest","floor":19.0},{"not_picked":["hermit:WideOpen","hermit:TakeAim","TheCursedMod:TroublousMinions"],"picked":"hermit:PistolWhip+1","floor":21.0},{"not_picked":["hermit:Quickdraw","hermit:Coalescence","hermit:BodyArmor","TheCursedMod:Obscuration"],"picked":"SKIP","floor":23.0},{"not_picked":["hermit:CalledShot","hermit:NoHoldsBarred","TheCursedMod:FleshFromBone"],"picked":"hermit:Adapt","floor":25.0},{"not_picked":["hermit:Vantage","hermit:Gestalt","TheCursedMod:Wield"],"picked":"hermit:Maintenance","floor":27.0},{"not_picked":["hermit:LowProfile","hermit:Feint+1","TheCursedMod:RavingStaff"],"picked":"hermit:BigShot","floor":28.0},{"not_picked":["hermit:TakeAim+1","hermit:SprayPray","TheCursedMod:VitalStrike"],"picked":"hermit:Maintenance","floor":30.0},{"not_picked":["hermit:EternalForm","hermit:DeadOrAlive","TheCursedMod:CollectTribute"],"picked":"hermit:RoundhouseKick","floor":33.0},{"not_picked":["hermit:NoHoldsBarred+1","hermit:LuckOfTheDraw","TheCursedMod:CursedShiv"],"picked":"hermit:ItchyTrigger+1","floor":35.0},{"not_picked":["hermit:LoneWolf+1","hermit:Manifest","hermit:EyeOfTheStorm","TheCursedMod:Stretching"],"picked":"SKIP","floor":36.0},{"not_picked":["hermit:Scavenge","hermit:Coalescence+1","hermit:Enervate+1","TheCursedMod:RavingStaff"],"picked":"SKIP","floor":38.0},{"not_picked":["hermit:SprayPray","hermit:Glare","TheCursedMod:CircleOfFlame"],"picked":"hermit:LowProfile+1","floor":41.0},{"not_picked":["hermit:TrackingShot+1","hermit:BodyArmor+1","TheCursedMod:Stretching"],"picked":"hermit:Maintenance+1","floor":44.0},{"not_picked":["hermit:WideOpen+1","hermit:FullyLoaded","TheCursedMod:FleshFromBone"],"picked":"hermit:Headshot+1","floor":46.0},{"not_picked":["hermit:BigShot","hermit:Quickdraw+1","TheCursedMod:DemonicPact"],"picked":"hermit:Manifest+1","floor":48.0}],"player_experience":593816,"relics_obtained":[{"floor":7.0,"key":"Pen Nib"},{"floor":9.0,"key":"hubris:DisguiseKit"},{"floor":12.0,"key":"Smiling Mask"},{"floor":22.0,"key":"Ring of Panic"},{"floor":22.0,"key":"Ring of Greed"},{"floor":22.0,"key":"Golden Egg"},{"floor":22.0,"key":"Old Coin"},{"floor":23.0,"key":"Replay:Baseball"},{"floor":25.0,"key":"Replay:Accelerometer"},{"floor":26.0,"key":"Omamori"},{"floor":43.0,"key":"Whetstone"},{"floor":44.0,"key":"Replay:Rubber Ducky"},{"floor":46.0,"key":"hubris:FunFungus"},{"floor":48.0,"key":"Pet Ghost"},{"floor":49,"key":"Dead Branch"}],"event_choices":[{"damage_healed":0.0,"max_hp_gain":0.0,"max_hp_loss":0.0,"gold_gain":0.0,"event_name":"Match and Keep!","player_choice":"0 cards matched","floor":10.0,"gold_loss":0.0,"damage_taken":0.0,"cards_obtained":[]},{"damage_healed":0.0,"max_hp_gain":0.0,"max_hp_loss":0.0,"gold_gain":0.0,"event_name":"Lab","player_choice":"Got Potions","floor":20.0,"gold_loss":0.0,"damage_taken":0.0},{"damage_healed":20.0,"max_hp_gain":0.0,"max_hp_loss":0.0,"gold_gain":0.0,"event_name":"Winding Halls","player_choice":"Writhe","floor":37.0,"gold_loss":0.0,"damage_taken":0.0,"cards_obtained":["Writhe"]},{"damage_healed":0.0,"max_hp_gain":0.0,"max_hp_loss":0.0,"gold_gain":0.0,"event_name":"MindBloom","player_choice":"Fight","floor":46.0,"gold_loss":0.0,"damage_taken":0.0},{"damage_healed":0,"gold_gain":0,"player_choice":"Fight","damage_taken":0,"max_hp_gain":0,"max_hp_loss":0,"event_name":"Mysterious Sphere","floor":49,"gold_loss":0}],"is_beta":false,"boss_relics":[{"not_picked":["hubris:CrackedHourglass","Painkiller Herb"],"picked":"Runic Dome"},{"not_picked":["Coffee Dripper","Pandora\u0027s Box"],"picked":"ChewingGum"}],"items_purged_floors":[],"is_endless":false,"potions_floor_spawned":[5,7,11,12,19,21,25,28,36,46,49],"ascension_level":0}}