{"host":"J","time":1611088096,"event":{"mods":["BaseMod","Better Third Choice","Minty Spire (QoL Compilation)","StSLib"],"gold_per_floor":[112,127,146,156,173,173,206,218,244,64,64,75,92,118,118,195,195,206,229,229,11,21,47,47,76,125,135,135,50,50,68,68,146,146,158,183,238,238,238],"floor_reached":38,"language":"ENG","playtime":1444,"items_purged":["Defend_P"],"score":952,"play_id":"541e96f9-b236-4d60-a5ba-dac3dc29f342","local_time":"20210119212816","is_ascension_mode":true,"campfire_choices":[{"data":"SashWhip","floor":6.0,"key":"SMITH"},{"floor":11.0,"key":"REST"},{"data":"Wallop","floor":15.0,"key":"SMITH"},{"data":"Meditate","floor":24,"key":"SMITH"},{"floor":28,"key":"REST"},{"data":"DevaForm","floor":32,"key":"SMITH"}],"circlet_count":0,"master_deck":["AscendersBane","Eruption","Vigilance","Consecrate+1","SashWhip+1","BowlingBash+1","Wallop+1","Adaptation","WheelKick","ThirdEye","FlurryOfBlows","DevaForm+1","Ragnarok","EmptyBody","Sanctity","MentalFortress","Tantrum","Tantrum","Tantrum","Indignation","Meditate+1","EmptyFist","LikeWater","Blasphemy","TalkToTheHand"],"relics":["PureWater","Bottled Tornado","Art of War","Yang","Pandora\u0027s Box","Regal Pillow","Sling","Whetstone","Strawberry","Bag of Preparation","Bag of Marbles","Cursed Key","Torii","WingedGreaves"],"acts_visited":["Exordium","TheCity","TheBeyond"],"potions_floor_usage":[23,33,37],"damage_taken":[{"damage":2.0,"enemies":"Cultist","floor":1.0,"turns":4.0},{"damage":0.0,"enemies":"2 Louse","floor":2.0,"turns":2.0},{"damage":2.0,"enemies":"Jaw Worm","floor":3.0,"turns":3.0},{"damage":0.0,"enemies":"Large Slime","floor":4.0,"turns":5.0},{"damage":7.0,"enemies":"2 Fungi Beasts","floor":5.0,"turns":3.0},{"damage":25.0,"enemies":"Lagavulin","floor":7.0,"turns":5.0},{"damage":17.0,"enemies":"Exordium Thugs","floor":8.0,"turns":3.0},{"damage":2.0,"enemies":"3 Louse","floor":12.0,"turns":3.0},{"damage":0.0,"enemies":"2 Fungi Beasts","floor":13.0,"turns":3.0},{"damage":0.0,"enemies":"Gremlin Nob","floor":14.0,"turns":2.0},{"damage":14.0,"enemies":"The Guardian","floor":16.0,"turns":11.0},{"damage":0.0,"enemies":"2 Thieves","floor":18.0,"turns":1.0},{"damage":1,"enemies":"Chosen","floor":22,"turns":3},{"damage":0,"enemies":"Slavers","floor":23,"turns":3},{"damage":33,"enemies":"Gremlin Leader","floor":25,"turns":5},{"damage":0,"enemies":"Snake Plant","floor":27,"turns":5},{"damage":0,"enemies":"Cultist and Chosen","floor":31,"turns":3},{"damage":37,"enemies":"Collector","floor":33,"turns":8},{"damage":4,"enemies":"Orb Walker","floor":35,"turns":2},{"damage":6,"enemies":"Mind Bloom Boss Battle","floor":36,"turns":7},{"damage":12,"enemies":"2 Orb Walkers","floor":37,"turns":2},{"damage":100034,"enemies":"3 Shapes","floor":38,"turns":8}],"seed_played":"3203008324756269147","potions_obtained":[{"floor":0.0,"key":"CultistPotion"},{"floor":0.0,"key":"PowerPotion"},{"floor":2.0,"key":"DuplicationPotion"},{"floor":4.0,"key":"AttackPotion"},{"floor":7.0,"key":"ColorlessPotion"},{"floor":13.0,"key":"BlessingOfTheForge"},{"floor":14.0,"key":"ColorlessPotion"},{"floor":22,"key":"DistilledChaos"},{"floor":31,"key":"PowerPotion"},{"floor":37,"key":"Dexterity Potion"}],"is_trial":false,"path_per_floor":["M","M","M","M","M","R","E","M","T","$","R","M","M","E","R","B",null,"M","T","?","$","M","E","R","E","T","M","R","?","$","M","R","B",null,"M","?","?","M"],"character_chosen":"WATCHER","items_purchased":["FlurryOfBlows","FearPotion","Sling","SteroidPotion"],"campfire_rested":2,"item_purchase_floors":[10,10,21,21],"current_hp_per_floor":[59,59,57,57,50,50,25,8,8,8,28,26,26,26,26,12,54,54,54,54,54,53,53,53,27,27,27,64,64,64,64,64,27,63,59,53,41,0,0],"gold":238,"neow_bonus":"THREE_SMALL_POTIONS","is_daily":false,"chose_seed":false,"campfire_upgraded":4,"win_rate":0.0,"timestamp":1611088096,"path_taken":["M","M","?","M","M","R","E","M","T","$","R","M","M","E","R","BOSS","M","?","?","?","M","E","R","E","T","M","R","?","$","M","R","BOSS","M","?","?","?"],"items_purchased_type":["Card","Potion","Relic","Potion"],"build_version":"2020-12-18","purchased_purges":1,"victory":false,"max_hp_per_floor":[68,68,68,68,68,68,68,68,68,68,68,68,68,68,68,68,68,68,68,68,68,68,68,68,75,75,75,75,75,75,75,75,75,75,75,75,75,75,75],"card_choices":[{"not_picked":["Nirvana","ReachHeaven"],"picked":"Consecrate","floor":1.0},{"not_picked":["CrushJoints","EmptyBody"],"picked":"SashWhip","floor":2.0},{"not_picked":["ClearTheMind","EmptyBody"],"picked":"BowlingBash","floor":3.0},{"not_picked":["Protect","FollowUp"],"picked":"Wallop","floor":4.0},{"not_picked":["ClearTheMind","Wish"],"picked":"Adaptation","floor":5.0},{"not_picked":["Study","JustLucky"],"picked":"WheelKick","floor":7.0},{"not_picked":["PathToVictory","Protect"],"picked":"ThirdEye","floor":8.0},{"not_picked":["ThirdEye","SpiritShield","PathToVictory"],"picked":"SKIP","floor":12.0},{"not_picked":["Indignation","Prostrate","ThirdEye"],"picked":"SKIP","floor":13.0},{"not_picked":["Omniscience","EmptyMind"],"picked":"DevaForm","floor":14.0},{"not_picked":["SpiritShield","Brilliance"],"picked":"Ragnarok","floor":16.0},{"not_picked":["SashWhip","WreathOfFlame+1","FollowUp"],"picked":"SKIP","floor":18.0},{"not_picked":["Nirvana+1","JustLucky+1"],"picked":"EmptyFist","floor":22},{"not_picked":["Weave","Swivel"],"picked":"LikeWater","floor":23},{"not_picked":["Alpha","JustLucky","Prostrate+1"],"picked":"SKIP","floor":25},{"not_picked":["CrushJoints","PathToVictory","Consecrate"],"picked":"SKIP","floor":27},{"not_picked":["EmptyBody","ForeignInfluence","Brilliance"],"picked":"SKIP","floor":31},{"not_picked":["Brilliance","Ragnarok"],"picked":"Blasphemy","floor":33},{"not_picked":["BowlingBash","Evaluate"],"picked":"TalkToTheHand","floor":35}],"player_experience":1098485,"relics_obtained":[{"floor":7.0,"key":"Bottled Tornado"},{"floor":9.0,"key":"Art of War"},{"floor":14.0,"key":"Yang"},{"floor":19.0,"key":"Regal Pillow"},{"floor":23,"key":"Whetstone"},{"floor":25,"key":"Strawberry"},{"floor":26,"key":"Bag of Preparation"},{"floor":36,"key":"Torii"},{"floor":37,"key":"WingedGreaves"}],"event_choices":[{"damage_healed":0.0,"max_hp_gain":0.0,"max_hp_loss":0.0,"gold_gain":0.0,"event_name":"The Library","player_choice":"Read","floor":20.0,"gold_loss":0.0,"damage_taken":0.0,"cards_obtained":["Meditate"]},{"damage_healed":0,"gold_gain":0,"player_choice":"Obtained Relic","damage_taken":0,"relics_obtained":["Bag of Marbles"],"max_hp_gain":0,"max_hp_loss":0,"event_name":"Addict","floor":29,"gold_loss":85},{"damage_healed":0,"gold_gain":0,"player_choice":"Fight","damage_taken":0,"max_hp_gain":0,"max_hp_loss":0,"event_name":"MindBloom","floor":36,"gold_loss":0},{"damage_healed":0,"gold_gain":0,"player_choice":"Fight","damage_taken":0,"max_hp_gain":0,"max_hp_loss":0,"event_name":"Mysterious Sphere","floor":37,"gold_loss":0}],"is_beta":true,"boss_relics":[{"not_picked":["Busted Crown","Snecko Eye"],"picked":"Pandora\u0027s Box"},{"not_picked":["Runic Pyramid","SacredBark"],"picked":"Cursed Key"}],"items_purged_floors":[10],"is_endless":false,"potions_floor_spawned":[2,4,7,13,14,22,31,37],"killed_by":"3 Shapes","ascension_level":20}}