{"host":"o45pub5gu8r0pufv","time":1611024258,"event":{"mods":["2.2 Compatiblity","Aspiration","Astrologer","BaseMod","Better Altar","Better Match","Better Note","Better Sensory Stone","Better Skull","Better Third Choice","BetterRewards","CCEM","Colored Map","Conspire","Downfall","Energized Spire","Glutton Mod","GungeonMod","Halation","Highlight Path","Hubris","Infinite Spire","Lobotomy","Mad Scientist","Mimic Mod","Minty Spire (QoL Compilation)","Random Character Button","Rare Cards Sparkle","Shop Mod","Spicy Shops","StSLib","The Bug Knight","The Cursed","The Gatherer","The Runesmith","The Sage","TheFirefly","everything is the same but u backflip on backflip"],"gold_per_floor":[99,99,99,99,99,549,579,590,618,630,664,464,499,599,614,717,717,717,728,16,34,4,15,46,109,109,170,181,212,272,292,302,400,400,400,419,439,489,502,502,542,205,105,184,234,252,252,252],"floor_reached":47,"language":"ENG","playtime":5595,"items_purged":["Decay","downfall:Icky","downfall:Icky","downfall:Icky","bronze:Strike"],"score":642,"play_id":"d46f766e-3cd0-4d47-9b35-4c6601b6b998","local_time":"20210118174418","is_ascension_mode":false,"campfire_choices":[{"floor":1.0,"key":"RECALL"},{"data":"bronze:Flail","floor":12.0,"key":"SMITH"},{"data":"bronze:Format","floor":18.0,"key":"SMITH"},{"data":"Clumsy","floor":35.0,"key":"SMITH"},{"data":"Shame","floor":40.0,"key":"SMITH"},{"data":"bronze:Shell","floor":43.0,"key":"SMITH"}],"circlet_count":1,"master_deck":["bronze:Strike","bronze:Defend","bronze:Defend+1","bronze:Defend","bronze:Replicate","bronze:Goto+1","bronze:OilSpill","bronze:Branch","bronze:Flail+1","Bandage Up+1","bronze:ItsAFeature","bronze:Iterate","bronze:Turbo","bronze:Safeguard","bronze:Allocate","bronze:HardenedForm","bronze:Iterate","bronze:FineTuning","bronze:Format+1","bronze:HyperBeam+1","bronze:ThunderWave+1","bronze:Allocate+1","bronze:ChosenStrike","bronze:Repulsor","bronze:ChosenStrike","bronze:GetLatest+1","bronze:Return+1","bronze:BugBarrage","bronze:Deprecate","bronze:Shell+1","bronze:Repulsor+1","bronze:Return","bronze:Boost+1","bronze:BronzeOrb","bronze:Assembly","bronze:Format+1","Madness+1","bronze:Flail+1","bronze:Boost+1","bronze:Shell+1","bronze:ChosenStrike","expansioncontent:DashGenerateEvil"],"relics":["bronze:BronzeCore","downfall:HeartsMalice","Orichalcum","DemoMod:WhiteGuonStone","infinitespire:CursedDice","downfall:HeartBlessingRed","downfall:HeartBlessingGreen","StrikeDummy","downfall:CloakOfManyFaces","CultistMask","FaceOfCleric","NlothsMask","GremlinMask","SsserpentHead","Membership Card","halation:PrussianBluePaint","Toolbox","hubris:PeanutButter","halation:PromiseList","bronze:ProtectiveGoggles","hubris:TinFlute","Circlet","DemoMod:GlassGuonStoneRelic","Juzu Bracelet","Guardian:PocketSentry","halation:Jellyphish","MerchantsRug","downfall:HeartBlessingBlue","War Paint","DemoMod:PoisonVial"],"acts_visited":["Exordium","TheCity","TheBeyond"],"potions_floor_usage":[],"damage_taken":[{"damage":0.0,"enemies":"Small Slimes","floor":2.0,"turns":1.0},{"damage":0.0,"enemies":"2 Louse","floor":3.0,"turns":1.0},{"damage":0.0,"enemies":"Cultist","floor":4.0,"turns":1.0},{"damage":0.0,"enemies":"Large Slime","floor":7.0,"turns":7.0},{"damage":7.0,"enemies":"Large Slime","floor":8.0,"turns":6.0},{"damage":16.0,"enemies":"Gremlin Nob","floor":9.0,"turns":5.0},{"damage":0.0,"enemies":"Lots of Slimes","floor":10.0,"turns":2.0},{"damage":0.0,"enemies":"3 Sentries","floor":11.0,"turns":4.0},{"damage":1.0,"enemies":"Lagavulin","floor":13.0,"turns":7.0},{"damage":4.0,"enemies":"downfall:FaceTrader","floor":14.0,"turns":8.0},{"damage":6.0,"enemies":"Red Slaver","floor":15.0,"turns":4.0},{"damage":27.0,"enemies":"IC_STATUS_ARCHETYPE","floor":16.0,"turns":9.0},{"damage":3.0,"enemies":"Spheric Guardian","floor":19.0,"turns":5.0},{"damage":2.0,"enemies":"downfall:FleeingMerchant","floor":20.0,"turns":4.0},{"damage":0.0,"enemies":"Shell Parasite","floor":21.0,"turns":5.0},{"damage":0.0,"enemies":"downfall:FleeingMerchant","floor":22.0,"turns":4.0},{"damage":0.0,"enemies":"Centurion and Healer","floor":23.0,"turns":6.0},{"damage":0.0,"enemies":"conspire:HollyBat","floor":24.0,"turns":5.0},{"damage":6.0,"enemies":"conspire:HollyBat","floor":25.0,"turns":7.0},{"damage":8.0,"enemies":"Snake Plant","floor":27.0,"turns":6.0},{"damage":0.0,"enemies":"Centurion and Healer","floor":28.0,"turns":5.0},{"damage":40.0,"enemies":"conspire:SneckoGhost","floor":29.0,"turns":8.0},{"damage":0.0,"enemies":"Shelled Parasite and Fungi","floor":30.0,"turns":3.0},{"damage":0.0,"enemies":"Snake Plant","floor":31.0,"turns":4.0},{"damage":0.0,"enemies":"Snecko","floor":32.0,"turns":5.0},{"damage":51.0,"enemies":"SI_MIRROR_ARCHETYPE","floor":33.0,"turns":11.0},{"damage":22.0,"enemies":"3 Darklings","floor":36.0,"turns":6.0},{"damage":0.0,"enemies":"Orb Walker","floor":37.0,"turns":3.0},{"damage":0.0,"enemies":"3 Darklings","floor":39.0,"turns":5.0},{"damage":0.0,"enemies":"Jaw Worm Horde","floor":41.0,"turns":7.0},{"damage":0.0,"enemies":"downfall:FleeingMerchant","floor":42.0,"turns":5.0},{"damage":0.0,"enemies":"conspire:MimicChest","floor":44.0,"turns":5.0},{"damage":0.0,"enemies":"Jaw Worm Horde","floor":46.0,"turns":2.0},{"damage":0,"enemies":"4 Shapes","floor":47,"turns":1}],"seed_played":"3936821805934094951","potions_obtained":[{"floor":8.0,"key":"Dexterity Potion"},{"floor":11.0,"key":"Guardian:BlockOnCardUsePotion"},{"floor":13.0,"key":"SteroidPotion"},{"floor":15.0,"key":"Energy Potion"},{"floor":16.0,"key":"Regen Potion"},{"floor":23.0,"key":"PowerPotion"},{"floor":27.0,"key":"Weak Potion"},{"floor":36.0,"key":"Energy Potion"},{"floor":44.0,"key":"Dexterity Potion"}],"is_trial":false,"path_per_floor":["R","M","M","M","?","?","MIM","M","E","M","E","R","E","?","M","B",null,"R","M","$","M","$","M","MIM","M","AVR","M","M","E","M","M","M","B",null,"R","M","M","?","M","R","MIM","$","R","?","?","M","M"],"character_chosen":"THE_AUTOMATON","items_purchased":["Membership Card","halation:PrussianBluePaint","Toolbox","hubris:PeanutButter","halation:PromiseList","bronze:Repulsor","bronze:ChosenStrike","sagemod:Wine","bronze:BugBarrage","bronze:ProtectiveGoggles","bronze:Deprecate","BlessingOfTheForge","Juzu Bracelet","Guardian:PocketSentry","halation:Jellyphish","MerchantsRug","expansioncontent:DashGenerateEvil"],"campfire_rested":0,"item_purchase_floors":[20,20,20,20,20,20,20,20,22,22,22,22,42,42,42,42,42],"current_hp_per_floor":[70,70,70,70,70,70,70,67,54,58,62,62,65,65,64,42,72,72,70,73,75,76,77,78,73,73,70,75,40,41,42,43,11,86,86,69,74,74,79,79,84,85,95,100,100,101,101,101],"gold":252,"neow_bonus":"THREE_ENEMY_KILL","is_daily":false,"chose_seed":false,"campfire_upgraded":5,"win_rate":0.0,"timestamp":1611024258,"path_taken":["R","M","M","M","?","?","MIM","M","E","?","E","R","E","?","M","BOSS","R","M","$","M","?","M","MIM","?","AVR","?","M","E","?","M","M","BOSS","R","M","M","?","M","R","MIM","$","R","?","?","M","M"],"items_purchased_type":["Relic","Relic","Relic","Relic","Relic","Card","Card","Potion","Card","Relic","Card","Potion","Relic","Relic","Relic","Relic","Card"],"build_version":"2020-12-22","purchased_purges":5,"victory":false,"max_hp_per_floor":[70,70,70,70,70,70,70,70,70,70,70,70,70,70,71,72,72,72,73,74,75,76,77,78,79,79,80,81,82,83,84,85,86,86,86,87,88,88,89,89,90,91,101,102,102,103,103,103],"card_choices":[{"not_picked":["bronze:BuggyMess","bronze:Invalidate"],"picked":"bronze:OilSpill","floor":2.0},{"not_picked":["bronze:BuggyMess","bronze:BronzeOrb"],"picked":"bronze:Branch","floor":3.0},{"not_picked":["bronze:BitShift","bronze:Allocate"],"picked":"bronze:Flail","floor":4.0},{"not_picked":["DemoMod:Spice","Secret Technique"],"picked":"Bandage Up","floor":5.0},{"not_picked":["bronze:MaxOutput","bronze:CutThrough"],"picked":"bronze:ItsAFeature","floor":7.0},{"not_picked":["bronze:BitShift","bronze:Overheat"],"picked":"bronze:Iterate","floor":8.0},{"not_picked":["bronze:CleanCode","bronze:WhirlingStrike"],"picked":"bronze:Turbo","floor":9.0},{"not_picked":["bronze:DarkDash","bronze:CutThrough"],"picked":"bronze:Safeguard","floor":10.0},{"not_picked":["bronze:Frontload","bronze:Fortify"],"picked":"bronze:Allocate","floor":11.0},{"not_picked":["bronze:Branch","bronze:WhirlingStrike"],"picked":"bronze:HardenedForm","floor":13.0},{"not_picked":["bronze:Overload","bronze:Invalidate"],"picked":"bronze:Iterate","floor":14.0},{"not_picked":["bronze:ForLoop","bronze:Return"],"picked":"bronze:FineTuning","floor":15.0},{"not_picked":["bronze:AlphaBuild","bronze:ThunderWave"],"picked":"bronze:Format","floor":16.0},{"not_picked":["bronze:NullPointer+1","bronze:Frontload","bronze:WildBeam"],"picked":"SKIP","floor":19.0},{"not_picked":["bronze:FineTuning","bronze:ChildClass"],"picked":"bronze:ChosenStrike","floor":20.0},{"not_picked":["bronze:Shield+1","bronze:DelayedGuard"],"picked":"bronze:GetLatest+1","floor":21.0},{"not_picked":["bronze:DarkDash","bronze:OilSpill+1"],"picked":"bronze:Return+1","floor":22.0},{"not_picked":["bronze:WildBeam","bronze:BuggyMess","bronze:Allocate+1"],"picked":"SKIP","floor":23.0},{"not_picked":["bronze:FineTuning+1","bronze:Mutator"],"picked":"bronze:Shell","floor":24.0},{"not_picked":["bronze:Boost","bronze:WhirlingStrike+1"],"picked":"bronze:Repulsor+1","floor":25.0},{"not_picked":["bronze:Overheat","bronze:DelayedSlice+1","bronze:Allocate+1"],"picked":"SKIP","floor":27.0},{"not_picked":["bronze:NullPointer","bronze:Repair"],"picked":"bronze:Return","floor":28.0},{"not_picked":["bronze:CutThrough","bronze:WhirlingStrike"],"picked":"bronze:Boost","floor":29.0},{"not_picked":["bronze:Deprecate","bronze:Frontload"],"picked":"bronze:BronzeOrb","floor":30.0},{"not_picked":["bronze:WildBeam","bronze:Overheat","bronze:DelayedSlice+1"],"picked":"SKIP","floor":31.0},{"not_picked":["bronze:Turbo","bronze:Shield"],"picked":"bronze:Assembly","floor":32.0},{"not_picked":["bronze:HyperBeam","bronze:ShipIt"],"picked":"bronze:Format","floor":33.0},{"not_picked":["AlicesGift+1","bronze:Deprecate+1","bronze:Shield"],"picked":"WitchLeyline+1","floor":36.0},{"not_picked":["bronze:DelayedGuard","WitchLeyline+1","DarkMatter"],"picked":"bronze:Flail+1","floor":37.0},{"not_picked":["RefractionSpark+1","bronze:DelayedSlice","bronze:ChildClass+1"],"picked":"bronze:Boost+1","floor":39.0},{"not_picked":["OpenUniverse","SuperNova","IllusionStar"],"picked":"bronze:Shell","floor":41.0},{"not_picked":["ShootingEcho","DoubleSpark+1","GravityBeat"],"picked":"bronze:ChosenStrike","floor":42.0},{"not_picked":["ChargingUp+1","LuminesStrike+1","GrandCross","PulseMagic"],"picked":"SKIP","floor":46.0}],"player_experience":798549,"relics_obtained":[{"floor":7.0,"key":"Orichalcum"},{"floor":9.0,"key":"DemoMod:WhiteGuonStone"},{"floor":11.0,"key":"infinitespire:CursedDice"},{"floor":13.0,"key":"StrikeDummy"},{"floor":14.0,"key":"downfall:CloakOfManyFaces"},{"floor":29.0,"key":"hubris:TinFlute"},{"floor":44.0,"key":"War Paint"}],"event_choices":[{"damage_healed":0.0,"max_hp_gain":0.0,"max_hp_loss":0.0,"gold_gain":1.0,"event_name":"betterStone:BetterStone","player_choice":"1","floor":5.0,"gold_loss":0.0,"damage_taken":0.0},{"damage_healed":0.0,"max_hp_gain":0.0,"max_hp_loss":0.0,"gold_gain":0.0,"event_name":"conspire:Investor","player_choice":"Leave","floor":45.0,"gold_loss":0.0,"damage_taken":0.0}],"is_beta":false,"boss_relics":[{"not_picked":["CCEMRelics:GreenEgg","halation:CatFaceCupcake"],"picked":"Astrolabe"},{"not_picked":["Empty Cage","hubris:ScarierMask"],"picked":"aspiration:MarisaSkillbook"}],"items_purged_floors":[20,20,22,26,42],"is_endless":false,"potions_floor_spawned":[8,11,13,15,16,19,23,27,28,29,30,36,44],"killed_by":"4 Shapes","ascension_level":0}}