{"host":"545ma68kbj6ggddn","time":1611022820,"event":{"mods":["BaseMod","Colored Powertips","Downfall","Minty Spire (QoL Compilation)","SIMod","StSLib"],"gold_per_floor":[99,117,117,117,5,21,68,68,88,88,106,106,23,123,133,133,133],"floor_reached":16,"language":"ENG","playtime":1403,"items_purged":[],"score":90,"play_id":"0ee0d02d-4edb-4c81-934c-0f8135d56c57","local_time":"20210118202020","is_ascension_mode":false,"campfire_choices":[{"data":"ConcertedEfforts","floor":1,"key":"SMITH"},{"data":"Tornado","floor":8,"key":"SMITH"},{"floor":12,"key":"RECALL"}],"circlet_count":0,"master_deck":["Strike_AJ","Strike_TS","Strike_RR","Strike_RD","Defend_TS","Defend_PP","Defend_FS+1","Defend_AJ","ConcertedEfforts+1","HarmonyShield","DynamicVision","Louder","PartyTime+1","TakeTheLead","GemstoneDetection","Tornado+1","Charge+1","Yay","downfall:Malfunctioning","Charge","ISayNo","BigDeal","Honesty","Magic","Celebrities","TenInstruments","RashStunts"],"relics":["The_element_of_harmony","Thread and Needle","downfall:ShatteredFragment","Nunchaku","Potion Belt"],"acts_visited":["Exordium"],"potions_floor_usage":[5],"damage_taken":[{"damage":0,"enemies":"2 Louse","floor":2,"turns":3},{"damage":0,"enemies":"downfall:FleeingMerchant","floor":5,"turns":4},{"damage":0,"enemies":"Jaw Worm","floor":6,"turns":3},{"damage":0,"enemies":"Cultist","floor":9,"turns":3},{"damage":0,"enemies":"Red Slaver","floor":11,"turns":2},{"damage":0,"enemies":"downfall:FleeingMerchant","floor":13,"turns":4},{"damage":30,"enemies":"downfall:LadyInBlue","floor":14,"turns":12},{"damage":0,"enemies":"3 Louse","floor":15,"turns":1},{"damage":28,"enemies":"SI_SHIV_ARCHETYPE","floor":16,"turns":7}],"seed_played":"1572455947788262631","potions_obtained":[{"floor":2,"key":"Slimebound:ThreeZeroPotion"},{"floor":11,"key":"DistilledChaos"},{"floor":14,"key":"Dexterity Potion"},{"floor":14,"key":"Energy Potion"},{"floor":14,"key":"SteroidPotion"},{"floor":14,"key":"EntropicBrew"},{"floor":15,"key":"DuplicationPotion"}],"is_trial":false,"path_per_floor":["R","M","?","?","$","M","T","R","M","?","M","R","$","?","M","B"],"character_chosen":"TWI_CLASS","items_purchased":["GemstoneDetection","Tornado","Honesty"],"campfire_rested":0,"item_purchase_floors":[5,5,13],"current_hp_per_floor":[90,90,83,68,68,68,68,68,68,68,68,68,68,38,38,10,10],"gold":133,"neow_bonus":"TEN_PERCENT_HP_BONUS","is_daily":false,"chose_seed":false,"campfire_upgraded":2,"win_rate":0.0,"timestamp":1611022820,"path_taken":["R","M","?","?","$","M","T","R","M","?","M","R","$","?","M","BOSS"],"items_purchased_type":["Card","Card","Card"],"build_version":"2020-12-22","purchased_purges":0,"victory":false,"max_hp_per_floor":[90,90,90,90,90,90,90,90,90,90,90,90,90,90,90,90,90],"card_choices":[{"not_picked":["FriendOfNature"],"picked":"DynamicVision","floor":2},{"not_picked":["PartyAlone"],"picked":"Louder","floor":2},{"not_picked":["Mischief"],"picked":"PartyTime","floor":5},{"not_picked":["Celebrities"],"picked":"TakeTheLead","floor":5},{"not_picked":["Anxiousness"],"picked":"Charge","floor":6},{"not_picked":["AllByMyself","Tornado"],"picked":"SKIP","floor":6},{"not_picked":["Tornado"],"picked":"Yay","floor":9},{"not_picked":["KillingWithKindness","Magic_Beam"],"picked":"SKIP","floor":9},{"not_picked":["CleanLibrary"],"picked":"Charge","floor":11},{"not_picked":["KillingWithKindness"],"picked":"ISayNo","floor":11},{"not_picked":["RunningOfTheLeaves"],"picked":"BigDeal","floor":13},{"not_picked":["Mischief","Charge"],"picked":"SKIP","floor":13},{"not_picked":["Celebrities"],"picked":"Magic","floor":14},{"not_picked":["AppleFever"],"picked":"Celebrities","floor":14},{"not_picked":["Overwhelming"],"picked":"TenInstruments","floor":15},{"not_picked":["ServeMeal"],"picked":"RashStunts","floor":15}],"player_experience":211170,"relics_obtained":[{"floor":7,"key":"Nunchaku"},{"floor":14,"key":"Potion Belt"}],"event_choices":[{"damage_healed":0,"gold_gain":0,"player_choice":"Success","damage_taken":7,"relics_obtained":["Thread and Needle"],"max_hp_gain":0,"max_hp_loss":0,"event_name":"Scrap Ooze","floor":3,"gold_loss":0}],"is_beta":false,"boss_relics":[],"items_purged_floors":[],"is_endless":false,"potions_floor_spawned":[2,11,14,15],"killed_by":"SI_SHIV_ARCHETYPE","ascension_level":0}}