{"host":"p9t7qd83igtcp2bh","time":1611034504,"event":{"mods":["2.2 Compatiblity","AchievementEnabler","BaseMod","Colored Map","Colored Powertips","Custom Start","DeckTracker","Keyboard Shortcuts","Minty Spire (QoL Compilation)","Permanent Neow","StSLib","SuperFastMode","everything is the same but u backflip on backflip"],"gold_per_floor":[113,188,198,211,161,161,190,190,190,200,235,235,235,267,267,339,339,359,359,378,303,320,320,354,269,269,269,1,1,12,46,46,119,119,135,155,55,55,55,55,68,97,124,169,169,188,68,80,80,80,80,80,22,48,48],"floor_reached":56,"language":"KOR","playtime":1816,"items_purged":["Strike_P","Strike_P","Defend_P","Defend_P"],"score":2180,"play_id":"2e156e47-dcdf-4b09-899e-0ec3ffa33eab","local_time":"20210119143504","is_ascension_mode":true,"campfire_choices":[{"data":"BowlingBash","floor":6.0,"key":"SMITH"},{"floor":8.0,"key":"REST"},{"floor":12.0,"key":"REST"},{"data":"Vault","floor":15.0,"key":"SMITH"},{"data":"Vault","floor":23.0,"key":"SMITH"},{"data":"MentalFortress","floor":27.0,"key":"SMITH"},{"data":"Adaptation","floor":32.0,"key":"SMITH"},{"floor":40.0,"key":"RECALL"},{"data":"Scrawl","floor":45.0,"key":"SMITH"},{"data":"FearNoEvil","floor":49,"key":"SMITH"},{"data":"Vigilance","floor":52,"key":"SMITH"}],"circlet_count":0,"master_deck":["AscendersBane","Strike_P+1","Defend_P+1","Defend_P","Eruption+1","Vigilance+1","BowlingBash+1","FollowUp","FearNoEvil+1","Tantrum","Vault+1","Vault+1","MentalFortress+1","Adaptation+1","Scrawl+1"],"relics":["PureWater","White Beast Statue","Question Card","Incense Burner","StrikeDummy","Busted Crown","Calipers","MealTicket","The Courier","Potion Belt","FossilizedHelix","Dream Catcher","Runic Pyramid","Bag of Preparation","TungstenRod","Eternal Feather"],"acts_visited":["Exordium","TheCity","TheBeyond","TheEnding"],"potions_floor_usage":[55,55,55],"damage_taken":[{"damage":0.0,"enemies":"Small Slimes","floor":1.0,"turns":4.0},{"damage":0.0,"enemies":"2 Louse","floor":3.0,"turns":2.0},{"damage":4.0,"enemies":"Jaw Worm","floor":4.0,"turns":4.0},{"damage":12.0,"enemies":"3 Sentries","floor":7.0,"turns":7.0},{"damage":8.0,"enemies":"Blue Slaver","floor":10.0,"turns":2.0},{"damage":20.0,"enemies":"Gremlin Nob","floor":11.0,"turns":4.0},{"damage":4.0,"enemies":"3 Sentries","floor":14.0,"turns":3.0},{"damage":22.0,"enemies":"The Guardian","floor":16.0,"turns":12.0},{"damage":0.0,"enemies":"Spheric Guardian","floor":18.0,"turns":3.0},{"damage":2.0,"enemies":"Chosen","floor":20.0,"turns":3.0},{"damage":0.0,"enemies":"Snake Plant","floor":22.0,"turns":4.0},{"damage":0.0,"enemies":"Gremlin Leader","floor":24.0,"turns":5.0},{"damage":0.0,"enemies":"Chosen and Byrds","floor":30.0,"turns":4.0},{"damage":0.0,"enemies":"Book of Stabbing","floor":31.0,"turns":4.0},{"damage":0.0,"enemies":"Collector","floor":33.0,"turns":5.0},{"damage":0.0,"enemies":"Orb Walker","floor":35.0,"turns":3.0},{"damage":0.0,"enemies":"3 Darklings","floor":36.0,"turns":4.0},{"damage":0.0,"enemies":"Transient","floor":41.0,"turns":6.0},{"damage":0.0,"enemies":"Reptomancer","floor":42.0,"turns":4.0},{"damage":0.0,"enemies":"2 Orb Walkers","floor":44.0,"turns":3.0},{"damage":0.0,"enemies":"Spire Growth","floor":46.0,"turns":4.0},{"damage":1,"enemies":"Writhing Mass","floor":48,"turns":5},{"damage":7,"enemies":"Time Eater","floor":50,"turns":6},{"damage":0,"enemies":"Shield and Spear","floor":54,"turns":3},{"damage":0,"enemies":"The Heart","floor":55,"turns":11}],"seed_played":"8837776465449401915","potions_obtained":[{"floor":1.0,"key":"Block Potion"},{"floor":10.0,"key":"Strength Potion"},{"floor":11.0,"key":"LiquidBronze"},{"floor":14.0,"key":"SkillPotion"},{"floor":16.0,"key":"CultistPotion"},{"floor":18.0,"key":"Fruit Juice"},{"floor":20.0,"key":"Ambrosia"},{"floor":30.0,"key":"LiquidMemories"},{"floor":31.0,"key":"Strength Potion"},{"floor":33.0,"key":"ColorlessPotion"},{"floor":35.0,"key":"AttackPotion"},{"floor":42.0,"key":"LiquidBronze"}],"is_trial":false,"path_per_floor":["M","?","M","M","?","R","E","R","T","M","E","R","?","E","R","B",null,"M","?","M","$","M","R","E","?","T","R","$","T","M","E","R","B",null,"M","M","$","?","$","R","M","E","T","?","R","M","$","M","R","B",null,"R","$","E","B",null],"character_chosen":"WATCHER","items_purchased":["Adaptation","Potion Belt","DuplicationPotion"],"campfire_rested":2,"item_purchase_floors":[28,28,53],"current_hp_per_floor":[61,50,50,46,46,46,34,54,54,46,26,46,32,28,28,6,53,58,58,56,56,56,56,56,56,56,56,71,71,71,71,71,71,73,73,73,73,73,73,73,73,73,73,73,73,73,73,72,72,65,71,71,73,73,73],"gold":48,"neow_bonus":"UPGRADE_CARD","is_daily":false,"chose_seed":false,"campfire_upgraded":8,"win_rate":0.0,"timestamp":1611034504,"path_taken":["M","?","M","M","?","R","E","R","T","M","E","R","?","E","R","BOSS","M","?","M","$","M","R","E","?","T","R","$","?","?","E","R","BOSS","M","M","$","?","?","R","M","E","T","?","R","M","$","?","R","BOSS","R","$","E","BOSS"],"items_purchased_type":["Card","Relic","Potion"],"build_version":"2020-12-22","purchased_purges":4,"victory":true,"max_hp_per_floor":[68,68,68,68,68,68,68,68,68,68,68,68,68,68,68,68,68,73,73,73,73,73,73,73,73,73,73,73,73,73,73,73,73,73,73,73,73,73,73,73,73,73,73,73,73,73,73,73,73,73,73,73,73,73,73],"card_choices":[{"not_picked":["JustLucky","Halt"],"picked":"BowlingBash","floor":1.0},{"not_picked":["Conclude","JustLucky"],"picked":"FollowUp","floor":3.0},{"not_picked":["Fasting2","FlurryOfBlows"],"picked":"FearNoEvil","floor":4.0},{"not_picked":["EmptyFist","Prostrate","Vengeance"],"picked":"SKIP","floor":7.0},{"not_picked":["PathToVictory","Consecrate","Halt","Vengeance"],"picked":"SKIP","floor":10.0},{"not_picked":["ClearTheMind","SandsOfTime","CutThroughFate"],"picked":"Tantrum","floor":11.0},{"not_picked":["CarveReality","Wireheading","Prostrate"],"picked":"Vault","floor":14.0},{"not_picked":["LessonLearned","MasterReality","Establishment"],"picked":"Vault","floor":16.0},{"not_picked":["EmptyFist","Wallop"],"picked":"SKIP","floor":18.0},{"not_picked":["CrushJoints","Conclude+1"],"picked":"SKIP","floor":20.0},{"not_picked":["Indignation"],"picked":"MentalFortress","floor":22.0},{"not_picked":["SignatureMove","ClearTheMind"],"picked":"SKIP","floor":24.0},{"not_picked":["EmptyFist","ReachHeaven"],"picked":"SKIP","floor":30.0},{"not_picked":["JustLucky","Prostrate"],"picked":"SKIP","floor":31.0},{"not_picked":["Alpha"],"picked":"Scrawl","floor":33.0},{"not_picked":["PathToVictory","EmptyBody"],"picked":"SKIP","floor":35.0},{"not_picked":["PathToVictory","Nirvana+1"],"picked":"SKIP","floor":36.0},{"not_picked":["CutThroughFate+1","Protect"],"picked":"SKIP","floor":41.0},{"not_picked":["Sanctity","WheelKick"],"picked":"SKIP","floor":42.0},{"not_picked":["Conclude","BowlingBash"],"picked":"SKIP","floor":46.0},{"not_picked":["FlurryOfBlows","Pray"],"picked":"SKIP","floor":48},{"not_picked":["BowlingBash","Wallop"],"picked":"SKIP","floor":54}],"player_experience":660702,"relics_obtained":[{"floor":7.0,"key":"White Beast Statue"},{"floor":9.0,"key":"Question Card"},{"floor":11.0,"key":"Incense Burner"},{"floor":14.0,"key":"StrikeDummy"},{"floor":24.0,"key":"Calipers"},{"floor":26.0,"key":"The Courier"},{"floor":29.0,"key":"FossilizedHelix"},{"floor":31.0,"key":"Dream Catcher"},{"floor":42.0,"key":"Bag of Preparation"},{"floor":44.0,"key":"TungstenRod"},{"floor":54,"key":"Eternal Feather"}],"event_choices":[{"damage_healed":0.0,"max_hp_gain":0.0,"max_hp_loss":0.0,"gold_gain":75.0,"event_name":"World of Goop","player_choice":"Gather Gold","floor":2.0,"gold_loss":0.0,"damage_taken":11.0},{"cards_removed":["Strike_P"],"damage_healed":0.0,"max_hp_gain":0.0,"max_hp_loss":0.0,"gold_gain":0.0,"event_name":"The Cleric","player_choice":"Card Removal","floor":5.0,"gold_loss":50.0,"damage_taken":0.0},{"damage_healed":0.0,"max_hp_gain":0.0,"max_hp_loss":0.0,"gold_gain":0.0,"event_name":"Shining Light","player_choice":"Entered Light","floor":13.0,"gold_loss":0.0,"damage_taken":14.0,"cards_upgraded":["Defend_P","Strike_P"]},{"damage_healed":0.0,"max_hp_gain":0.0,"max_hp_loss":0.0,"gold_gain":0.0,"event_name":"Ghosts","player_choice":"Ignored","floor":19.0,"gold_loss":0.0,"damage_taken":0.0},{"damage_healed":0.0,"max_hp_gain":0.0,"max_hp_loss":0.0,"gold_gain":0.0,"event_name":"Addict","player_choice":"Obtained Relic","floor":25.0,"gold_loss":85.0,"damage_taken":0.0,"relics_obtained":["MealTicket"]},{"damage_healed":0.0,"max_hp_gain":0.0,"max_hp_loss":0.0,"gold_gain":0.0,"event_name":"Match and Keep!","player_choice":"0 cards matched","floor":38.0,"gold_loss":0.0,"damage_taken":0.0,"cards_obtained":[]},{"damage_healed":0.0,"max_hp_gain":0.0,"max_hp_loss":0.0,"gold_gain":0.0,"event_name":"Mysterious Sphere","player_choice":"Fight","floor":44.0,"gold_loss":0.0,"damage_taken":0.0}],"is_beta":false,"boss_relics":[{"not_picked":["Calling Bell","Ectoplasm"],"picked":"Busted Crown"},{"not_picked":["Velvet Choker","Snecko Eye"],"picked":"Runic Pyramid"}],"items_purged_floors":[21,28,37,47],"is_endless":false,"potions_floor_spawned":[1,10,11,14,16,18,20,22,24,30,31,33,35,36,41,42,44,46,48,54],"ascension_level":14}}