{"host":"2zt55z1m1j8q763w","time":1611087727,"event":{"mods":["AchievementEnabler","BaseMod","Highlight Path","Minty Spire (QoL Compilation)","Relic Stats"],"gold_per_floor":[117,132,28,103,113,140,152,152,175,175,190,190,200,229,229,330,330,342,357,386,399,399,399,413,413,413,428,453,98,117,128,128,128,128],"floor_reached":33,"language":"ENG","playtime":2758,"items_purged":["Strike_R"],"score":281,"play_id":"9207b1cb-5e57-416b-b0a3-5be8c696159b","local_time":"20210119212207","is_ascension_mode":false,"campfire_choices":[{"data":"Carnage","floor":8,"key":"SMITH"},{"data":"Flame Barrier","floor":10,"key":"SMITH"},{"data":"Inflame","floor":12,"key":"SMITH"},{"floor":15,"key":"REST"},{"data":"Bloodletting","floor":23,"key":"SMITH"},{"floor":25,"key":"REST"},{"floor":32,"key":"REST"}],"circlet_count":0,"master_deck":["Strike_R","Strike_R","Defend_R","Defend_R","Defend_R","Defend_R","Bash","Carnage+1","Cleave","Spot Weakness","Uppercut","Flame Barrier+1","Thunderclap","Inflame+1","Double Tap","Bloodletting+1","Clash+1","Infernal Blade+1","Sword Boomerang+1","Shrug It Off","Heavy Blade+1","Seeing Red+1","Shrug It Off+1","Shrug It Off","Bandage Up","Flex","Rage"],"relics":["Burning Blood","Unceasing Top","Regal Pillow","Lantern","Blood Vial","Astrolabe","Red Mask","War Paint","Ornamental Fan","Membership Card","Tiny Chest"],"acts_visited":["Exordium","TheCity"],"potions_floor_usage":[6,16,27,28,31,33,33],"damage_taken":[{"damage":3,"enemies":"Cultist","floor":1,"turns":5},{"damage":8,"enemies":"Jaw Worm","floor":2,"turns":3},{"damage":3,"enemies":"Small Slimes","floor":5,"turns":2},{"damage":19,"enemies":"Gremlin Nob","floor":6,"turns":4},{"damage":4,"enemies":"2 Fungi Beasts","floor":7,"turns":4},{"damage":24,"enemies":"Gremlin Gang","floor":11,"turns":5},{"damage":13,"enemies":"Lots of Slimes","floor":13,"turns":2},{"damage":13,"enemies":"3 Sentries","floor":14,"turns":4},{"damage":42,"enemies":"Hexaghost","floor":16,"turns":6},{"damage":17,"enemies":"Shell Parasite","floor":18,"turns":5},{"damage":0,"enemies":"Spheric Guardian","floor":19,"turns":3},{"damage":41,"enemies":"Masked Bandits","floor":20,"turns":5},{"damage":14,"enemies":"3 Cultists","floor":21,"turns":5},{"damage":9,"enemies":"Snake Plant","floor":24,"turns":3},{"damage":21,"enemies":"Centurion and Healer","floor":27,"turns":5},{"damage":17,"enemies":"Gremlin Leader","floor":28,"turns":5},{"damage":19,"enemies":"Shelled Parasite and Fungi","floor":30,"turns":3},{"damage":0,"enemies":"Snake Plant","floor":31,"turns":1},{"damage":93,"enemies":"Automaton","floor":33,"turns":10}],"seed_played":"-530131156392025508","potions_obtained":[{"floor":1,"key":"SkillPotion"},{"floor":2,"key":"FearPotion"},{"floor":6,"key":"BloodPotion"},{"floor":18,"key":"Explosive Potion"},{"floor":20,"key":"LiquidMemories"}],"is_trial":false,"path_per_floor":["M","M","$","?","M","E","M","R","T","R","M","R","M","E","R","B",null,"M","M","?","M","?","R","M","R","T","M","E","$","M","M","R","B"],"character_chosen":"IRONCLAD","items_purchased":["Spot Weakness","Uppercut","Membership Card","Bandage Up","Tiny Chest","Block Potion","FearPotion"],"campfire_rested":3,"item_purchase_floors":[3,3,29,29,29,29,29],"current_hp_per_floor":[72,70,70,63,66,53,55,55,55,55,37,37,30,23,59,25,72,61,69,36,30,30,30,29,65,65,52,43,43,32,40,72,0,0],"gold":128,"neow_bonus":"ONE_RARE_RELIC","is_daily":false,"chose_seed":false,"campfire_upgraded":4,"win_rate":0.0,"timestamp":1611087727,"path_taken":["M","M","?","?","M","E","?","R","T","R","M","R","M","E","R","BOSS","M","M","?","M","?","R","M","R","T","M","E","$","M","M","R","BOSS"],"items_purchased_type":["Card","Card","Relic","Card","Relic","Potion","Potion"],"build_version":"2020-12-22","purchased_purges":1,"victory":false,"max_hp_per_floor":[72,72,72,72,72,72,72,72,72,72,72,72,72,72,72,72,72,72,72,72,72,72,72,72,72,72,72,72,72,72,72,72,72,72],"relic_stats":{"Blood Vial":18,"Regal Pillow":41,"counters":[19,80],"Ornamental Fan":[20],"Astrolabe":["Clash","Infernal Blade","Sword Boomerang"],"Tiny Chest":0,"War Paint":["Seeing Red","Shrug It Off"],"obtain_stats":[{"Blood Vial":14,"Regal Pillow":6,"Lantern":9,"Ornamental Fan":28,"Astrolabe":17,"Tiny Chest":29,"Red Mask":20,"Membership Card":29,"War Paint":26,"Burning Blood":0,"Unceasing Top":0},{"Blood Vial":8,"Regal Pillow":4,"Lantern":5,"Ornamental Fan":16,"Astrolabe":9,"Tiny Chest":16,"Red Mask":12,"Membership Card":16,"War Paint":14,"Burning Blood":0,"Unceasing Top":0},{"Blood Vial":29,"Regal Pillow":14,"Lantern":18,"Ornamental Fan":66,"Astrolabe":35,"Tiny Chest":66,"Red Mask":48,"Membership Card":66,"War Paint":56,"Burning Blood":0,"Unceasing Top":0}],"Burning Blood":105,"Unceasing Top":[8]},"card_choices":[{"not_picked":["Clash","Shrug It Off"],"picked":"Carnage","floor":1},{"not_picked":["Heavy Blade","Carnage"],"picked":"Cleave","floor":2},{"not_picked":["True Grit","Body Slam","Sword Boomerang"],"picked":"SKIP","floor":5},{"not_picked":["Combust","Sword Boomerang"],"picked":"Flame Barrier","floor":6},{"not_picked":["Clash","Clothesline"],"picked":"Thunderclap","floor":7},{"not_picked":["Pommel Strike","Blood for Blood"],"picked":"Inflame","floor":11},{"not_picked":["Feel No Pain","Dual Wield"],"picked":"Double Tap","floor":13},{"not_picked":["Cleave","Rampage"],"picked":"Bloodletting","floor":14},{"not_picked":["Bludgeon","Fiend Fire"],"picked":"Barricade","floor":16},{"not_picked":["Whirlwind+1","True Grit+1"],"picked":"Shrug It Off","floor":18},{"not_picked":["Armaments","Anger"],"picked":"Heavy Blade+1","floor":19},{"not_picked":["Iron Wave","Searing Blow"],"picked":"Seeing Red","floor":20},{"not_picked":["Spot Weakness","Sever Soul+1","Perfected Strike"],"picked":"SKIP","floor":21},{"not_picked":["Iron Wave+1","Combust"],"picked":"Shrug It Off","floor":24},{"not_picked":["Heavy Blade","Perfected Strike+1","Clash"],"picked":"SKIP","floor":27},{"not_picked":["Burning Pact+1","Uppercut"],"picked":"Shrug It Off","floor":28},{"not_picked":["Anger","Sever Soul"],"picked":"Flex","floor":30},{"not_picked":["Burning Pact","Heavy Blade"],"picked":"Rage","floor":31}],"player_experience":65749,"relics_obtained":[{"floor":6,"key":"Regal Pillow"},{"floor":9,"key":"Lantern"},{"floor":14,"key":"Blood Vial"},{"floor":20,"key":"Red Mask"},{"floor":26,"key":"War Paint"},{"floor":28,"key":"Ornamental Fan"}],"event_choices":[{"damage_healed":0,"gold_gain":75,"player_choice":"Touch","damage_taken":7,"max_hp_gain":0,"max_hp_loss":0,"event_name":"FaceTrader","floor":4,"gold_loss":0},{"damage_healed":0,"gold_gain":0,"player_choice":"Fought Bandits","damage_taken":0,"max_hp_gain":0,"max_hp_loss":0,"event_name":"Masked Bandits","floor":20,"gold_loss":0},{"cards_removed":["Barricade"],"damage_healed":0,"gold_gain":0,"player_choice":"Took Card","damage_taken":0,"max_hp_gain":0,"max_hp_loss":0,"event_name":"NoteForYourself","floor":22,"gold_loss":0,"cards_obtained":["Strike_R"]}],"is_beta":false,"boss_relics":[{"not_picked":["Runic Pyramid","Coffee Dripper"],"picked":"Astrolabe"}],"items_purged_floors":[29],"is_endless":false,"potions_floor_spawned":[1,2,6,18,20,21,24],"killed_by":"Automaton","ascension_level":0}}