{"host":"n0yecwpl2j4u196k","time":1611026681,"event":{"mods":["2.2 Compatiblity","AchievementEnabler","BaseMod","Colored Map","Colored Powertips","Highlight Path","Minty Spire (QoL Compilation)","Quick Restart","Rare Cards Sparkle","Relic Stats","SuperFastMode"],"gold_per_floor":[114,130,8,8,8,34,34,34,57,77,95,126,140,140,140,241,241,251,265,265,265,277,309,328,361,361,361,371,371,271,289,289,389,389,407,417,140,156,156,188,200,228,228,239,239,239,50,81,81,81,81,81,30,62,62],"floor_reached":56,"language":"ENG","playtime":3210,"items_purged":["Strike_B","Strike_B","Defend_B","Decay"],"score":1386,"play_id":"b5e3f3a9-826c-430e-8804-b05c76df7f5c","local_time":"20210118222441","is_ascension_mode":true,"campfire_choices":[{"data":"Conserve Battery","floor":8.0,"key":"SMITH"},{"floor":15.0,"key":"REST"},{"data":"Defragment","floor":27.0,"key":"SMITH"},{"data":"Creative AI","floor":29.0,"key":"SMITH"},{"floor":32.0,"key":"RECALL"},{"floor":45,"key":"REST"},{"floor":49,"key":"REST"},{"data":"Amplify","floor":52,"key":"SMITH"}],"circlet_count":0,"master_deck":["Strike_B","Defend_B+1","Defend_B+1","Defend_B","Zap","Dualcast","Rebound","Conserve Battery+1","Cold Snap+1","Amplify+1","Melter+1","Coolheaded","Self Repair","Seek","Creative AI+1","Glacier+1","BootSequence+1","Defragment+1","Defragment+1","Storm+1","Capacitor+1","Parasite","Loop+1"],"relics":["Cracked Core","NeowsBlessing","Pear","Bronze Scales","Meat on the Bone","Runic Pyramid","Nilry\u0027s Codex","Pantograph","Frozen Egg 2","Black Star","Ancient Tea Set","MealTicket","Bag of Marbles","Ice Cream","Mummified Hand","Pocketwatch","Lizard Tail","Art of War","Calipers","Whetstone"],"acts_visited":["Exordium","TheCity","TheBeyond","TheEnding"],"potions_floor_usage":[40,48,50,54],"damage_taken":[{"damage":0.0,"enemies":"Small Slimes","floor":1.0,"turns":1.0},{"damage":0.0,"enemies":"Jaw Worm","floor":2.0,"turns":1.0},{"damage":0.0,"enemies":"Gremlin Nob","floor":6.0,"turns":1.0},{"damage":0.0,"enemies":"2 Louse","floor":10.0,"turns":3.0},{"damage":26.0,"enemies":"Gremlin Gang","floor":11.0,"turns":4.0},{"damage":16.0,"enemies":"3 Sentries","floor":12.0,"turns":9.0},{"damage":23.0,"enemies":"Exordium Thugs","floor":13.0,"turns":5.0},{"damage":30.0,"enemies":"Hexaghost","floor":16.0,"turns":12.0},{"damage":0.0,"enemies":"3 Byrds","floor":18.0,"turns":3.0},{"damage":12.0,"enemies":"Spheric Guardian","floor":19.0,"turns":5.0},{"damage":38.0,"enemies":"3 Cultists","floor":22.0,"turns":6.0},{"damage":9.0,"enemies":"Book of Stabbing","floor":23.0,"turns":10.0},{"damage":16.0,"enemies":"Snake Plant","floor":24.0,"turns":6.0},{"damage":12.0,"enemies":"Gremlin Leader","floor":25.0,"turns":9.0},{"damage":14.0,"enemies":"Snecko","floor":28.0,"turns":6.0},{"damage":11.0,"enemies":"Centurion and Healer","floor":31.0,"turns":9.0},{"damage":35.0,"enemies":"Automaton","floor":33.0,"turns":12.0},{"damage":9.0,"enemies":"3 Shapes","floor":35.0,"turns":10.0},{"damage":6.0,"enemies":"Orb Walker","floor":36.0,"turns":6.0},{"damage":9,"enemies":"Spire Growth","floor":38,"turns":8},{"damage":51,"enemies":"Giant Head","floor":40,"turns":12},{"damage":19,"enemies":"Maw","floor":41,"turns":7},{"damage":45,"enemies":"Nemesis","floor":42,"turns":7},{"damage":12,"enemies":"Writhing Mass","floor":44,"turns":4},{"damage":36,"enemies":"Reptomancer","floor":48,"turns":6},{"damage":80,"enemies":"Awakened One","floor":50,"turns":9},{"damage":55,"enemies":"Shield and Spear","floor":54,"turns":6},{"damage":75,"enemies":"The Heart","floor":55,"turns":6}],"seed_played":"1064884490258821678","potions_obtained":[{"floor":6.0,"key":"Regen Potion"},{"floor":12.0,"key":"Fruit Juice"},{"floor":13.0,"key":"Block Potion"},{"floor":23.0,"key":"DistilledChaos"},{"floor":24.0,"key":"LiquidMemories"},{"floor":41,"key":"SteroidPotion"},{"floor":44,"key":"Fire Potion"}],"is_trial":false,"path_per_floor":["M","M","$","?","$","E","?","R","T","M","M","E","M","T","R","B",null,"M","M","?","?","M","E","M","E","T","R","M","R","$","M","R","B",null,"M","M","$","M","?","E","M","E","T","M","R","?","$","E","R","B",null,"R","$","E","B",null],"character_chosen":"DEFECT","items_purchased":["Cold Snap","Ancient Tea Set","Loop+1","PowerPotion"],"campfire_rested":3,"item_purchase_floors":[3,37,47,53],"current_hp_per_floor":[75,75,75,60,60,70,70,70,70,70,44,28,26,26,51,40,85,85,73,57,57,38,55,58,53,53,53,65,65,65,68,68,57,85,83,84,84,82,82,50,57,38,38,45,70,70,85,56,81,29,90,90,90,54,23],"gold":62,"neow_bonus":"THREE_ENEMY_KILL","is_daily":false,"chose_seed":false,"campfire_upgraded":4,"win_rate":0.0,"timestamp":1611026681,"path_taken":["M","M","$","?","?","E","?","R","T","?","M","E","M","?","R","BOSS","M","?","?","?","M","E","M","E","T","R","M","R","$","M","R","BOSS","M","M","$","?","?","E","M","E","T","?","R","?","?","E","R","BOSS","R","$","E","BOSS"],"items_purchased_type":["Card","Relic","Card","Potion"],"build_version":"2020-12-22","purchased_purges":4,"victory":true,"max_hp_per_floor":[75,75,75,75,75,85,85,85,85,85,85,85,85,85,85,85,85,85,85,85,85,85,85,85,85,85,85,85,85,85,85,85,85,85,85,85,85,85,85,85,85,85,85,85,85,85,85,85,85,90,90,90,90,90,90],"relic_stats":{"Lizard Tail":0,"counters":[28,183],"Mummified Hand":[80],"Bronze Scales":[664],"Pantograph":46,"MealTicket":15,"Black Star":4,"Art of War":[8],"Whetstone":["Melter","Cold Snap"],"obtain_stats":[{"Ice Cream":42,"Pear":6,"Calipers":54,"NeowsBlessing":0,"Nilry\u0027s Codex":20,"Whetstone":54,"Frozen Egg 2":26,"Ancient Tea Set":37,"Lizard Tail":48,"Mummified Hand":42,"Bronze Scales":12,"Pantograph":23,"MealTicket":40,"Black Star":34,"Bag of Marbles":40,"Art of War":48,"Cracked Core":0,"Meat on the Bone":14,"Runic Pyramid":17,"Pocketwatch":43},{"Ice Cream":23,"Pear":3,"Calipers":27,"NeowsBlessing":0,"Nilry\u0027s Codex":10,"Whetstone":27,"Frozen Egg 2":14,"Ancient Tea Set":19,"Lizard Tail":25,"Mummified Hand":23,"Bronze Scales":6,"Pantograph":12,"MealTicket":21,"Black Star":17,"Bag of Marbles":21,"Art of War":25,"Cracked Core":0,"Meat on the Bone":7,"Runic Pyramid":8,"Pocketwatch":23},{"Ice Cream":152,"Pear":3,"Calipers":177,"NeowsBlessing":0,"Nilry\u0027s Codex":44,"Whetstone":177,"Frozen Egg 2":75,"Ancient Tea Set":118,"Lizard Tail":162,"Mummified Hand":152,"Bronze Scales":19,"Pantograph":60,"MealTicket":138,"Black Star":102,"Bag of Marbles":138,"Art of War":162,"Cracked Core":0,"Meat on the Bone":24,"Runic Pyramid":36,"Pocketwatch":152}],"Meat on the Bone":144,"Pocketwatch":[0]},"card_choices":[{"not_picked":["Sweeping Beam","Scrape"],"picked":"Rebound","floor":1.0},{"not_picked":["BootSequence","Coolheaded"],"picked":"Conserve Battery","floor":2.0},{"not_picked":["Leap","Go for the Eyes"],"picked":"Amplify","floor":6.0},{"not_picked":["Tempest","Conserve Battery"],"picked":"Melter","floor":10.0},{"not_picked":["Reprogram","Gash"],"picked":"Coolheaded","floor":11.0},{"not_picked":["Genetic Algorithm","Recycle"],"picked":"Self Repair","floor":12.0},{"not_picked":["Conserve Battery","Self Repair"],"picked":"Seek","floor":13.0},{"not_picked":["Multi-Cast","Buffer"],"picked":"Creative AI","floor":16.0},{"not_picked":["Redo","Storm"],"picked":"Glacier+1","floor":18.0},{"not_picked":["Loop","Sweeping Beam"],"picked":"BootSequence+1","floor":19.0},{"not_picked":["Cold Snap","Steam","Beam Cell"],"picked":"SKIP","floor":22.0},{"not_picked":["Steam+1","Rebound"],"picked":"Defragment","floor":23.0},{"not_picked":["Rip and Tear","Fusion+1","Heatsinks"],"picked":"SKIP","floor":24.0},{"not_picked":["Cold Snap+1","Gash+1","Buffer"],"picked":"SKIP","floor":25.0},{"not_picked":["Turbo","Undo"],"picked":"Defragment+1","floor":28.0},{"not_picked":["Sweeping Beam","Gash","Rip and Tear"],"picked":"SKIP","floor":31.0},{"not_picked":["Leap","Force Field"],"picked":"Storm+1","floor":35.0},{"not_picked":["Redo","Sweeping Beam+1","Stack+1"],"picked":"SKIP","floor":36.0},{"not_picked":["Gash+1","Barrage","Hologram"],"picked":"SKIP","floor":38},{"not_picked":["Thunder Strike","Chaos+1"],"picked":"Capacitor+1","floor":40},{"not_picked":["Sunder","Self Repair+1","Steam+1"],"picked":"SKIP","floor":41},{"not_picked":["Lockon","Cold Snap+1","Hologram"],"picked":"SKIP","floor":42},{"not_picked":["Auto Shields","Steam","Compile Driver+1"],"picked":"SKIP","floor":44},{"not_picked":["FTL","Go for the Eyes","Stack+1"],"picked":"SKIP","floor":48},{"not_picked":["Rebound+1","Seek","Leap"],"picked":"SKIP","floor":54}],"player_experience":272879,"relics_obtained":[{"floor":6.0,"key":"Pear"},{"floor":12.0,"key":"Bronze Scales"},{"floor":14.0,"key":"Meat on the Bone"},{"floor":20.0,"key":"Nilry\u0027s Codex"},{"floor":23.0,"key":"Pantograph"},{"floor":26.0,"key":"Frozen Egg 2"},{"floor":40,"key":"MealTicket"},{"floor":40,"key":"Bag of Marbles"},{"floor":42,"key":"Ice Cream"},{"floor":42,"key":"Mummified Hand"},{"floor":43,"key":"Pocketwatch"},{"floor":48,"key":"Lizard Tail"},{"floor":48,"key":"Art of War"},{"floor":54,"key":"Calipers"},{"floor":54,"key":"Whetstone"}],"event_choices":[{"damage_healed":0.0,"max_hp_gain":0.0,"max_hp_loss":0.0,"gold_gain":0.0,"event_name":"Shining Light","player_choice":"Entered Light","floor":4.0,"gold_loss":0.0,"damage_taken":15.0,"cards_upgraded":["Defend_B","Defend_B"]},{"cards_removed":["Strike_B"],"damage_healed":0.0,"max_hp_gain":0.0,"max_hp_loss":0.0,"gold_gain":0.0,"event_name":"Purifier","player_choice":"Purged","floor":7.0,"gold_loss":0.0,"damage_taken":0.0},{"damage_healed":0.0,"max_hp_gain":0.0,"max_hp_loss":0.0,"gold_gain":0.0,"event_name":"Cursed Tome","player_choice":"Obtained Book","floor":20.0,"gold_loss":0.0,"damage_taken":16.0},{"damage_healed":0.0,"max_hp_gain":0.0,"max_hp_loss":0.0,"gold_gain":0.0,"event_name":"Duplicator","player_choice":"Ignored","floor":21.0,"gold_loss":0.0,"damage_taken":0.0},{"damage_healed":0,"gold_gain":0,"player_choice":"Bought 0 Potions","damage_taken":0,"max_hp_gain":0,"max_hp_loss":0,"event_name":"The Woman in Blue","floor":39,"gold_loss":0},{"damage_healed":0,"gold_gain":0,"player_choice":"Cursed","damage_taken":0,"max_hp_gain":0,"max_hp_loss":0,"event_name":"Wheel of Change","floor":46,"gold_loss":0,"cards_obtained":["Decay"]}],"is_beta":false,"boss_relics":[{"not_picked":["Busted Crown","Runic Dome"],"picked":"Runic Pyramid"},{"not_picked":["Empty Cage","Nuclear Battery"],"picked":"Black Star"}],"items_purged_floors":[3,30,37,47],"is_endless":false,"potions_floor_spawned":[6,12,13,23,24,28,36,38,40,41,44],"ascension_level":2}}