{"host":"dwyzfvnzfcqffr30","time":1611072307,"event":{"mods":["2.2 Compatiblity","Act Like it!","Aspiration","BaseMod","Beaked The Cultist","Better Altar","Better Match","Better Note","Better Sensory Stone","Better Skull","Better Third Choice","Clockwork Mod","Colored Map","Colored Powertips","Conspire","Elementarium","GifTheSpireLib","Halation","Hermit","Hubris","Infinite Spire","Ironclad Rager","Jedi Mod","Menagerie","Mimic Mod","Minty Spire (QoL Compilation)","Permanent Neow","Random Character Button","Replay The Spire","Spicy Shops","Spikes Relics","StSLib","Stuff the Spire","The Construct","The Disciple","The Druid","The Marked","TheFirefly","Trackpad","Wandering Minibosses","vexMod"],"gold_per_floor":[51,51,109,42,42,115,173,250,250,351,430,514,514,612,612,793,793,859,970,490,490,490,490,577,577,577,658,658,662,662],"floor_reached":29,"language":"ENG","playtime":1764,"items_purged":["ReplayTheSpireMod:Reroute Power+1"],"score":494,"play_id":"3dd21c9b-2b07-4908-b264-e3fb160ba414","local_time":"20210119080507","is_ascension_mode":true,"campfire_choices":[{"floor":13,"key":"REST"},{"floor":15,"key":"RECALL"},{"floor":23,"key":"REST"}],"circlet_count":0,"master_deck":["AscendersBane","Zap+1","Dualcast+1","HandOfGreed+1","Apotheosis+1","MasterReality+1","Redo+1","Leap+1","DiskWipe+1","StuffTheSpire:ForEach+1","Crystallizer+1","Creative AI+1","StuffTheSpire:Purify+1","StuffTheSpire:Coldhearted+1","Electrodynamics+1","Leap+1","StuffTheSpire:GlassShard+1","Aggregate+1","Defragment+1","jedi:markofdeath+1","StuffTheSpire:Harmony"],"relics":["Cracked Core","Frozen Egg 2","Toxic Egg 2","Molten Egg 2","Quantum Egg","infinitespire:EvilPickle","conspire:InfiniteJournal","Bottled Tornado","Golden Idol","StuffTheSpire:Wildfire","infinitespire:Bottled Soul","halation:IllGainedPizza","Pandora\u0027s Box","ReplayTheSpireMod:TigerMarble","Potion Belt","halation:EternalFortune","StuffTheSpire:Gunfinga","Pondfish Scales","StuffTheSpire:Barrel"],"acts_visited":["Menagerie:Menagerie","TheCity"],"potions_floor_usage":[14,16,24,24,24,27,29,29],"damage_taken":[{"damage":0,"enemies":"Menagerie:WhisperingWraith","floor":1,"turns":4},{"damage":11,"enemies":"Menagerie:MonstrousExperiment","floor":3,"turns":5},{"damage":4,"enemies":"Menagerie:MaskedSummoner","floor":6,"turns":9},{"damage":0,"enemies":"Menagerie:2_RABBITS","floor":7,"turns":6},{"damage":7,"enemies":"Menagerie:Hydra","floor":8,"turns":4},{"damage":0,"enemies":"Menagerie:BEAST_MAGE_AND_PROWLING_AMALGAM","floor":10,"turns":6},{"damage":2,"enemies":"Menagerie:Hexasnake","floor":11,"turns":5},{"damage":1,"enemies":"Menagerie:MENAGERIE_WILDLIFE","floor":12,"turns":4},{"damage":6,"enemies":"Menagerie:VoidReaper","floor":14,"turns":4},{"damage":15,"enemies":"Menagerie:Suneater","floor":16,"turns":8},{"damage":22,"enemies":"2 Thieves","floor":18,"turns":3},{"damage":30,"enemies":"Chosen","floor":19,"turns":6},{"damage":2,"enemies":"Book of Stabbing","floor":24,"turns":5},{"damage":20,"enemies":"conspire:SneckoGhost","floor":27,"turns":7},{"damage":31,"enemies":"Gremlin Leader","floor":29,"turns":2}],"seed_played":"-7645107383546678892","potions_obtained":[{"floor":3,"key":"SpeedPotion"},{"floor":7,"key":"Energy Potion"},{"floor":11,"key":"PowerPotion"},{"floor":14,"key":"Fruit Juice"},{"floor":18,"key":"Venom Potion"},{"floor":24,"key":"FocusPotion"},{"floor":27,"key":"AttackPotion"}],"is_trial":false,"path_per_floor":["M","?","M","$","?","E","M","E","T","M","M","M","R","E","R","B",null,"M","M","$","?","?","R","E","?","T","E","?","E"],"character_chosen":"DEFECT","items_purchased":["DiskWipe+1","Geode","ReplayTheSpireMod:TigerMarble","Potion Belt","EntropicBrew"],"campfire_rested":2,"item_purchase_floors":[4,4,20,20,20],"current_hp_per_floor":[64,64,53,53,49,45,45,38,38,38,36,35,54,53,53,38,61,39,9,9,9,12,33,37,44,44,27,27,0,0],"gold":662,"neow_bonus":"RANDOM_COLORLESS_2","is_daily":false,"chose_seed":false,"campfire_upgraded":0,"win_rate":0.0,"timestamp":1611072307,"path_taken":["M","?","M","$","?","E","M","E","T","M","M","M","R","E","R","BOSS","M","M","$","?","?","R","E","?","T","E","?","E"],"items_purchased_type":["Card","Relic","Relic","Relic","Potion"],"build_version":"2020-12-22","purchased_purges":1,"victory":false,"max_hp_per_floor":[71,64,64,64,64,64,64,64,64,64,64,64,64,69,69,69,69,69,69,69,69,72,72,75,75,75,75,75,75,75],"card_choices":[{"not_picked":["Master of Strategy","Chrysalis"],"picked":"HandOfGreed","floor":0},{"not_picked":["Gash+1","Ball Lightning+1"],"picked":"Redo+1","floor":1},{"not_picked":["Conserve Battery+1","Echo Form+1"],"picked":"Leap+1","floor":3},{"not_picked":["Hologram+1","Sunder+1","StuffTheSpire:Rend+1"],"picked":"SKIP","floor":6},{"not_picked":["StuffTheSpire:Coldhearted+1","Compile Driver+1"],"picked":"StuffTheSpire:ForEach+1","floor":7},{"not_picked":["ReplayGash+1","StuffTheSpire:Plugnplay+1","Rebound+1"],"picked":"SKIP","floor":8},{"not_picked":["Undo+1","Ball Lightning+1","Steam Power+1"],"picked":"SKIP","floor":10},{"not_picked":["Redo+1","Compile Driver+1","FIFO Queue+1"],"picked":"SKIP","floor":11},{"not_picked":["Turbo+1","Cold Snap+1"],"picked":"Crystallizer+1","floor":12},{"not_picked":["DiskWipe+1","StuffTheSpire:CleanHardDrive+1","Force Field+1"],"picked":"SKIP","floor":14},{"not_picked":["Streamline+1","Cold Snap+1"],"picked":"Defragment+1","floor":18},{"not_picked":["Beam Cell+1","ReplayTheSpireMod:Reroute Power+1"],"picked":"jedi:markofdeath+1","floor":19},{"not_picked":["StuffTheSpire:Perfection","StuffTheSpire:Rapture"],"picked":"StuffTheSpire:Harmony","floor":21},{"not_picked":["StuffTheSpire:Plugnplay+1","Blizzard+1","Coolheaded+1"],"picked":"SKIP","floor":24},{"not_picked":["Seek+1","Ball Lightning+1","Cold Snap+1"],"picked":"SKIP","floor":27}],"player_experience":2180183,"relics_obtained":[{"floor":6,"key":"StuffTheSpire:Wildfire"},{"floor":8,"key":"infinitespire:Bottled Soul"},{"floor":14,"key":"halation:IllGainedPizza"},{"floor":24,"key":"halation:EternalFortune"},{"floor":24,"key":"StuffTheSpire:Gunfinga"},{"floor":26,"key":"Pondfish Scales"},{"floor":27,"key":"StuffTheSpire:Barrel"}],"event_choices":[{"damage_healed":0,"gold_gain":0,"player_choice":"Simplicity","damage_taken":0,"max_hp_gain":0,"max_hp_loss":8,"event_name":"betterThird:BetterWriting","floor":0,"gold_loss":0},{"damage_healed":0,"gold_gain":0,"player_choice":"Lose Max HP","damage_taken":0,"relics_obtained":["Golden Idol"],"max_hp_gain":0,"max_hp_loss":7,"event_name":"Golden Idol","floor":2,"gold_loss":0},{"damage_healed":0,"gold_gain":0,"player_choice":"Leave","damage_taken":0,"max_hp_gain":0,"max_hp_loss":0,"event_name":"conspire:Investor","floor":5,"gold_loss":0},{"damage_healed":0,"gold_gain":0,"player_choice":"Ignored","damage_taken":0,"max_hp_gain":0,"max_hp_loss":0,"event_name":"The Mausoleum","floor":28,"gold_loss":0}],"is_beta":false,"boss_relics":[{"not_picked":["aspiration:RunicSpoon","halation:Yufonium"],"picked":"Pandora\u0027s Box"}],"items_purged_floors":[20],"is_endless":false,"potions_floor_spawned":[3,7,8,11,14,18,24,27],"killed_by":"Gremlin Leader","ascension_level":15}}