{"host":"x7xd4wkamhrqrrvw","time":1611080041,"event":{"mods":["AchievementEnabler","BaseMod","Minty Spire (QoL Compilation)","StSLib"],"gold_per_floor":[14,114,129,140,150,150,183,195,220,245,55,55,66,90,90,193,193,209,44,55,55,74,74,99,24,49,63,91,91,91,103,103,205,205,217,227,227,247,264,289,305,332,332,195,195,222,222,37,37,37,37,37,37,65,65],"floor_reached":56,"language":"ENG","playtime":1927,"items_purged":["Strike_R","Strike_R","Wild Strike","Bash"],"score":1907,"play_id":"166b5c97-b668-4552-bbf6-35e5534fb321","local_time":"20210119161401","is_ascension_mode":true,"campfire_choices":[{"data":"Whirlwind","floor":6,"key":"SMITH"},{"data":"Inflame","floor":12,"key":"SMITH"},{"data":"Inflame","floor":15,"key":"SMITH"},{"data":"Good Instincts","floor":23,"key":"SMITH"},{"data":"Burning Pact","floor":29,"key":"SMITH"},{"data":"Fire Breathing","floor":32,"key":"SMITH"},{"data":"Limit Break","floor":45,"key":"SMITH"},{"floor":49,"key":"RECALL"},{"data":"Shockwave","floor":52,"key":"SMITH"}],"circlet_count":0,"master_deck":["AscendersBane","Defend_R","Defend_R","Defend_R+1","Burning Pact+1","Whirlwind+1","Shockwave+1","Fire Breathing+1","Inflame+1","Inflame+1","Impervious","Limit Break+1","Good Instincts+1","Necronomicurse","Reaper","Disarm+1"],"relics":["Burning Blood","Dream Catcher","Akabeko","Boot","Membership Card","Odd Mushroom","Sozu","Necronomicon","Vajra","Happy Flower","Velvet Choker","Bag of Marbles","Incense Burner","Mummified Hand","Art of War","MealTicket","Bronze Scales","War Paint"],"acts_visited":["Exordium","TheCity","TheBeyond","TheEnding"],"potions_floor_usage":[7,16,22],"damage_taken":[{"damage":10,"enemies":"Small Slimes","floor":1,"turns":5},{"damage":15,"enemies":"Cultist","floor":3,"turns":5},{"damage":8,"enemies":"2 Louse","floor":4,"turns":4},{"damage":16,"enemies":"Blue Slaver","floor":5,"turns":5},{"damage":25,"enemies":"Lagavulin","floor":7,"turns":7},{"damage":1,"enemies":"2 Fungi Beasts","floor":8,"turns":3},{"damage":0,"enemies":"3 Sentries","floor":10,"turns":2},{"damage":0,"enemies":"Exordium Thugs","floor":13,"turns":2},{"damage":0,"enemies":"The Mushroom Lair","floor":14,"turns":1},{"damage":11,"enemies":"Slime Boss","floor":16,"turns":5},{"damage":11,"enemies":"3 Byrds","floor":18,"turns":3},{"damage":7,"enemies":"2 Thieves","floor":20,"turns":2},{"damage":9,"enemies":"Shelled Parasite and Fungi","floor":22,"turns":2},{"damage":0,"enemies":"Slavers","floor":24,"turns":2},{"damage":11,"enemies":"Snecko","floor":27,"turns":4},{"damage":14,"enemies":"Gremlin Leader","floor":28,"turns":3},{"damage":0,"enemies":"Snake Plant","floor":31,"turns":3},{"damage":5,"enemies":"Automaton","floor":33,"turns":6},{"damage":0,"enemies":"3 Darklings","floor":35,"turns":1},{"damage":6,"enemies":"Orb Walker","floor":36,"turns":3},{"damage":0,"enemies":"Jaw Worm Horde","floor":38,"turns":1},{"damage":0,"enemies":"3 Darklings","floor":39,"turns":1},{"damage":34,"enemies":"Giant Head","floor":40,"turns":6},{"damage":15,"enemies":"Writhing Mass","floor":41,"turns":4},{"damage":28,"enemies":"Reptomancer","floor":42,"turns":3},{"damage":0,"enemies":"Giant Head","floor":46,"turns":4},{"damage":36,"enemies":"Time Eater","floor":50,"turns":5},{"damage":35,"enemies":"Shield and Spear","floor":54,"turns":4},{"damage":52,"enemies":"The Heart","floor":55,"turns":8}],"seed_played":"-8886633900692308582","potions_obtained":[{"floor":3,"key":"GamblersBrew"},{"floor":5,"key":"AttackPotion"},{"floor":7,"key":"SpeedPotion"},{"floor":10,"key":"Block Potion"}],"is_trial":false,"path_per_floor":["M","?","M","M","M","R","E","M","T","E","$","R","M","?","R","B",null,"M","$","M","?","M","R","E","?","T","M","E","R","?","M","R","B",null,"M","M","?","M","M","E","M","E","T","$","R","E","?","$","R","B",null,"R","$","E","B",null],"character_chosen":"IRONCLAD","items_purchased":["Membership Card","Limit Break","Good Instincts","Art of War","Bronze Scales","Disarm"],"campfire_rested":0,"item_purchase_floors":[11,19,19,44,48,48],"current_hp_per_floor":[68,68,59,57,47,47,28,33,33,39,39,39,45,51,51,46,72,67,67,66,50,47,47,53,53,53,48,40,40,40,46,46,47,72,78,78,78,80,80,80,80,58,58,58,58,77,77,80,80,53,73,73,80,57,31],"gold":65,"neow_bonus":"REMOVE_TWO","is_daily":false,"chose_seed":false,"campfire_upgraded":8,"win_rate":0.0,"timestamp":1611080041,"path_taken":["M","?","M","M","?","R","E","M","T","E","$","R","M","?","R","BOSS","M","$","M","?","M","R","E","?","T","M","E","R","?","M","R","BOSS","M","M","?","M","M","E","M","E","T","?","R","E","?","$","R","BOSS","R","$","E","BOSS"],"items_purchased_type":["Relic","Card","Card","Relic","Relic","Card"],"build_version":"2020-12-22","purchased_purges":4,"victory":true,"max_hp_per_floor":[80,80,80,80,80,80,80,80,80,80,80,80,80,80,80,80,80,80,80,80,80,80,80,80,80,80,80,80,80,80,80,80,80,80,80,80,80,80,80,80,80,80,80,80,80,80,80,80,80,80,80,80,80,80,80],"card_choices":[{"not_picked":["Body Slam","Perfected Strike"],"picked":"Sword Boomerang","floor":1},{"not_picked":["Sentinel","Entrench"],"picked":"Burning Pact","floor":3},{"not_picked":["Warcry","Thunderclap"],"picked":"Wild Strike","floor":4},{"not_picked":["Havoc","Clothesline"],"picked":"Whirlwind","floor":5},{"not_picked":["Entrench","Havoc"],"picked":"Shockwave","floor":7},{"not_picked":["Searing Blow","Headbutt"],"picked":"Fire Breathing","floor":8},{"not_picked":["Double Tap","Whirlwind"],"picked":"Inflame","floor":10},{"not_picked":["Clothesline","Perfected Strike","Iron Wave"],"picked":"SKIP","floor":13},{"not_picked":["Perfected Strike","Power Through"],"picked":"Inflame","floor":14},{"not_picked":["Barricade","Offering"],"picked":"Impervious","floor":16},{"not_picked":["Clash","Armaments","Spot Weakness"],"picked":"SKIP","floor":18},{"not_picked":["Rampage","Flame Barrier+1","Havoc+1"],"picked":"SKIP","floor":20},{"not_picked":["Havoc+1","Inflame+1","Headbutt+1"],"picked":"SKIP","floor":22},{"not_picked":["Hemokinesis","Havoc+1","Clash+1"],"picked":"SKIP","floor":24},{"not_picked":["Reckless Charge+1","Cleave","Sever Soul+1"],"picked":"SKIP","floor":27},{"not_picked":["Rampage","Intimidate","Infernal Blade"],"picked":"SKIP","floor":28},{"not_picked":["Shrug It Off","Dropkick","Fiend Fire"],"picked":"SKIP","floor":31},{"not_picked":["Bludgeon","Juggernaut"],"picked":"Reaper","floor":33},{"not_picked":["True Grit+1","Anger","Entrench"],"picked":"SKIP","floor":35},{"not_picked":["Combust+1","Perfected Strike","Heavy Blade"],"picked":"SKIP","floor":36},{"not_picked":["Evolve","Clash","Dark Embrace+1"],"picked":"SKIP","floor":38},{"not_picked":["Heavy Blade","True Grit","Metallicize+1"],"picked":"SKIP","floor":39},{"not_picked":["Sword Boomerang","Cleave+1","Fire Breathing"],"picked":"SKIP","floor":40},{"not_picked":["Rage+1","Armaments+1","Body Slam+1"],"picked":"SKIP","floor":41},{"not_picked":["Feel No Pain","Flex","Burning Pact"],"picked":"SKIP","floor":42},{"not_picked":["Clothesline","Body Slam","True Grit+1"],"picked":"SKIP","floor":46},{"not_picked":["Burning Pact","Corruption","Armaments"],"picked":"SKIP","floor":54}],"player_experience":338715,"relics_obtained":[{"floor":7,"key":"Dream Catcher"},{"floor":9,"key":"Akabeko"},{"floor":10,"key":"Boot"},{"floor":14,"key":"Odd Mushroom"},{"floor":21,"key":"Necronomicon"},{"floor":24,"key":"Vajra"},{"floor":28,"key":"Happy Flower"},{"floor":40,"key":"Bag of Marbles"},{"floor":42,"key":"Incense Burner"},{"floor":43,"key":"Mummified Hand"},{"floor":46,"key":"MealTicket"},{"floor":54,"key":"War Paint"}],"event_choices":[{"damage_healed":0,"gold_gain":100,"player_choice":"Pray","damage_taken":0,"max_hp_gain":0,"max_hp_loss":0,"event_name":"Golden Shrine","floor":2,"gold_loss":0},{"damage_healed":0,"gold_gain":0,"player_choice":"Fought Mushrooms","damage_taken":0,"max_hp_gain":0,"max_hp_loss":0,"event_name":"Mushrooms","floor":14,"gold_loss":0},{"damage_healed":0,"gold_gain":0,"player_choice":"Obtained Book","damage_taken":16,"max_hp_gain":0,"max_hp_loss":0,"event_name":"Cursed Tome","floor":21,"gold_loss":0},{"cards_removed":["Strike_R"],"damage_healed":0,"gold_gain":0,"player_choice":"Gave Gold","damage_taken":0,"max_hp_gain":0,"max_hp_loss":0,"event_name":"Beggar","floor":25,"gold_loss":75},{"cards_removed":["Strike_R"],"damage_healed":0,"gold_gain":0,"player_choice":"Elegance","damage_taken":0,"max_hp_gain":0,"max_hp_loss":0,"event_name":"Back to Basics","floor":30,"gold_loss":0},{"damage_healed":0,"gold_gain":0,"player_choice":"Memory 1","damage_taken":0,"max_hp_gain":0,"max_hp_loss":0,"event_name":"SensoryStone","floor":37,"gold_loss":0},{"cards_removed":["Sword Boomerang"],"damage_healed":0,"gold_gain":0,"player_choice":"Removed Attack","damage_taken":0,"max_hp_gain":0,"max_hp_loss":0,"event_name":"Falling","floor":47,"gold_loss":0}],"is_beta":false,"boss_relics":[{"not_picked":["Cursed Key","SacredBark"],"picked":"Sozu"},{"not_picked":["Runic Dome","Black Star"],"picked":"Velvet Choker"}],"items_purged_floors":[11,19,44,48],"is_endless":false,"potions_floor_spawned":[3,5,7,10,20,24,28,38,39,41],"ascension_level":11}}