{"host":"neshiy0twyn5josp","time":1611056254,"event":{"mods":["AchievementEnabler","Act Like it!","AlwaysNeverKeys","Aspiration","BaseMod","Better Note","Better Silent Start","Better Third Choice","Challenge The Spire","Colored Powertips","Conspire","Emptier Cage","Energized Spire","GifTheSpireLib","Hubris","Minty Spire (QoL Compilation)","Pale of the Ancients","Permanent Neow","Quick Restart","Rare Cards Sparkle","Replay The Spire","Reworked Bosses","StSLib","Stuff the Spire"],"gold_per_floor":[115,115,133,133,133,166,166,195,247,264,264,282,301,358,358,460,460,476,493,493,511,525,525,559,559,638,419,439,456,456,456],"floor_reached":30,"language":"ENG","playtime":1157,"items_purged":["hubris:Despair"],"score":314,"play_id":"b4892594-d99e-42d9-8ea1-5c3333782d76","local_time":"20210119033734","is_ascension_mode":true,"campfire_choices":[{"data":"Armaments","floor":7,"key":"SMITH"},{"data":"Wild Strike+1","floor":11,"key":"SMITH"},{"floor":15,"key":"REST"},{"data":"Wild Strike+2","floor":23,"key":"SMITH"},{"data":"Wild Strike+3","floor":25,"key":"SMITH"}],"circlet_count":0,"master_deck":["Strike_R","Strike_R","Strike_R","Strike_R","Defend_R","Defend_R","Defend_R","Bash+1","Wild Strike+4","Evolve","Armaments+1","Wild Strike","conspire:Purge","Armaments+1"],"relics":["StuffTheSpire:OccultApparatus","hubris:OldNail","conspire:InfiniteJournal","King of Hearts","Cursed Key","conspire:Boomerang","hubris:PeanutButter","Gremlin Food"],"acts_visited":["Exordium","TheCity"],"potions_floor_usage":[6,16,16,20,21,24,24,24],"damage_taken":[{"damage":1,"enemies":"2 Louse","floor":1,"turns":3},{"damage":1,"enemies":"Cultist","floor":3,"turns":3},{"damage":30,"enemies":"Lagavulin","floor":6,"turns":6},{"damage":24,"enemies":"Gremlin Nob","floor":8,"turns":4},{"damage":7,"enemies":"Jaw Worm","floor":10,"turns":2},{"damage":7,"enemies":"Looter","floor":12,"turns":3},{"damage":9,"enemies":"Red Slaver","floor":13,"turns":3},{"damage":19,"enemies":"Slime Boss","floor":16,"turns":9},{"damage":27,"enemies":"Spheric Guardian","floor":18,"turns":4},{"damage":28,"enemies":"Shell Parasite","floor":19,"turns":4},{"damage":35,"enemies":"Snake Plant","floor":21,"turns":4},{"damage":11,"enemies":"Snecko","floor":22,"turns":4},{"damage":6,"enemies":"Book of Stabbing","floor":24,"turns":3},{"damage":0,"enemies":"Shelled Parasite and Fungi","floor":28,"turns":3},{"damage":4,"enemies":"Cultist and Chosen","floor":29,"turns":4},{"damage":26,"enemies":"conspire:MimicChest","floor":30,"turns":2}],"seed_played":"-4992589809016976274","potions_obtained":[{"floor":3,"key":"Fire Potion"},{"floor":10,"key":"SkillPotion"},{"floor":13,"key":"Adrenaline Potion"},{"floor":16,"key":"BloodPotion"},{"floor":18,"key":"Elixir"},{"floor":20,"key":"Adrenaline Potion"},{"floor":20,"key":"LiquidMemories"},{"floor":20,"key":"LiquidMemories"},{"floor":21,"key":"BloodPotion"},{"floor":22,"key":"Explosive Potion"}],"is_trial":false,"path_per_floor":["M","?","M","$","?","E","R","E","T","M","R","M","M","?","R","B",null,"M","M","?","M","M","R","E","R","T","$","M","M","?"],"character_chosen":"IRONCLAD","items_purchased":["Gremlin Food"],"campfire_rested":1,"item_purchase_floors":[27],"current_hp_per_floor":[80,80,79,79,79,49,49,25,25,18,18,11,2,2,26,7,80,53,25,41,22,11,11,5,5,5,5,5,1,0,0],"gold":456,"neow_bonus":"UPGRADE_CARD","is_daily":false,"chose_seed":false,"campfire_upgraded":4,"win_rate":0.0,"timestamp":1611056254,"path_taken":["M","?","M","$","?","E","R","E","T","M","R","?","M","?","R","BOSS","M","M","?","M","M","R","E","R","T","$","M","?","?"],"items_purchased_type":["Relic"],"build_version":"2020-12-22","purchased_purges":1,"victory":false,"max_hp_per_floor":[80,80,80,80,80,80,80,80,80,80,80,80,80,80,80,80,80,80,80,80,80,80,80,80,80,80,80,80,80,80,80],"card_choices":[{"not_picked":["Shrug It Off","Sword Boomerang"],"picked":"Wild Strike","floor":1},{"not_picked":["Havoc","ReplayTheSpireMod:Muscle Training"],"picked":"Evolve","floor":3},{"not_picked":["Rampage","Cleave"],"picked":"Armaments","floor":6},{"not_picked":["Thunderclap","Seeing Red","StuffTheSpire:Incineration"],"picked":"SKIP","floor":8},{"not_picked":["Infernal Blade","Bloodletting","Feed"],"picked":"SKIP","floor":10},{"not_picked":["Cleave","Carnage"],"picked":"Wild Strike","floor":12},{"not_picked":["Feel No Pain","Run Through","hubris:SharpeningStone"],"picked":"SKIP","floor":13},{"not_picked":["Replay:Many Hands","Eclipse"],"picked":"conspire:Purge","floor":16},{"not_picked":["Shrug It Off","Rampage"],"picked":"Armaments+1","floor":18},{"not_picked":["Sword Boomerang","Warcry","Armaments"],"picked":"SKIP","floor":19},{"not_picked":["Second Wind+1","Sword Boomerang","Combust"],"picked":"SKIP","floor":21},{"not_picked":["Seeing Red+1","Iron Wave","StuffTheSpire:Slingshot"],"picked":"SKIP","floor":22},{"not_picked":["Double Tap","Demonic Infusion","Abandon"],"picked":"SKIP","floor":24},{"not_picked":["Flex","Twin Strike","ReplayTheSpireMod:Corrosion Curse+1"],"picked":"SKIP","floor":28},{"not_picked":["Warcry","Pommel Strike+1","Flex"],"picked":"SKIP","floor":29}],"player_experience":296917,"relics_obtained":[{"floor":6,"key":"hubris:OldNail"},{"floor":8,"key":"conspire:InfiniteJournal"},{"floor":9,"key":"King of Hearts"},{"floor":24,"key":"conspire:Boomerang"},{"floor":26,"key":"hubris:PeanutButter"}],"event_choices":[{"damage_healed":0,"gold_gain":0,"player_choice":"Forge","damage_taken":0,"max_hp_gain":0,"max_hp_loss":0,"event_name":"Accursed Blacksmith","floor":5,"gold_loss":0,"cards_upgraded":["Wild Strike"]},{"damage_healed":0,"gold_gain":57,"player_choice":"Gained Gold","damage_taken":0,"max_hp_gain":0,"max_hp_loss":0,"event_name":"Golden Wing","floor":14,"gold_loss":0},{"damage_healed":0,"gold_gain":0,"player_choice":"Got Potions","damage_taken":0,"max_hp_gain":0,"max_hp_loss":0,"event_name":"Lab","floor":20,"gold_loss":0}],"is_beta":false,"boss_relics":[{"not_picked":["Runic Dome","conspire:SlowCooker"],"picked":"Cursed Key"}],"items_purged_floors":[27],"is_endless":false,"potions_floor_spawned":[3,10,13,16,18,21,22],"killed_by":"conspire:MimicChest","ascension_level":4}}