{"host":"xrbutm0tzv4qwo7u","time":1611016459,"event":{"mods":["AchievementEnabler","BaseMod","Better Altar","Better Match","Better Note","Better Sensory Stone","Better Skull","Better Third Choice","Colored Map","Colored Powertips","Curses Come First","Dark Map","Hermit","Minty Spire (QoL Compilation)","Quick Restart","Rare Cards Sparkle","Relic Stats","StSLib","The Cursed","The Marked"],"gold_per_floor":[111,128,8,27,43,43,57,85,155,155,155,155,167,36,36,137,137,148,137,137,156,174,174,174],"floor_reached":23,"language":"ENG","playtime":770,"items_purged":["Shame"],"score":205,"play_id":"ff55dcc2-e03c-4a46-9734-eee43cd763cf","local_time":"20210118183419","is_ascension_mode":true,"campfire_choices":[{"data":"Fusion","floor":6,"key":"SMITH"},{"floor":10,"key":"REST"},{"data":"Rainbow","floor":12,"key":"SMITH"},{"data":"Chaos","floor":15,"key":"SMITH"}],"circlet_count":0,"master_deck":["Strike_B+1","Strike_B","Strike_B","Strike_B","Defend_B","Defend_B","Defend_B","Defend_B","Zap","Dualcast","Fusion+1","Chaos+1","Rebound","Ball Lightning+1","Rainbow+1","Redo","Glacier","Steam","Sunder","Creative AI","Ball Lightning","Cold Snap","Heatsinks+1","Conserve Battery+1"],"relics":["FrozenCore","Centennial Puzzle","InkBottle","Whetstone","betterThird:NestCultRelic"],"acts_visited":["Exordium","TheCity"],"potions_floor_usage":[16,16,16,23,23,23],"damage_taken":[{"damage":0,"enemies":"Cultist","floor":1,"turns":4},{"damage":10,"enemies":"Jaw Worm","floor":2,"turns":4},{"damage":3,"enemies":"2 Louse","floor":4,"turns":2},{"damage":11,"enemies":"Large Slime","floor":5,"turns":5},{"damage":18,"enemies":"Exordium Thugs","floor":7,"turns":4},{"damage":23,"enemies":"Gremlin Nob","floor":8,"turns":4},{"damage":10,"enemies":"Looter","floor":13,"turns":2},{"damage":4,"enemies":"The Guardian","floor":16,"turns":7},{"damage":0,"enemies":"Spheric Guardian","floor":18,"turns":3},{"damage":8,"enemies":"2 Thieves","floor":19,"turns":4},{"damage":9,"enemies":"Snecko","floor":21,"turns":5},{"damage":18,"enemies":"Snake Plant","floor":22,"turns":5},{"damage":57,"enemies":"Slavers","floor":23,"turns":5}],"seed_played":"-8394610160685146828","potions_obtained":[{"floor":5,"key":"LiquidBronze"},{"floor":7,"key":"LiquidBronze"},{"floor":16,"key":"Weak Potion"},{"floor":21,"key":"DistilledChaos"},{"floor":22,"key":"Dexterity Potion"}],"is_trial":false,"path_per_floor":["M","M","$","M","M","R","M","E","T","R","T","R","M","$","R","B",null,"M","M","?","M","M","E"],"character_chosen":"DEFECT","items_purchased":["Rebound","Sunder","Block Potion"],"campfire_rested":1,"item_purchase_floors":[3,14,14],"current_hp_per_floor":[89,79,79,76,65,65,47,24,24,50,50,50,40,40,40,36,89,89,81,81,72,54,0,0],"gold":174,"neow_bonus":"TWENTY_PERCENT_HP_BONUS","is_daily":false,"chose_seed":false,"campfire_upgraded":3,"win_rate":0.0,"timestamp":1611016459,"path_taken":["M","M","$","M","M","R","?","E","T","R","?","R","M","$","R","BOSS","M","M","?","M","M","E"],"items_purchased_type":["Card","Card","Potion"],"build_version":"2020-12-22","purchased_purges":1,"victory":false,"max_hp_per_floor":[89,89,89,89,89,89,89,89,89,89,89,89,89,89,89,89,89,89,89,89,89,89,89,89],"relic_stats":{"Centennial Puzzle":[18],"counters":[13,54],"Whetstone":["Strike_B","Ball Lightning"],"obtain_stats":[{"Centennial Puzzle":8,"betterThird:NestCultRelic":20,"Whetstone":11,"Cracked Core":0,"InkBottle":9,"FrozenCore":17},{"Centennial Puzzle":6,"betterThird:NestCultRelic":10,"Whetstone":6,"Cracked Core":0,"InkBottle":6,"FrozenCore":8},{"Centennial Puzzle":23,"betterThird:NestCultRelic":39,"Whetstone":23,"Cracked Core":0,"InkBottle":23,"FrozenCore":32}],"InkBottle":[9],"FrozenCore":[8]},"card_choices":[{"not_picked":["Turbo","Ball Lightning"],"picked":"Fusion","floor":1},{"not_picked":["Static Discharge","Turbo"],"picked":"Chaos","floor":2},{"not_picked":["Streamline","Leap"],"picked":"Ball Lightning","floor":4},{"not_picked":["Compile Driver","Melter"],"picked":"Rainbow","floor":5},{"not_picked":["Rip and Tear","Coolheaded"],"picked":"Redo","floor":7},{"not_picked":["Leap","Cold Snap"],"picked":"Glacier","floor":8},{"not_picked":["Turbo","Reprogram"],"picked":"Steam","floor":13},{"not_picked":["Buffer","Biased Cognition"],"picked":"Creative AI","floor":16},{"not_picked":["Streamline","Redo"],"picked":"Ball Lightning","floor":18},{"not_picked":["Self Repair","Leap"],"picked":"Cold Snap","floor":19},{"not_picked":["Steam Power","Redo"],"picked":"Heatsinks+1","floor":21},{"not_picked":["Consume","Rebound+1"],"picked":"Conserve Battery+1","floor":22}],"player_experience":60695,"relics_obtained":[{"floor":8,"key":"Centennial Puzzle"},{"floor":9,"key":"InkBottle"},{"floor":11,"key":"Whetstone"}],"event_choices":[{"damage_healed":0,"gold_gain":0,"player_choice":"Madness","damage_taken":0,"relics_obtained":["betterThird:NestCultRelic"],"max_hp_gain":0,"max_hp_loss":0,"event_name":"betterThird:BetterNest","floor":20,"gold_loss":0}],"is_beta":false,"boss_relics":[{"not_picked":["Empty Cage","Calling Bell"],"picked":"FrozenCore"}],"items_purged_floors":[3],"is_endless":false,"potions_floor_spawned":[5,7,16,21,22],"killed_by":"Slavers","ascension_level":1}}