{"host":"6a92uynocv4elkyp","time":1611060622,"event":{"mods":["AchievementEnabler","BaseMod","Infinite Spire","Minty Spire (QoL Compilation)","Quick Restart","StSLib"],"gold_per_floor":[450,450,450,450,510,588,675,675,701,794,74,158,194,287,287,512,512,516,516],"floor_reached":18,"language":"ENG","playtime":922,"items_purged":[],"score":417,"play_id":"e48969b8-a557-47b1-b73c-e4b2b0e9e6b0","local_time":"20210119135022","daily_mods":["SealedDeck","Diverse","Heirloom","Flight","DeadlyEvents","Elite Swarm","Midas"],"is_ascension_mode":true,"campfire_choices":[{"floor":8,"key":"REST"},{"floor":15,"key":"REST"}],"circlet_count":0,"master_deck":["AscendersBane","PiercingWail","Glacier","Flex","Protect","PathToVictory","BattleHymn","Streamline","Sweeping Beam","Inflame","Defragment","Coolheaded","Fusion","Adrenaline","Ragnarok","Doppelganger","Loop","FollowUp","Discovery","Sadistic Nature","Juggernaut","Carnage","Reaper","After Image"],"relics":["Burning Blood","Old Coin","Red Skull","Matryoshka","Blood Vial","Art of War","Bag of Preparation","Lantern","Dead Branch","Regal Pillow","Toy Ornithopter","Potion Belt","Omamori","Calling Bell","CeramicFish","infinitespire:Midas Blood","Champion Belt"],"acts_visited":["Exordium","TheCity"],"potions_floor_usage":[7,14,16],"damage_taken":[{"damage":0,"enemies":"2 Louse","floor":1,"turns":3},{"damage":0,"enemies":"Jaw Worm","floor":5,"turns":5},{"damage":85,"enemies":"Gremlin Nob","floor":6,"turns":5},{"damage":18,"enemies":"3 Sentries","floor":7,"turns":5},{"damage":20,"enemies":"Lagavulin","floor":10,"turns":4},{"damage":2,"enemies":"Gremlin Nob","floor":12,"turns":3},{"damage":0,"enemies":"Cultist","floor":13,"turns":3},{"damage":40,"enemies":"Lagavulin","floor":14,"turns":3},{"damage":8,"enemies":"Slime Boss","floor":16,"turns":6},{"damage":23,"enemies":"Shell Parasite","floor":18,"turns":3}],"seed_played":"-6794527973240530890","potions_obtained":[{"floor":5,"key":"FairyPotion"},{"floor":6,"key":"DistilledChaos"},{"floor":12,"key":"Swift Potion"},{"floor":14,"key":"EntropicBrew"}],"is_trial":true,"path_per_floor":["M","?","T","?","M","E","E","R","T","E","$","E","M","E","R","B",null,"M"],"character_chosen":"IRONCLAD","items_purchased":["Regal Pillow","Toy Ornithopter","Loop","FollowUp","Discovery","Sadistic Nature"],"campfire_rested":2,"item_purchase_floors":[11,11,11,11,11,11],"current_hp_per_floor":[74,74,74,74,75,28,18,40,40,28,28,34,42,15,52,67,73,52,52],"gold":516,"neow_bonus":"","is_daily":false,"chose_seed":false,"campfire_upgraded":0,"win_rate":0.0,"timestamp":1611060622,"path_taken":["M","?","?","?","M","E","E","R","T","E","$","E","M","E","R","BOSS","M"],"items_purchased_type":["Relic","Relic","Card","Card","Card","Card"],"build_version":"2020-12-22","purchased_purges":0,"victory":false,"max_hp_per_floor":[75,75,75,75,75,75,75,75,75,75,75,75,75,75,75,75,75,75,75],"card_choices":[{"not_picked":["Body Slam","Sweeping Beam"],"picked":"Coolheaded","floor":1},{"not_picked":["Battle Trance","EmptyBody"],"picked":"Fusion","floor":5},{"not_picked":["Immolate","Venomology"],"picked":"Adrenaline","floor":6},{"not_picked":["ConjureBlade","SpiritShield"],"picked":"Ragnarok","floor":7},{"not_picked":["Judgement","Phantasmal Killer"],"picked":"Doppelganger","floor":10},{"not_picked":["Biased Cognition","Scrawl"],"picked":"Juggernaut","floor":12},{"not_picked":["Turbo","WaveOfTheHand"],"picked":"Carnage","floor":13},{"not_picked":["ConjureBlade","Immolate"],"picked":"Reaper","floor":14},{"not_picked":["Fiend Fire","Biased Cognition"],"picked":"After Image","floor":16}],"player_experience":113022,"relics_obtained":[{"floor":2,"key":"Red Skull"},{"floor":3,"key":"Matryoshka"},{"floor":6,"key":"Blood Vial"},{"floor":7,"key":"Art of War"},{"floor":9,"key":"Bag of Preparation"},{"floor":9,"key":"Lantern"},{"floor":10,"key":"Dead Branch"},{"floor":12,"key":"Potion Belt"},{"floor":14,"key":"Omamori"},{"floor":17,"key":"CeramicFish"},{"floor":17,"key":"infinitespire:Midas Blood"},{"floor":17,"key":"Champion Belt"}],"event_choices":[{"damage_healed":0,"gold_gain":0,"player_choice":"Leave","damage_taken":0,"max_hp_gain":0,"max_hp_loss":0,"event_name":"The Cleric","floor":4,"gold_loss":0}],"is_beta":false,"boss_relics":[{"not_picked":["Snecko Eye","Runic Dome"],"picked":"Calling Bell"}],"items_purged_floors":[],"is_endless":false,"potions_floor_spawned":[5,6,12,14],"killed_by":"Shell Parasite","ascension_level":20}}