{"host":"e6sgj53qqwx3piqv","time":1611066649,"event":{"mods":["AchievementEnabler","Aspiration","BaseMod","BetterRewards","Colored Powertips","Downfall","Hermit","Hubris","Infinite Spire","Minty Spire (QoL Compilation)","Quick Restart","Rare Cards Sparkle","Shop Mod","StSLib","The Cursed","The Disciple","The Jungle","The Runesmith"],"gold_per_floor":[110,185,197,197,70,100,100,100,100,119,129,129,129,144,144,246,246,264,121,121,135,135,164,164,164,164],"floor_reached":25,"language":"ENG","playtime":1347,"items_purged":[],"score":244,"play_id":"58f9cf0e-984d-452a-8fcb-6d3e7ba27171","local_time":"20210119093049","is_ascension_mode":false,"campfire_choices":[{"data":"Judgement","floor":7,"key":"SMITH"},{"data":"Vault","floor":15,"key":"SMITH"},{"data":"Vault","floor":24,"key":"SMITH"}],"circlet_count":0,"master_deck":["Strike_P+1","Strike_P","Strike_P","Strike_P","Defend_P","Defend_P+1","Defend_P","Defend_P","Eruption","Vigilance","EmptyFist+1","Adaptation","Judgement+1","Evaluate","WheelKick","Prostrate","Flash of Steel+1","Vault+1","Collect","Swivel","Vault+1","PathToVictory+1","Prostrate+1","LessonLearned","CutThroughFate+1","SpiritShield","InnerPeace","EmptyBody+1","infinitespire:Fortify","infinitespire:Gouge","FollowUp"],"relics":["PureWater","NeowsBlessing","Ancient Tea Set","Gremlin Horn","Whetstone","aspiration:RitualDagger","Orrery","hubris:Towel","Meat on the Bone","Calipers"],"acts_visited":["Exordium","TheCity"],"potions_floor_usage":[16,23,23],"damage_taken":[{"damage":0,"enemies":"2 Louse","floor":1,"turns":1},{"damage":2,"enemies":"Small Slimes","floor":3,"turns":2},{"damage":0,"enemies":"3 Sentries","floor":6,"turns":1},{"damage":0,"enemies":"Cultist","floor":10,"turns":1},{"damage":0,"enemies":"Large Slime","floor":11,"turns":3},{"damage":0,"enemies":"Blue Slaver","floor":14,"turns":1},{"damage":37,"enemies":"The Guardian","floor":16,"turns":14},{"damage":17,"enemies":"Chosen","floor":18,"turns":5},{"damage":26,"enemies":"3 Byrds","floor":21,"turns":6},{"damage":67,"enemies":"Slavers","floor":23,"turns":7},{"damage":73,"enemies":"Nightmare","floor":25,"turns":7}],"seed_played":"4364357958193331089","potions_obtained":[{"floor":10,"key":"DuplicationPotion"},{"floor":11,"key":"Energy Potion"},{"floor":14,"key":"DistilledChaos"},{"floor":16,"key":"BlessingOfTheForge"},{"floor":18,"key":"infinitespire:BlackPotion"},{"floor":23,"key":"bronze:BurnAndBuffPotion"}],"is_trial":false,"path_per_floor":["M","?","M","?","$","E","R","?","T","M","M","?","T","M","R","B",null,"M","$","?","M","AVR","E","R","NM"],"character_chosen":"WATCHER","items_purchased":["Evaluate","WheelKick","Orrery"],"campfire_rested":0,"item_purchase_floors":[5,5,19],"current_hp_per_floor":[72,61,59,59,59,59,59,59,59,59,59,45,45,45,45,8,72,55,55,55,29,29,54,54,0,0],"gold":164,"neow_bonus":"THREE_ENEMY_KILL","is_daily":false,"chose_seed":false,"campfire_upgraded":3,"win_rate":0.0,"timestamp":1611066649,"path_taken":["M","?","M","?","$","E","R","?","T","?","M","?","?","?","R","BOSS","M","$","?","M","AVR","E","R","NM"],"items_purchased_type":["Card","Card","Relic"],"build_version":"2020-12-22","purchased_purges":0,"victory":false,"max_hp_per_floor":[72,72,72,72,72,72,72,72,72,72,72,72,72,72,72,72,72,72,72,72,72,72,72,72,72,72],"card_choices":[{"not_picked":["PathToVictory","FlyingSleeves"],"picked":"EmptyFist","floor":1},{"not_picked":["Study","Halt"],"picked":"Adaptation","floor":3},{"not_picked":["Wireheading","EmptyFist"],"picked":"Prostrate","floor":6},{"not_picked":["Protect","ThirdEye"],"picked":"Vault","floor":10},{"not_picked":["CrushJoints","Prostrate"],"picked":"Collect","floor":11},{"not_picked":["ClearTheMind","JustLucky"],"picked":"Swivel","floor":14},{"not_picked":["Blasphemy","SpiritShield"],"picked":"Vault","floor":16},{"not_picked":["BowlingBash","Wireheading+1"],"picked":"PathToVictory+1","floor":18},{"not_picked":["InnerPeace","Fasting2+1"],"picked":"Prostrate+1","floor":19},{"not_picked":["FlurryOfBlows","SashWhip"],"picked":"LessonLearned","floor":19},{"not_picked":["DeceiveReality","Wireheading+1"],"picked":"CutThroughFate","floor":19},{"not_picked":["SignatureMove","FlyingSleeves"],"picked":"SpiritShield","floor":19},{"not_picked":["Fasting2","FlurryOfBlows"],"picked":"InnerPeace","floor":19},{"not_picked":["Sanctity","Protect"],"picked":"EmptyBody+1","floor":21},{"not_picked":["WreathOfFlame","Scrawl"],"picked":"FollowUp","floor":23}],"player_experience":170980,"relics_obtained":[{"floor":6,"key":"Ancient Tea Set"},{"floor":9,"key":"Gremlin Horn"},{"floor":13,"key":"Whetstone"},{"floor":23,"key":"Calipers"}],"event_choices":[{"damage_healed":0,"gold_gain":75,"player_choice":"Gather Gold","damage_taken":11,"max_hp_gain":0,"max_hp_loss":0,"event_name":"World of Goop","floor":2,"gold_loss":0},{"damage_healed":0,"gold_gain":0,"player_choice":"1 cards matched","damage_taken":0,"max_hp_gain":0,"max_hp_loss":0,"event_name":"Match and Keep!","floor":8,"gold_loss":0,"cards_obtained":["Flash of Steel"]},{"damage_healed":0,"gold_gain":0,"player_choice":"Entered Light","damage_taken":14,"max_hp_gain":0,"max_hp_loss":0,"event_name":"Shining Light","floor":12,"gold_loss":0,"cards_upgraded":["Defend_P","Strike_P"]}],"is_beta":false,"boss_relics":[{"not_picked":["Busted Crown","aspiration:RunicSpoon"],"picked":"aspiration:RitualDagger"}],"items_purged_floors":[],"is_endless":false,"potions_floor_spawned":[10,11,14,16,18,23],"killed_by":"Nightmare","ascension_level":0}}