{"host":"ij84le5dz5iaw1mq","time":1611014616,"event":{"mods":["AchievementEnabler","BaseMod","Better Altar","Better Match","Better Note","Better Sensory Stone","Better Skull","Better Third Choice","BetterRewards","Colored Map","Colored Powertips","DeckTracker","Hermit","Hubris","Infinite Spire","Minty Spire (QoL Compilation)","Permanent Neow","Quick Restart","Rare Cards Sparkle","Replay The Spire","Shop Mod","StSLib","The Cursed","The Disciple","The Elementalist","The Runesmith","The Spell Scribe"],"gold_per_floor":[111,123,123,123,142,171,171,183,207,53,53,53],"floor_reached":11,"language":"ENG","playtime":1418,"items_purged":[],"score":73,"play_id":"1f404b47-510c-4e7a-91c2-932af80cbe45","local_time":"20210118190336","is_ascension_mode":false,"campfire_choices":[{"data":"DaylightSavings","floor":7,"key":"SMITH"}],"circlet_count":0,"master_deck":["Strike_Br","Strike_Br","Strike_Br","Strike_Br","Defend_Br","Defend_Br","Defend_Br","Defend_Br","SecondHand","PatternShift","OverTime","ExoVibe","DaylightSavings+5","BlueShift","Runesmith:CraftPrismatica+1","BiteCommand","LockedScales","ExoVibe+3"],"relics":["Chronometer","hubris:Icosahedron","PreservedInsect","Toxic Egg 2","MerchantsRug"],"acts_visited":["Exordium"],"potions_floor_usage":[11,11],"damage_taken":[{"damage":6,"enemies":"Jaw Worm","floor":1,"turns":7},{"damage":0,"enemies":"2 Louse","floor":2,"turns":4},{"damage":0,"enemies":"Small Slimes","floor":5,"turns":7},{"damage":4,"enemies":"Replay:BlueRogue","floor":6,"turns":15},{"damage":31,"enemies":"3 Louse","floor":8,"turns":6},{"damage":62,"enemies":"Gremlin Nob","floor":11,"turns":6}],"seed_played":"-158360806652019211","potions_obtained":[{"floor":1,"key":"Venom Potion"},{"floor":6,"key":"Block Potion"}],"is_trial":false,"path_per_floor":["M","M","?","?","M","E","R","M","T","$","E"],"character_chosen":"CHRONO_CLASS","items_purchased":["MerchantsRug","LockedScales","ExoVibe+1"],"campfire_rested":0,"item_purchase_floors":[10,10,10],"current_hp_per_floor":[59,59,59,53,53,49,49,18,18,18,0,0],"gold":53,"neow_bonus":"ONE_RANDOM_RARE_CARD","is_daily":false,"chose_seed":false,"campfire_upgraded":1,"win_rate":0.0,"timestamp":1611014616,"path_taken":["M","M","?","?","M","E","R","M","T","$","E"],"items_purchased_type":["Relic","Card","Card"],"build_version":"2020-12-22","purchased_purges":0,"victory":false,"max_hp_per_floor":[65,65,65,65,65,65,65,65,65,65,65,65],"card_choices":[{"not_picked":["HandsUpB","PrimeTime"],"picked":"ExoVibe","floor":1},{"not_picked":["TiringSlam","LockedAnchor"],"picked":"DaylightSavings","floor":2},{"not_picked":["LockedBlood","LockedMawBank","Runesmith:LithiumIon"],"picked":"BlueShift","floor":5},{"not_picked":["Engulf","WakeUpCall","Tempo+1"],"picked":"Runesmith:CraftPrismatica+1","floor":6},{"not_picked":["Backlash","PrimeTime","Runesmith:ShiftingStrike"],"picked":"BiteCommand","floor":8}],"player_experience":142159,"relics_obtained":[{"floor":6,"key":"Toxic Egg 2"},{"floor":9,"key":"Replay:Baseball"}],"event_choices":[{"damage_healed":0,"gold_gain":1,"player_choice":"Relic Relic ","damage_taken":6,"max_hp_gain":0,"max_hp_loss":0,"event_name":"betterThird:BetterScrap","floor":4,"gold_loss":0,"cards_obtained":["Doom and Gloom"]}],"is_beta":false,"boss_relics":[],"items_purged_floors":[],"is_endless":false,"potions_floor_spawned":[1,6],"killed_by":"Gremlin Nob","ascension_level":0}}