{"host":"nbmmy2ys5j9alw05","time":1611058739,"event":{"mods":["AchievementEnabler","BaseMod","Bestiary","Better Vampires","Colored Map","Colored Powertips","Googly Eyes","Minty Spire (QoL Compilation)","Quick Restart","StSLib","The Hierophant","The IronCluck","everything is the same but u backflip on backflip"],"gold_per_floor":[110,124,138,63,78,78,108,108,155,185,200,160,173,173,173,173,173],"floor_reached":16,"language":"ENG","playtime":482,"items_purged":["Strike_R"],"score":187,"play_id":"113d604c-69b6-421b-b71c-b307906ebf4f","local_time":"20210119041859","is_ascension_mode":true,"campfire_choices":[{"data":"Rupture","floor":6,"key":"SMITH"},{"floor":15,"key":"REST"}],"circlet_count":0,"master_deck":["Strike_R","Strike_R","Strike_R","Defend_R","Defend_R","Defend_R","Defend_R","Bash","Bloodletting","Flex","Rampage","Rupture+1","Intimidate","Pummel","Inflame"],"relics":["Burning Blood","NeowsBlessing","Pear","Smiling Mask","Strawberry"],"acts_visited":["Exordium"],"potions_floor_usage":[7,7,10,13,16,16],"damage_taken":[{"damage":0,"enemies":"Jaw Worm","floor":1,"turns":1},{"damage":0,"enemies":"2 Louse","floor":2,"turns":1},{"damage":0,"enemies":"Cultist","floor":3,"turns":1},{"damage":13,"enemies":"Blue Slaver","floor":5,"turns":3},{"damage":29,"enemies":"Lagavulin","floor":7,"turns":4},{"damage":37,"enemies":"Gremlin Nob","floor":10,"turns":4},{"damage":16,"enemies":"3 Louse","floor":11,"turns":5},{"damage":12,"enemies":"Exordium Wildlife","floor":13,"turns":5},{"damage":59,"enemies":"The Guardian","floor":16,"turns":7}],"seed_played":"-1683528092363987466","potions_obtained":[{"floor":1,"key":"LiquidMemories"},{"floor":3,"key":"Dexterity Potion"},{"floor":7,"key":"ColorlessPotion"},{"floor":12,"key":"DuplicationPotion"},{"floor":12,"key":"LiquidBronze"},{"floor":12,"key":"Explosive Potion"},{"floor":13,"key":"Regen Potion"}],"is_trial":false,"path_per_floor":["M","M","M","$","M","R","E","?","T","E","M","?","M","?","R","B"],"character_chosen":"IRONCLAD","items_purchased":[],"campfire_rested":1,"item_purchase_floors":[],"current_hp_per_floor":[78,80,80,80,73,73,60,53,53,29,19,19,13,13,42,0,0],"gold":173,"neow_bonus":"THREE_ENEMY_KILL","is_daily":false,"chose_seed":false,"campfire_upgraded":1,"win_rate":0.0,"timestamp":1611058739,"path_taken":["M","M","M","$","M","R","E","?","T","E","M","?","?","?","R","BOSS"],"items_purchased_type":[],"build_version":"2020-12-22","purchased_purges":1,"victory":false,"max_hp_per_floor":[80,80,80,80,80,80,90,90,90,97,97,97,97,97,97,97,97],"card_choices":[{"not_picked":["Sever Soul","Intimidate"],"picked":"Bloodletting","floor":1},{"not_picked":["Rage","Armaments"],"picked":"Flex","floor":2},{"not_picked":["Perfected Strike","Thunderclap"],"picked":"Rampage","floor":3},{"not_picked":["Heavy Blade","Headbutt"],"picked":"Rupture","floor":5},{"not_picked":["Sword Boomerang","Twin Strike","Iron Wave"],"picked":"SKIP","floor":7},{"not_picked":["Iron Wave","Wild Strike"],"picked":"Intimidate","floor":10},{"not_picked":["Anger","Warcry"],"picked":"Pummel","floor":11},{"not_picked":["True Grit","Infernal Blade"],"picked":"Inflame","floor":13}],"player_experience":472608,"relics_obtained":[{"floor":7,"key":"Pear"},{"floor":9,"key":"Smiling Mask"},{"floor":10,"key":"Strawberry"}],"event_choices":[{"cards_removed":["Strike_R"],"damage_healed":0,"gold_gain":0,"player_choice":"Card Removal","damage_taken":7,"max_hp_gain":0,"max_hp_loss":0,"event_name":"Golden Wing","floor":8,"gold_loss":0},{"damage_healed":0,"gold_gain":0,"player_choice":"Bought 3 Potions","damage_taken":0,"max_hp_gain":0,"max_hp_loss":0,"event_name":"The Woman in Blue","floor":12,"gold_loss":0},{"damage_healed":0,"gold_gain":0,"player_choice":"Ignored","damage_taken":0,"max_hp_gain":0,"max_hp_loss":0,"event_name":"Shining Light","floor":14,"gold_loss":0}],"is_beta":false,"boss_relics":[],"items_purged_floors":[4],"is_endless":false,"potions_floor_spawned":[1,3,7,13],"killed_by":"The Guardian","ascension_level":9}}