{"host":"7zdktqb5xjtif29d","time":1611093499,"event":{"mods":["AchievementEnabler","BaseMod","Colored Map","Colored Powertips","Dark Map","Highlight Path","Minty Spire (QoL Compilation)","Rare Cards Sparkle","SuperFastMode","Waifu the Spire","everything is the same but u backflip on backflip"],"gold_per_floor":[14,14,14,29,29,72,72,72,148,171,186,227,227,263,263,263,263],"floor_reached":16,"language":"ENG","playtime":699,"items_purged":[],"score":136,"play_id":"4d17787b-c594-4666-973f-96c636264cda","local_time":"20210119215819","is_ascension_mode":true,"campfire_choices":[{"data":"Bloodletting","floor":7,"key":"SMITH"},{"floor":13,"key":"REST"},{"data":"Hemokinesis","floor":15,"key":"SMITH"}],"circlet_count":0,"master_deck":["Strike_R","Strike_R","Strike_R","Strike_R","Strike_R+1","Defend_R","Defend_R","Defend_R","Defend_R+1","Bash","Bloodletting+1","Hemokinesis+1"],"relics":["Burning Blood","Ice Cream","Golden Idol","Eternal Feather","Matryoshka","Meat on the Bone","Self Forming Clay"],"acts_visited":["Exordium"],"potions_floor_usage":[6,6,12,12,12],"damage_taken":[{"damage":0,"enemies":"Small Slimes","floor":1,"turns":4},{"damage":4,"enemies":"Jaw Worm","floor":4,"turns":5},{"damage":11,"enemies":"Lagavulin","floor":6,"turns":10},{"damage":6,"enemies":"Cultist","floor":10,"turns":5},{"damage":10,"enemies":"Looter","floor":11,"turns":4},{"damage":9,"enemies":"3 Sentries","floor":12,"turns":10},{"damage":33,"enemies":"Lagavulin","floor":14,"turns":8},{"damage":62,"enemies":"The Guardian","floor":16,"turns":12}],"seed_played":"5921711244316538211","potions_obtained":[{"floor":1,"key":"LiquidMemories"},{"floor":4,"key":"PowerPotion"},{"floor":8,"key":"Block Potion"},{"floor":8,"key":"EssenceOfSteel"},{"floor":8,"key":"EssenceOfSteel"}],"is_trial":false,"path_per_floor":["M","?","$","M","?","E","R","?","T","M","M","E","R","E","R","B"],"character_chosen":"IRONCLAD","items_purchased":[],"campfire_rested":1,"item_purchase_floors":[],"current_hp_per_floor":[80,60,60,62,46,41,47,47,47,47,43,40,70,55,61,0,0],"gold":263,"neow_bonus":"ONE_RARE_RELIC","is_daily":false,"chose_seed":false,"campfire_upgraded":2,"win_rate":0.0,"timestamp":1611093499,"path_taken":["M","?","?","M","?","E","R","?","T","?","M","E","R","E","R","BOSS"],"items_purchased_type":[],"build_version":"2020-12-22","purchased_purges":0,"victory":false,"max_hp_per_floor":[80,80,80,80,80,80,80,80,80,80,80,80,80,80,80,80,80],"card_choices":[{"not_picked":["Pommel Strike","Flame Barrier"],"picked":"Bloodletting","floor":1},{"not_picked":["True Grit","Searing Blow","Intimidate"],"picked":"SKIP","floor":4},{"not_picked":["True Grit","Warcry","Pommel Strike"],"picked":"SKIP","floor":6},{"not_picked":["Shrug It Off","Flame Barrier","Rampage"],"picked":"SKIP","floor":10},{"not_picked":["Anger","Entrench","Seeing Red"],"picked":"SKIP","floor":11},{"not_picked":["Clothesline","Pommel Strike","Rage"],"picked":"SKIP","floor":12},{"not_picked":["Headbutt","Immolate"],"picked":"Hemokinesis","floor":14}],"player_experience":244756,"relics_obtained":[{"floor":6,"key":"Eternal Feather"},{"floor":9,"key":"Matryoshka"},{"floor":12,"key":"Meat on the Bone"},{"floor":14,"key":"Self Forming Clay"}],"event_choices":[{"damage_healed":0,"gold_gain":0,"player_choice":"Take Damage","damage_taken":20,"relics_obtained":["Golden Idol"],"max_hp_gain":0,"max_hp_loss":0,"event_name":"Golden Idol","floor":2,"gold_loss":0},{"damage_healed":0,"gold_gain":0,"player_choice":"Entered Light","damage_taken":16,"max_hp_gain":0,"max_hp_loss":0,"event_name":"Shining Light","floor":5,"gold_loss":0,"cards_upgraded":["Defend_R","Strike_R"]},{"damage_healed":0,"gold_gain":0,"player_choice":"Got Potions","damage_taken":0,"max_hp_gain":0,"max_hp_loss":0,"event_name":"Lab","floor":8,"gold_loss":0}],"is_beta":false,"boss_relics":[],"items_purged_floors":[],"is_endless":false,"potions_floor_spawned":[1,4,11],"killed_by":"The Guardian","ascension_level":3}}