{"host":"hbmugw1tcdgjy91l","time":1611058500,"event":{"mods":["Act Like it!","Arknights The Spire","BaseMod","Chen","Downfall","Gensokyo","Gremlin Mod","GungeonMod","Lobotomy","LobotomyExtend","Mari Mod (Legacy)","Mari\u0027s V1 Patch","Minty Spire (QoL Compilation)","Pale of the Ancients","Prisma Mod","StSLib","Td1madao Mod","TestMod","The Animator","The Bug Knight","The Mystic","WarShipGirlsR/战舰少女R mod"],"gold_per_floor":[114,114,130,150,166,200,218,103,103,103,117,147,147,163,163,264,264,264,264,284,294,307,307,333,333,356,356,368,49,49,83,83,188,188,208,208,208,108,108,138,150,180,180,180,193,210,210,224,224,224,224,224,27,54,54],"floor_reached":56,"language":"ZHS","playtime":4343,"items_purged":["ats:Strike V+1","ats:Strike G+1","ats:Defend+1"],"score":1207,"play_id":"51ed268b-c54e-4a4b-a965-316f52bd99aa","local_time":"20210119201500","is_ascension_mode":false,"campfire_choices":[{"data":"testmod-Automaton","floor":10.0,"key":"SMITH"},{"data":"ats:Part Time Job","floor":13.0,"key":"SMITH"},{"floor":15.0,"key":"RECALL"},{"data":"ats:Roar Of Ursus","floor":23.0,"key":"SMITH"},{"data":"ats:Emotion Absorption","floor":25.0,"key":"SMITH"},{"data":"RitualDagger","floor":32.0,"key":"SMITH"},{"data":"Enlightenment","floor":44,"key":"SMITH"},{"data":"testmod-RepeatForm","floor":47,"key":"SMITH"},{"data":"ats:Echo Reverb","floor":49,"key":"SMITH"},{"data":"ats:Armor Crushing Shot","floor":52,"key":"SMITH"}],"circlet_count":0,"master_deck":["ats:Strike C+1","ats:Strike S+1","ats:Armor Crushing Shot+1","ats:Defend+1","ats:Defend+1","ats:Defend+1","ats:Emotion Absorption+1","ats:Blood Oath","ats:Ignite","ats:Shell Defense+1","ats:Apocalypse","ats:Shell Defense+1","ats:Part Time Job+1","ats:Magnetic Hammer","ats:Healing Strengthening","ats:Roar Of Ursus+1","ats:Shadow Raid","ats:Spore Proliferation+1","RitualDagger+1","ats:Burning Ground","testmod-RepeatForm+1","ats:Sunburst","ats:Very Hot Blade","ats:Echo Reverb+1","ats:Assault Order","Madness","Enlightenment+1","ats:Composite Medical Shells+1","ats:Guardian Obelisk+1","ats:Ignite+1","ats:Defend Order+1"],"relics":["ats:Sanity","testmod-TestBox","testmod-BlackFramedGlasses","LetterFromLob","ats:Originium","Lantern","DemoMod:GnawedKey","Letter Opener","testmod-ObsoleteBoomerang","testmod-CardMagician","InspiredRelic","DemoMod:ClearGuonStone","testmod-LifeArmor","testmod-Fanaticism","Gremlin Horn","White Beast Statue","Blue Candle","InkBottle"],"acts_visited":["Exordium","TheCity","TheBeyond","TheEnding"],"potions_floor_usage":[55,55,55],"damage_taken":[{"damage":5.0,"enemies":"Jaw Worm","floor":1.0,"turns":4.0},{"damage":1.0,"enemies":"2 Louse","floor":3.0,"turns":2.0},{"damage":0.0,"enemies":"Small Slimes","floor":4.0,"turns":2.0},{"damage":4.0,"enemies":"Blue Slaver","floor":5.0,"turns":4.0},{"damage":52.0,"enemies":"3 Sentries","floor":6.0,"turns":11.0},{"damage":3.0,"enemies":"2 Fungi Beasts","floor":7.0,"turns":4.0},{"damage":6.0,"enemies":"3 Louse","floor":11.0,"turns":3.0},{"damage":28.0,"enemies":"Gremlin Nob","floor":12.0,"turns":4.0},{"damage":6.0,"enemies":"Blue Slaver","floor":14.0,"turns":2.0},{"damage":85.0,"enemies":"Hexaghost","floor":16.0,"turns":15.0},{"damage":4.0,"enemies":"3 Byrds","floor":20.0,"turns":3.0},{"damage":3.0,"enemies":"Spheric Guardian","floor":21.0,"turns":4.0},{"damage":21.0,"enemies":"Shelled Parasite and Fungi","floor":22.0,"turns":5.0},{"damage":16.0,"enemies":"Book of Stabbing","floor":24.0,"turns":6.0},{"damage":0.0,"enemies":"Centurion and Healer","floor":28.0,"turns":7.0},{"damage":14.0,"enemies":"Gremlin Leader","floor":31.0,"turns":8.0},{"damage":39.0,"enemies":"Automaton","floor":33.0,"turns":13.0},{"damage":36.0,"enemies":"3 Darklings","floor":35.0,"turns":6.0},{"damage":76.0,"enemies":"Nemesis","floor":40.0,"turns":7.0},{"damage":29.0,"enemies":"Orb Walker","floor":41.0,"turns":4.0},{"damage":1,"enemies":"Giant Head","floor":42,"turns":6},{"damage":28,"enemies":"Maw","floor":45,"turns":7},{"damage":26,"enemies":"Transient","floor":46,"turns":5},{"damage":28,"enemies":"Jaw Worm Horde","floor":48,"turns":2},{"damage":41,"enemies":"Awakened One","floor":50,"turns":8},{"damage":75,"enemies":"Shield and Spear","floor":54,"turns":6},{"damage":21,"enemies":"The Heart","floor":55,"turns":6}],"seed_played":"3897125446402456717","potions_obtained":[{"floor":1.0,"key":"champ:CounterPotion"},{"floor":14.0,"key":"Fruit Juice"},{"floor":16.0,"key":"Fire Potion"},{"floor":21.0,"key":"Explosive Potion"},{"floor":28.0,"key":"DuplicationPotion"},{"floor":40.0,"key":"Block Potion"},{"floor":45,"key":"BlessingOfTheForge"}],"is_trial":false,"path_per_floor":["M","?","M","M","M","E","M","$","T","R","M","E","R","M","R","B",null,"M","?","M","M","M","R","E","R","T","?","M","$","?","E","R","B",null,"M","?","?","$","?","E","M","E","T","R","M","M","R","M","R","B",null,"R","$","E","B",null],"character_chosen":"DOCTOR_CLASS","items_purchased":["DemoMod:GnawedKey","testmod-RepeatForm","ats:Sunburst","Ancient Potion"],"campfire_rested":0,"item_purchase_floors":[8,29,29,53],"current_hp_per_floor":[69,72,72,72,71,44,52,52,52,52,49,35,35,36,36,63,77,72,72,72,71,72,72,72,72,72,66,72,72,72,72,72,64,72,72,63,63,63,63,72,67,72,72,72,68,54,54,58,58,72,72,72,72,42,72],"gold":54,"neow_bonus":"RANDOM_COLORLESS","is_daily":false,"chose_seed":false,"campfire_upgraded":9,"win_rate":0.0,"timestamp":1611058500,"path_taken":["M","?","M","M","M","E","M","$","T","R","M","E","R","M","R","BOSS","M","?","M","M","M","R","E","R","T","?","M","$","?","E","R","BOSS","M","?","?","$","?","E","M","E","T","R","M","?","R","M","R","BOSS","R","$","E","BOSS"],"items_purchased_type":["Relic","Card","Card","Potion"],"build_version":"2020-12-22","purchased_purges":3,"victory":true,"max_hp_per_floor":[72,72,72,72,72,72,72,72,72,72,72,72,72,77,77,77,77,72,72,72,72,72,72,72,72,72,72,72,72,72,72,72,72,72,72,72,72,72,72,72,72,72,72,72,72,72,72,72,72,72,72,72,72,72,72],"card_choices":[{"not_picked":["Finesse","Purity"],"picked":"testmod-Automaton","floor":0.0},{"not_picked":["ats:Flexible Camouflage","ats:Consecutive Shot Auto"],"picked":"ats:Blood Oath","floor":1.0},{"not_picked":["ats:Powerful Strike","ats:Assault Order"],"picked":"ats:Ignite","floor":3.0},{"not_picked":["ats:Childhood Dance","ats:Consecutive Shot Auto"],"picked":"ats:Shell Defense","floor":4.0},{"not_picked":["ats:Magnetic Hammer","ats:Leaping Hammer","ats:Consecutive Shot Auto"],"picked":"SKIP","floor":5.0},{"not_picked":["ats:Rapid Magazine","ats:Cat Scratch"],"picked":"ats:Apocalypse","floor":6.0},{"not_picked":["ats:Powerful Strike","ats:Curse Doll"],"picked":"ats:Shell Defense","floor":7.0},{"not_picked":["ats:Song Of Battle","ats:Apocalypse"],"picked":"ats:Part Time Job","floor":11.0},{"not_picked":["ats:Flame Of Heaven","ats:Flexible Camouflage"],"picked":"ats:Magnetic Hammer","floor":12.0},{"not_picked":["ats:Consecutive Shot Auto","ats:Collapsing Strike"],"picked":"ats:Healing Strengthening","floor":14.0},{"not_picked":["ats:Nebulous Foxfire","ats:True Silver Slash"],"picked":"ats:Roar Of Ursus","floor":16.0},{"not_picked":["ats:Consecutive Shot Auto","ats:Explosion Area Strengthen","ats:Closed Bolt Burst Fire"],"picked":"SKIP","floor":20.0},{"not_picked":["ats:Apocalypse","ats:Shell Defense"],"picked":"ats:Shadow Raid","floor":21.0},{"not_picked":["ats:Cat Scratch","ats:Apocalypse+1"],"picked":"ats:Spore Proliferation+1","floor":22.0},{"not_picked":["ats:Closed Bolt Burst Fire","ats:Steam Pump","ats:Fractured Body"],"picked":"SKIP","floor":24.0},{"not_picked":["ats:Revitalization","ats:Consecutive Shot Auto"],"picked":"ats:Burning Ground","floor":28.0},{"not_picked":["ats:Leaping Hammer+1","ats:Song Of Battle"],"picked":"ats:Very Hot Blade","floor":31.0},{"not_picked":["ats:Disruption Kick","ats:Wolf Pack"],"picked":"ats:Echo Reverb","floor":33.0},{"not_picked":["ats:Shell Defense","ats:Powerful Strike+1"],"picked":"ats:Assault Order","floor":35.0},{"not_picked":["testmod-Bloodthirsty","testmod-TemporaryDeletion"],"picked":"Enlightenment","floor":39.0},{"not_picked":["ats:Assault Order+1","ats:Flexible Camouflage"],"picked":"ats:Composite Medical Shells+1","floor":40.0},{"not_picked":["ats:Ignite+1","ats:Echo Reverb"],"picked":"ats:Guardian Obelisk+1","floor":41.0},{"not_picked":["ats:Shadow Raid","ats:Healing Drone+1","ats:Consecutive Shot Auto"],"picked":"SKIP","floor":42},{"not_picked":["ats:Thorns+1","ats:Hammer On+1"],"picked":"ats:Ignite+1","floor":45},{"not_picked":["ats:Leaping Hammer","ats:Flexible Camouflage","ats:Cat Scratch+1"],"picked":"SKIP","floor":46},{"not_picked":["ats:Leaping Hammer","ats:Flexible Camouflage","ats:Cat Scratch+1"],"picked":"SKIP","floor":46},{"not_picked":["ats:Leaping Hammer+1","ats:Red Shift+1"],"picked":"ats:Defend Order+1","floor":48},{"not_picked":["ats:Leaping Hammer","ats:Poison Spread","ats:Red Shift"],"picked":"SKIP","floor":54}],"player_experience":476196,"relics_obtained":[{"floor":1.0,"key":"LetterFromLob"},{"floor":6.0,"key":"ats:Originium"},{"floor":6.0,"key":"Lantern"},{"floor":9.0,"key":"Letter Opener"},{"floor":12.0,"key":"ats:Originium"},{"floor":12.0,"key":"testmod-ObsoleteBoomerang"},{"floor":24.0,"key":"ats:Originium"},{"floor":24.0,"key":"DemoMod:ClearGuonStone"},{"floor":31.0,"key":"testmod-LifeArmor"},{"floor":40.0,"key":"Gremlin Horn"},{"floor":42,"key":"White Beast Statue"},{"floor":43,"key":"Blue Candle"},{"floor":54,"key":"InkBottle"}],"event_choices":[{"damage_healed":0.0,"max_hp_gain":0.0,"max_hp_loss":0.0,"gold_gain":0.0,"event_name":"Back to Basics","player_choice":"Simplicity","floor":19.0,"gold_loss":0.0,"damage_taken":0.0,"cards_upgraded":["ats:Strike C","ats:Strike G","ats:Strike S","ats:Strike V","ats:Defend","ats:Defend","ats:Defend","ats:Defend"]},{"damage_healed":0.0,"max_hp_gain":0.0,"max_hp_loss":0.0,"gold_gain":0.0,"event_name":"Nest","player_choice":"Joined the Cult","floor":27.0,"gold_loss":0.0,"damage_taken":6.0,"cards_obtained":["RitualDagger"]},{"damage_healed":0.0,"max_hp_gain":0.0,"max_hp_loss":0.0,"gold_gain":0.0,"event_name":"给自己的盒子","player_choice":"Swap Relic","floor":30.0,"relics_lost":["MariMod:MariFestivalBadge"],"gold_loss":0.0,"damage_taken":0.0,"relics_obtained":["MariMod:MariFestivalBadge"]},{"damage_healed":0.0,"max_hp_gain":0.0,"max_hp_loss":0.0,"gold_gain":0.0,"event_name":"Winding Halls","player_choice":"Embrace Madness","floor":36.0,"gold_loss":0.0,"damage_taken":9.0,"cards_obtained":["Madness","Madness"]},{"cards_removed":["Madness"],"damage_healed":0.0,"max_hp_gain":0.0,"max_hp_loss":0.0,"gold_gain":0.0,"event_name":"Falling","player_choice":"Removed Skill","floor":37.0,"gold_loss":0.0,"damage_taken":0.0},{"damage_healed":0.0,"max_hp_gain":0.0,"max_hp_loss":0.0,"gold_gain":0.0,"event_name":"SensoryStone","player_choice":"Memory 1","floor":39.0,"gold_loss":0.0,"damage_taken":0.0}],"is_beta":false,"boss_relics":[{"not_picked":["Velvet Choker","testmod-EnergyCheck"],"picked":"testmod-CardMagician"},{"not_picked":["Snecko Eye","SacredBark"],"picked":"testmod-Fanaticism"}],"items_purged_floors":[29,38,53],"is_endless":false,"potions_floor_spawned":[1,6,14,16,21,28,40,42,45,46,48,54],"ascension_level":0}}