{"host":"qqgw5gp46oujbhdl","time":1611070111,"event":{"mods":["Aspiration","Bard","BaseMod","BetterRewards","CatGirl Mod","Downfall","Hermit","Infinite Spire","Minty Spire (QoL Compilation)","StSLib","The Death Knight","The Disciple","The Forsaken","The Hierophant","The Problem Sleuth","The Servant 0.9.4","The Spell Scribe","The Valiant","TheBandit","TheVacant","Wandering Minibosses"],"gold_per_floor":[112,126,126,126,301,301,320,320,320,320,320,320,320],"floor_reached":11,"language":"POL","playtime":408,"items_purged":[],"score":64,"play_id":"37472403-c671-4d39-9781-af8229d6b459","local_time":"20210119162831","is_ascension_mode":true,"campfire_choices":[{"floor":6,"key":"REST"},{"floor":8,"key":"REST"},{"data":"theSleuth:Tootshotgun","floor":10,"key":"SMITH"}],"circlet_count":0,"master_deck":["theSleuth:Strike","theSleuth:Strike","theSleuth:Strike","theSleuth:Strike","theSleuth:Defend","theSleuth:Defend","theSleuth:Defend","theSleuth:KeyHandgun","theSleuth:TakeInventory","theSleuth:Diplomacy","theSleuth:Parry","theSleuth:WeighIn","Doubt","theSleuth:Tootshotgun+1"],"relics":["theSleuth:Typewriter","aspiration:Nostalgia","PureWater","Golden Idol","Lantern","aspiration:ChemicalBlood"],"acts_visited":["Exordium"],"potions_floor_usage":[],"damage_taken":[{"damage":1,"enemies":"2 Louse","floor":1,"turns":3},{"damage":2,"enemies":"Cultist","floor":2,"turns":4},{"damage":11,"enemies":"Jaw Worm","floor":7,"turns":6},{"damage":9,"enemies":"Lagavulin","floor":11,"turns":5}],"seed_played":"1687867514253978236","potions_obtained":[{"floor":1,"key":"SpeedPotion"},{"floor":2,"key":"DeathKnight:RimePotion"}],"is_trial":false,"path_per_floor":["M","M","?","?","?","R","M","R","T","R","E"],"character_chosen":"THE_sleuth","items_purchased":[],"campfire_rested":2,"item_purchase_floors":[],"current_hp_per_floor":[72,70,52,19,19,40,29,50,50,50,41,41,41],"gold":320,"neow_bonus":"NOSTALGIA","is_daily":false,"chose_seed":false,"campfire_upgraded":1,"win_rate":0.0,"timestamp":1611070111,"path_taken":["M","M","?","?","?","R","M","R","T","R","E"],"items_purchased_type":[],"build_version":"2020-12-22","purchased_purges":0,"victory":false,"max_hp_per_floor":[73,73,73,73,73,73,73,73,73,73,73,73,73],"card_choices":[{"not_picked":["theSleuth:Tootshotgun","theSleuth:Taze"],"picked":"theSleuth:Parry","floor":1},{"not_picked":["theSleuth:SpadeDig","theSleuth:FlaskOfWhiskey"],"picked":"theSleuth:WeighIn","floor":2},{"not_picked":["theSleuth:Ignore","theSleuth:HeartStab"],"picked":"theSleuth:Tootshotgun","floor":7}],"player_experience":442004,"relics_obtained":[{"floor":9,"key":"aspiration:ChemicalBlood"}],"event_choices":[{"damage_healed":0,"gold_gain":0,"player_choice":"Take Damage","damage_taken":18,"relics_obtained":["Golden Idol"],"max_hp_gain":0,"max_hp_loss":0,"event_name":"Golden Idol","floor":3,"gold_loss":0},{"damage_healed":0,"gold_gain":0,"player_choice":"Success","damage_taken":33,"relics_obtained":["Lantern"],"max_hp_gain":0,"max_hp_loss":0,"event_name":"Scrap Ooze","floor":4,"gold_loss":0},{"damage_healed":0,"gold_gain":175,"player_choice":"AGREE","damage_taken":0,"max_hp_gain":0,"max_hp_loss":0,"event_name":"Liars Game","floor":5,"gold_loss":0,"cards_obtained":["Doubt"]}],"is_beta":false,"boss_relics":[],"items_purged_floors":[],"is_endless":false,"potions_floor_spawned":[1,2],"killed_by":"Lagavulin","ascension_level":1}}