{"host":"sy0sbf0rsk5t5kf4","time":1611041647,"event":{"mods":["BaseMod","Downfall","Minty Spire (QoL Compilation)","StSLib"],"gold_per_floor":[99,116,116,216,10,25,49,49,67,81,81,93,112,140,150,254,254,254,272,272,272,287,302,327,327,346,346,446,459,477,504,523,618,618,618,635,18,29,52,67,67,67,67,67],"floor_reached":42,"language":"ZHS","playtime":3240,"items_purged":["Normality","downfall:Haunted"],"score":529,"play_id":"538595a6-dd40-4ca8-b257-ca362b6b85bb","local_time":"20210119153407","is_ascension_mode":false,"campfire_choices":[{"data":"Slimebound:Split","floor":1,"key":"SMITH"},{"data":"Slimebound:LevelUp","floor":11,"key":"SMITH"},{"data":"Slimebound:OneTwoCombo","floor":18,"key":"SMITH"},{"data":"Slimebound:LeadByExample","floor":25,"key":"SMITH"},{"data":"Slimebound:LivingWall","floor":27,"key":"SMITH"},{"data":"Slimebound:OneTwoCombo","floor":35,"key":"SMITH"}],"circlet_count":0,"master_deck":["Slimebound:Tackle","Slimebound:Defend_Slimebound","Slimebound:Defend_Slimebound+1","Slimebound:Defend_Slimebound","Slimebound:Defend_Slimebound","Slimebound:Split+1","Slimebound:CorrosiveSpit","CurseOfTheBell","Slimebound:SplitMire","Slimebound:FirmFortitude","Slimebound:SplitAcid","Slimebound:Repurpose","Slimebound:LeadByExample","Slimebound:SplitSpecialist","Slimebound:LivingWall+1","Slimebound:LevelUp+1","Slimebound:MassFeed","Slimebound:SlimeSpikes","Slimebound:AcidTongue","Slimebound:Equalize","Slimebound:OneTwoCombo+1","Slimebound:ForwardTackle+1","Slimebound:Tackle+1","Slimebound:Tackle+1","Slimebound:Tackle+1","RitualDagger","Slimebound:LeadByExample+1","Slimebound:GoopSpray","Slimebound:LivingWall+1","Slimebound:LivingWall","Slimebound:LivingWall+1","Slimebound:SplitAcid+1","Slimebound:DisruptingSlam","Slimebound:OneTwoCombo+1","Slimebound:SamplingLick+1","Slimebound:SplitSpecialist+1","expansioncontent:QuickStudy","Slimebound:LivingWall","Slimebound:SamplingLick","Slimebound:Gluttony+1","Slimebound:SplitAcid","expansioncontent:DashGenerateEvil","Slimebound:MinionMaster"],"relics":["Calling Bell","Omamori","Meat on the Bone","Ginger","Darkstone Periapt","Unceasing Top","bronze:MakeshiftBattery","Toy Ornithopter","Turnip","Bottled Lightning","War Paint","SlaversCollar","Bottled Tornado","Sling","Gremlin Horn"],"acts_visited":["Exordium","TheCity","TheBeyond"],"potions_floor_usage":[13,13,16,23,28,28,32,33,37,42,42,42],"damage_taken":[{"damage":2,"enemies":"Small Slimes","floor":2,"turns":3},{"damage":0,"enemies":"downfall:FleeingMerchant","floor":5,"turns":4},{"damage":11,"enemies":"Jaw Worm","floor":6,"turns":4},{"damage":0,"enemies":"Cultist","floor":9,"turns":3},{"damage":17,"enemies":"Exordium Wildlife","floor":10,"turns":5},{"damage":29,"enemies":"Exordium Thugs","floor":12,"turns":4},{"damage":7,"enemies":"3 Louse","floor":13,"turns":2},{"damage":23,"enemies":"Gremlin Nob","floor":14,"turns":5},{"damage":3,"enemies":"Large Slime","floor":15,"turns":3},{"damage":14,"enemies":"SI_SHIV_ARCHETYPE","floor":16,"turns":8},{"damage":22,"enemies":"Spheric Guardian","floor":19,"turns":4},{"damage":11,"enemies":"Shell Parasite","floor":22,"turns":3},{"damage":22,"enemies":"Centurion and Healer","floor":23,"turns":6},{"damage":16,"enemies":"Cultist and Chosen","floor":26,"turns":6},{"damage":39,"enemies":"DF_ARCHETYPE_STREAMLINE","floor":28,"turns":6},{"damage":16,"enemies":"Sentry and Sphere","floor":29,"turns":5},{"damage":6,"enemies":"3 Cultists","floor":30,"turns":5},{"damage":28,"enemies":"Centurion and Healer","floor":32,"turns":4},{"damage":44,"enemies":"WA_ARCHETYPE_CALM","floor":33,"turns":9},{"damage":33,"enemies":"3 Shapes","floor":36,"turns":4},{"damage":5,"enemies":"downfall:FleeingMerchant","floor":37,"turns":4},{"damage":21,"enemies":"Orb Walker","floor":38,"turns":3},{"damage":0,"enemies":"downfall:FleeingMerchant","floor":39,"turns":4},{"damage":24,"enemies":"Spire Growth","floor":40,"turns":4},{"damage":66,"enemies":"Nemesis","floor":42,"turns":4}],"seed_played":"8046595449012823446","potions_obtained":[{"floor":2,"key":"PowerPotion"},{"floor":10,"key":"Block Potion"},{"floor":12,"key":"bronze:BurnAndBuffPotion"},{"floor":13,"key":"SpeedPotion"},{"floor":14,"key":"Fire Potion"},{"floor":16,"key":"Fire Potion"},{"floor":19,"key":"LiquidMemories"},{"floor":26,"key":"AttackPotion"},{"floor":28,"key":"Fire Potion"},{"floor":30,"key":"SkillPotion"},{"floor":33,"key":"Ancient Potion"},{"floor":36,"key":"Weak Potion"},{"floor":38,"key":"Fire Potion"}],"is_trial":false,"path_per_floor":["R","M","?","?","$","M","T","?","M","M","R","M","M","E","M","B",null,"R","M","?","?","M","M","T","R","M","R","?","M","M","T","M","B",null,"R","M","$","M","?","M","T","E"],"character_chosen":"SLIMEBOUND","items_purchased":["Slimebound:Repurpose","Slimebound:LeadByExample","expansioncontent:QuickStudy","Bottled Tornado","Slimebound:LivingWall","Slimebound:SamplingLick","Sling","expansioncontent:DashGenerateEvil"],"campfire_rested":0,"item_purchase_floors":[5,5,37,37,37,37,39,39],"current_hp_per_floor":[65,63,63,92,92,81,81,87,87,70,70,53,58,47,56,58,100,100,78,78,72,61,51,51,51,49,49,36,34,44,44,37,14,100,100,70,72,55,55,43,43,0,0,0],"gold":67,"neow_bonus":"BOSS_RELIC","is_daily":false,"chose_seed":false,"campfire_upgraded":6,"win_rate":0.0,"timestamp":1611041647,"path_taken":["R","M","?","?","$","M","T","?","M","M","R","M","?","E","M","BOSS","R","M","?","?","M","M","T","R","M","R","?","M","M","?","M","BOSS","R","M","$","M","?","M","T","E"],"items_purchased_type":["Card","Card","Card","Relic","Card","Card","Relic","Card"],"build_version":"2020-12-22","purchased_purges":2,"victory":false,"max_hp_per_floor":[65,65,65,94,94,94,94,100,100,100,100,100,100,100,100,100,100,100,100,100,100,100,100,100,100,100,100,100,100,100,100,100,100,100,100,103,103,103,103,103,103,103,103,103],"card_choices":[{"not_picked":["Slimebound:Prepare","Slimebound:ComboTackle"],"picked":"Slimebound:SplitMire","floor":2},{"not_picked":["Slimebound:ComboTackle","Slimebound:Chomp"],"picked":"Slimebound:SplitAcid","floor":5},{"not_picked":["Slimebound:DivideAndConquer","Slimebound:SplitMire"],"picked":"Slimebound:SplitSpecialist","floor":6},{"not_picked":["Slimebound:ItLooksTasty","Slimebound:FinishingTackle"],"picked":"Slimebound:LivingWall","floor":9},{"not_picked":["Slimebound:Schlurp","Slimebound:ComboTackle"],"picked":"Slimebound:LevelUp","floor":10},{"not_picked":["Slimebound:Prepare","Slimebound:RejuvenatingLick"],"picked":"Slimebound:MassFeed","floor":12},{"not_picked":["Slimebound:Chomp","Slimebound:AcidTongue"],"picked":"Slimebound:SlimeSpikes","floor":13},{"not_picked":["Slimebound:SplitBruiser","Slimebound:GoopTackle"],"picked":"Slimebound:AcidTongue","floor":14},{"not_picked":["Slimebound:HauntingLick","Slimebound:LeechingTouch"],"picked":"Slimebound:Equalize","floor":15},{"not_picked":["Slimebound:OozeBath","Slimebound:DouseInSlime"],"picked":"Slimebound:OneTwoCombo","floor":16},{"not_picked":["Slimebound:Repurpose","Slimebound:GoopSpray+1"],"picked":"Slimebound:ForwardTackle+1","floor":19},{"not_picked":["Slimebound:LeechEnergy","Slimebound:RollThrough+1"],"picked":"Slimebound:LeadByExample","floor":22},{"not_picked":["Slimebound:SplitAcid+1","Slimebound:SlimeSpikes"],"picked":"Slimebound:GoopSpray","floor":23},{"not_picked":["Slimebound:LevelUp+1","Slimebound:RejuvenatingLick+1"],"picked":"Slimebound:LivingWall","floor":26},{"not_picked":["Slimebound:HauntingLick","Slimebound:PressTheAttack"],"picked":"Slimebound:LivingWall","floor":28},{"not_picked":["Slimebound:Nibble+1","Slimebound:GrowthPunch"],"picked":"Slimebound:LivingWall+1","floor":29},{"not_picked":["Slimebound:GrowthPunch","Slimebound:ItLooksTasty"],"picked":"Slimebound:SplitAcid+1","floor":30},{"not_picked":["Slimebound:Prepare","Slimebound:GrowthPunch"],"picked":"Slimebound:DisruptingSlam","floor":32},{"not_picked":["Slimebound:RallyTheTroops","Slimebound:MassRepurpose"],"picked":"Slimebound:OneTwoCombo","floor":33},{"not_picked":["Slimebound:BestDefense","Slimebound:SplitBruiser"],"picked":"Slimebound:SamplingLick+1","floor":36},{"not_picked":["Slimebound:MegaLick+1","Slimebound:ServeAndProtect"],"picked":"Slimebound:SplitSpecialist+1","floor":37},{"not_picked":["Slimebound:SamplingLick","Slimebound:SplitBruiser"],"picked":"Slimebound:Gluttony+1","floor":38},{"not_picked":["Slimebound:Prepare","Slimebound:Dissolve"],"picked":"Slimebound:SplitAcid","floor":39},{"not_picked":["Slimebound:Prepare+1","Slimebound:GoopTackle"],"picked":"Slimebound:MinionMaster","floor":40}],"player_experience":173747,"relics_obtained":[{"floor":0,"key":"Omamori"},{"floor":0,"key":"Meat on the Bone"},{"floor":0,"key":"Ginger"},{"floor":14,"key":"Unceasing Top"},{"floor":24,"key":"Toy Ornithopter"},{"floor":28,"key":"Turnip"},{"floor":28,"key":"Bottled Lightning"},{"floor":31,"key":"War Paint"},{"floor":41,"key":"Gremlin Horn"}],"event_choices":[],"is_beta":false,"boss_relics":[{"not_picked":["Slimebound:TarBlob","Snecko Eye"],"picked":"bronze:MakeshiftBattery"},{"not_picked":["Pandora\u0027s Box","Runic Pyramid"],"picked":"SlaversCollar"}],"items_purged_floors":[5,37],"is_endless":false,"potions_floor_spawned":[2,10,12,13,14,16,19,26,28,30,33,36,38],"killed_by":"Nemesis","ascension_level":0}}