{"host":"fuszjwm6fqgjjp4d","time":1611035194,"event":{"mods":["BaseMod","Bestiary","Colored Map","DeckTracker","Minty Spire (QoL Compilation)","Permanent Neow","Relic Sorter","Relic Stats","StSLib"],"gold_per_floor":[115,115,6,16,16,43,61,95,107,119,149,161,173,200,212,298,310,333,357,284,346,378,390,390],"floor_reached":23,"language":"ENG","playtime":505,"items_purged":[],"score":452,"play_id":"ff3f44fc-0e9f-49b4-9603-fc89a11fb586","local_time":"20210118234634","is_ascension_mode":true,"campfire_choices":[{"data":"Bash","floor":12.0,"key":"SMITH"},{"floor":15.0,"key":"REST"}],"circlet_count":0,"master_deck":["AscendersBane","Strike_R","Strike_R","Strike_R","Strike_R","Strike_R","Defend_R","Defend_R","Defend_R","Defend_R","Bash+1","Pommel Strike+1","Cleave","Sword Boomerang","Shockwave+1","Bludgeon+1","Warcry+1","Shrug It Off+1","Fiend Fire+1","Inflame","Spot Weakness+1"],"relics":["Burning Blood","NeowsBlessing","Blue Candle","Molten Egg 2","Toxic Egg 2","MawBank","Bag of Marbles","Runic Cube","Pear"],"acts_visited":["Exordium","TheCity"],"potions_floor_usage":[19,19,22],"damage_taken":[{"damage":0.0,"enemies":"2 Louse","floor":1.0,"turns":1.0},{"damage":0.0,"enemies":"Jaw Worm","floor":4.0,"turns":1.0},{"damage":0.0,"enemies":"Lagavulin","floor":6.0,"turns":1.0},{"damage":5.0,"enemies":"Small Slimes","floor":7.0,"turns":3.0},{"damage":40.0,"enemies":"3 Sentries","floor":8.0,"turns":7.0},{"damage":7.0,"enemies":"Looter","floor":11.0,"turns":3.0},{"damage":10.0,"enemies":"Gremlin Gang","floor":14.0,"turns":3.0},{"damage":44.0,"enemies":"The Guardian","floor":16.0,"turns":12.0},{"damage":31.0,"enemies":"Shell Parasite","floor":18.0,"turns":6.0},{"damage":0,"enemies":"Spheric Guardian","floor":19,"turns":2},{"damage":23,"enemies":"3 Cultists","floor":22,"turns":4},{"damage":42,"enemies":"Slavers","floor":23,"turns":2}],"seed_played":"-1926787078533987671","potions_obtained":[{"floor":1.0,"key":"ElixirPotion"},{"floor":7.0,"key":"GamblersBrew"},{"floor":11.0,"key":"Explosive Potion"},{"floor":14.0,"key":"Explosive Potion"},{"floor":16.0,"key":"Swift Potion"},{"floor":18.0,"key":"SteroidPotion"},{"floor":19,"key":"PowerPotion"}],"is_trial":false,"path_per_floor":["M","?","$","M","T","E","M","E","T","$","M","R","?","M","R","B",null,"M","M","?","?","M","E"],"character_chosen":"IRONCLAD","items_purchased":["Cleave","Sword Boomerang"],"campfire_rested":1,"item_purchase_floors":[3,3],"current_hp_per_floor":[74,63,63,69,69,75,75,41,41,41,40,40,40,36,58,20,61,36,42,52,52,35,0,0],"gold":390,"neow_bonus":"THREE_ENEMY_KILL","is_daily":false,"chose_seed":false,"campfire_upgraded":1,"win_rate":0.0,"timestamp":1611035194,"path_taken":["M","?","$","M","?","E","M","E","T","?","?","R","?","M","R","BOSS","M","M","?","?","M","E"],"items_purchased_type":["Card","Card"],"build_version":"2020-12-22","purchased_purges":0,"victory":false,"max_hp_per_floor":[75,75,75,75,75,75,75,75,75,75,75,75,75,75,75,75,75,75,75,85,85,85,85,85],"relic_stats":{"counters":[12,45],"Blue Candle":[0],"MawBank":180,"obtain_stats":[{"Pear":20,"NeowsBlessing":0,"Blue Candle":2,"Molten Egg 2":5,"Bag of Marbles":9,"Toxic Egg 2":6,"MawBank":8,"Burning Blood":0,"Runic Cube":17},{"Pear":10,"NeowsBlessing":0,"Blue Candle":1,"Molten Egg 2":2,"Bag of Marbles":5,"Toxic Egg 2":3,"MawBank":5,"Burning Blood":0,"Runic Cube":8},{"Pear":39,"NeowsBlessing":0,"Blue Candle":1,"Molten Egg 2":2,"Bag of Marbles":13,"Toxic Egg 2":3,"MawBank":13,"Burning Blood":0,"Runic Cube":31}],"Burning Blood":65,"Runic Cube":[11]},"card_choices":[{"not_picked":["Feel No Pain","Power Through"],"picked":"Pommel Strike","floor":1.0},{"not_picked":["Armaments","Wild Strike","Havoc"],"picked":"SKIP","floor":4.0},{"not_picked":["Pommel Strike+1","Clash+1"],"picked":"Shockwave+1","floor":6.0},{"not_picked":["Twin Strike+1","Rupture"],"picked":"Bludgeon+1","floor":7.0},{"not_picked":["Combust","Havoc+1"],"picked":"Warcry+1","floor":8.0},{"not_picked":["Metallicize","Thunderclap+1","Warcry+1"],"picked":"SKIP","floor":11.0},{"not_picked":["Body Slam+1","Second Wind+1"],"picked":"Shrug It Off+1","floor":14.0},{"not_picked":["Juggernaut","Berserk"],"picked":"Fiend Fire+1","floor":16.0},{"not_picked":["Heavy Blade+1","Shrug It Off+1"],"picked":"Inflame","floor":18.0},{"not_picked":["Anger+1","Feel No Pain+1"],"picked":"Spot Weakness+1","floor":19},{"not_picked":["Twin Strike+1","Wild Strike+1","Intimidate+1"],"picked":"SKIP","floor":22}],"player_experience":1300578,"relics_obtained":[{"floor":5.0,"key":"Molten Egg 2"},{"floor":6.0,"key":"Toxic Egg 2"},{"floor":8.0,"key":"MawBank"},{"floor":9.0,"key":"Bag of Marbles"}],"event_choices":[{"damage_healed":0.0,"max_hp_gain":0.0,"max_hp_loss":0.0,"gold_gain":0.0,"event_name":"Scrap Ooze","player_choice":"Success","floor":2.0,"gold_loss":0.0,"damage_taken":11.0,"relics_obtained":["Blue Candle"]},{"damage_healed":0.0,"max_hp_gain":0.0,"max_hp_loss":0.0,"gold_gain":0.0,"event_name":"Living Wall","player_choice":"Grow","floor":13.0,"gold_loss":0.0,"damage_taken":0.0,"cards_upgraded":["Pommel Strike"]},{"damage_healed":0,"gold_gain":0,"player_choice":"Obtained Relic","damage_taken":0,"relics_obtained":["Pear"],"max_hp_gain":0,"max_hp_loss":0,"event_name":"Addict","floor":20,"gold_loss":85},{"damage_healed":0,"gold_gain":50,"player_choice":"Stole From Cult","damage_taken":0,"max_hp_gain":0,"max_hp_loss":0,"event_name":"Nest","floor":21,"gold_loss":0}],"is_beta":false,"boss_relics":[{"not_picked":["Busted Crown","Philosopher\u0027s Stone"],"picked":"Runic Cube"}],"items_purged_floors":[],"is_endless":false,"potions_floor_spawned":[1,7,11,14,16,18,19],"killed_by":"Slavers","ascension_level":20}}