{"host":"g2kelmgng7xf1xjg","time":1611014517,"event":{"mods":["BaseMod","Bestiary","Highlight Path","Minty Spire (QoL Compilation)","StSLib"],"gold_per_floor":[112,128,141,161,173,173,198,198,198,225,235,215,227,246,246,320,320,336,347,262,161,161,161,188,113,195,213,27,58,58,58,58],"floor_reached":31,"language":"ENG","playtime":1830,"items_purged":["Strike_G"],"score":560,"play_id":"0fbd1b6c-90b4-42fd-ba20-e93266278ccd","local_time":"20210118180157","is_ascension_mode":true,"campfire_choices":[{"data":"Riddle With Holes","floor":6,"key":"SMITH"},{"data":"Caltrops","floor":15,"key":"SMITH"},{"data":"Noxious Fumes","floor":23,"key":"SMITH"}],"circlet_count":0,"master_deck":["AscendersBane","Strike_G","Strike_G","Defend_G","Defend_G","Defend_G","Defend_G","Defend_G","Survivor","Neutralize","Riddle With Holes+1","Caltrops+1","Slice","Slice","Terror","Corpse Explosion","Malaise+1","Dodge and Roll+1","Cloak And Dagger+1","PiercingWail+1","Glass Knife","Dash","Noxious Fumes+1","Cloak And Dagger+1","PiercingWail+1","Well Laid Plans","Infinite Blades","Bouncing Flask+1","Noxious Fumes"],"relics":["WristBlade","Juzu Bracelet","Tingsha","Toxic Egg 2","Sozu","Turnip","Molten Egg 2","The Courier","Pen Nib","Meat on the Bone","Lantern"],"acts_visited":["Exordium","TheCity"],"potions_floor_usage":[10,24,27],"damage_taken":[{"damage":0,"enemies":"2 Louse","floor":1,"turns":6},{"damage":0,"enemies":"Cultist","floor":2,"turns":3},{"damage":0,"enemies":"Small Slimes","floor":3,"turns":5},{"damage":1,"enemies":"Red Slaver","floor":4,"turns":3},{"damage":1,"enemies":"Looter","floor":5,"turns":3},{"damage":3,"enemies":"Gremlin Nob","floor":7,"turns":3},{"damage":17,"enemies":"3 Sentries","floor":10,"turns":3},{"damage":12,"enemies":"Large Slime","floor":11,"turns":5},{"damage":1,"enemies":"2 Fungi Beasts","floor":13,"turns":2},{"damage":2,"enemies":"Exordium Wildlife","floor":14,"turns":3},{"damage":2,"enemies":"Hexaghost","floor":16,"turns":10},{"damage":7,"enemies":"Chosen","floor":18,"turns":5},{"damage":11,"enemies":"Spheric Guardian","floor":19,"turns":4},{"damage":30,"enemies":"Slavers","floor":24,"turns":4},{"damage":2,"enemies":"3 Cultists","floor":27,"turns":3},{"damage":14,"enemies":"Book of Stabbing","floor":29,"turns":5},{"damage":16,"enemies":"Centurion and Healer","floor":31,"turns":2}],"seed_played":"-6304625784326814129","potions_obtained":[{"floor":2,"key":"Weak Potion"},{"floor":3,"key":"Swift Potion"},{"floor":10,"key":"SkillPotion"},{"floor":12,"key":"Swift Potion"}],"is_trial":false,"path_per_floor":["M","M","M","M","M","R","E","?","T","E","M","?","M","M","R","B",null,"M","M","?","?","?","R","E","?","T","M","$","E","?","M"],"character_chosen":"THE_SILENT","items_purchased":["Well Laid Plans","Infinite Blades"],"campfire_rested":0,"item_purchase_floors":[28,28],"current_hp_per_floor":[59,59,59,58,57,57,54,54,54,37,25,25,24,22,22,20,55,48,37,37,37,37,37,7,7,7,17,17,15,15,0,0],"gold":58,"neow_bonus":"BOSS_RELIC","is_daily":false,"chose_seed":false,"campfire_upgraded":3,"win_rate":0.0,"timestamp":1611014517,"path_taken":["M","M","M","M","M","R","E","?","T","E","M","?","M","M","R","BOSS","M","M","?","?","?","R","E","?","T","M","$","E","?","M"],"items_purchased_type":["Card","Card"],"build_version":"2020-12-22","purchased_purges":1,"victory":false,"max_hp_per_floor":[66,66,66,66,66,66,66,66,66,66,66,66,66,66,66,66,66,66,66,66,66,66,66,66,66,66,66,66,66,66,66,66],"card_choices":[{"not_picked":["Backflip","Skewer"],"picked":"Riddle With Holes","floor":1},{"not_picked":["PiercingWail","Escape Plan"],"picked":"Caltrops","floor":2},{"not_picked":["Acrobatics","Prepared"],"picked":"Slice","floor":3},{"not_picked":["Dodge and Roll","Skewer"],"picked":"Slice","floor":4},{"not_picked":["Sucker Punch","PiercingWail"],"picked":"Terror","floor":5},{"not_picked":["Concentrate","All Out Attack"],"picked":"Corpse Explosion","floor":7},{"not_picked":["Flying Knee","Backflip+1"],"picked":"Malaise+1","floor":10},{"not_picked":["Dagger Throw","Dagger Spray"],"picked":"Dodge and Roll+1","floor":11},{"not_picked":["Masterful Stab","Eviscerate"],"picked":"Cloak And Dagger+1","floor":13},{"not_picked":["Backstab","Quick Slash"],"picked":"PiercingWail+1","floor":14},{"not_picked":["Corpse Explosion+1","Burst+1"],"picked":"Glass Knife","floor":16},{"not_picked":["Deflect+1","Concentrate+1"],"picked":"Dash","floor":18},{"not_picked":["Eviscerate","Underhanded Strike"],"picked":"Noxious Fumes","floor":19},{"not_picked":["Acrobatics+1","Bouncing Flask+1"],"picked":"Cloak And Dagger+1","floor":24},{"not_picked":["Heel Hook+1","Dodge and Roll+1"],"picked":"PiercingWail+1","floor":27},{"not_picked":["Heel Hook+1","Dagger Spray+1","Infinite Blades+1"],"picked":"SKIP","floor":29}],"player_experience":970044,"relics_obtained":[{"floor":7,"key":"Juzu Bracelet"},{"floor":9,"key":"Tingsha"},{"floor":10,"key":"Toxic Egg 2"},{"floor":24,"key":"Pen Nib"},{"floor":26,"key":"Meat on the Bone"},{"floor":29,"key":"Lantern"}],"event_choices":[{"damage_healed":0,"gold_gain":0,"player_choice":"Got Potions","damage_taken":0,"max_hp_gain":0,"max_hp_loss":0,"event_name":"Lab","floor":8,"gold_loss":0},{"damage_healed":0,"gold_gain":0,"player_choice":"Bought 1 Potion","damage_taken":0,"max_hp_gain":0,"max_hp_loss":0,"event_name":"The Woman in Blue","floor":12,"gold_loss":0},{"damage_healed":0,"gold_gain":0,"player_choice":"Obtained Relic","damage_taken":0,"relics_obtained":["Turnip"],"max_hp_gain":0,"max_hp_loss":0,"event_name":"Addict","floor":20,"gold_loss":85},{"damage_healed":0,"gold_gain":0,"player_choice":"Paid Gold","damage_taken":0,"relics_obtained":["Molten Egg 2"],"max_hp_gain":0,"max_hp_loss":0,"event_name":"WeMeetAgain","floor":21,"gold_loss":101},{"damage_healed":0,"gold_gain":0,"player_choice":"Opened","damage_taken":0,"relics_obtained":["The Courier"],"max_hp_gain":0,"max_hp_loss":0,"event_name":"The Mausoleum","floor":22,"gold_loss":0,"cards_obtained":["Writhe"]},{"cards_removed":["Writhe"],"damage_healed":0,"gold_gain":0,"player_choice":"Gave Gold","damage_taken":0,"max_hp_gain":0,"max_hp_loss":0,"event_name":"Beggar","floor":25,"gold_loss":75},{"damage_healed":0,"gold_gain":0,"cards_transformed":["Strike_G","Strike_G"],"player_choice":"Became Test Subject","damage_taken":0,"max_hp_gain":0,"max_hp_loss":0,"event_name":"Drug Dealer","floor":30,"gold_loss":0,"cards_obtained":["Bouncing Flask","Noxious Fumes"]}],"is_beta":false,"boss_relics":[{"not_picked":["Tiny House","Fusion Hammer"],"picked":"Sozu"}],"items_purged_floors":[28],"is_endless":false,"potions_floor_spawned":[2,3,10,16,24,29],"killed_by":"Centurion and Healer","ascension_level":19}}