{"host":"3zmssa4s99zhxek5","time":1611035095,"event":{"mods":["AchievementEnabler","BaseMod","Minty Spire (QoL Compilation)","Permanent Neow","Relic Stats"],"gold_per_floor":[117,129,142,142,162,162,162,195,220,232,232,251,271,196,196,273,273,286,286,45,45,57,82,82,108,108,8,87,121,141,16,16,93,93,108,125,125,142,142,167,185,185,185,185,215,232,232,82,82,82,82,82],"floor_reached":51,"language":"KOR","playtime":2464,"items_purged":["Strike_B","Defend_B","Defend_B","Decay"],"score":1480,"play_id":"f7ce3e0b-347a-4df4-bb60-1b9f8b258280","local_time":"20210119144455","is_ascension_mode":true,"campfire_choices":[{"data":"Genetic Algorithm","floor":6,"key":"SMITH"},{"data":"Loop","floor":11,"key":"SMITH"},{"data":"Defragment","floor":15,"key":"SMITH"},{"data":"Zap","floor":24,"key":"SMITH"},{"floor":32,"key":"REST"},{"floor":42,"key":"REST"},{"data":"FTL","floor":49,"key":"SMITH"}],"circlet_count":0,"master_deck":["AscendersBane","Defend_B","Defend_B","Zap+1","Dualcast","Genetic Algorithm+1","Darkness","Ball Lightning+1","Loop+1","Sweeping Beam","Glacier","Lockon+1","Defragment+1","Electrodynamics","Compile Driver+1","FTL+1","Force Field","Seek","Madness","Madness","Buffer","BootSequence+1","Reinforced Body","Doubt"],"relics":["Inserter","Ancient Tea Set","Bag of Preparation","Busted Crown","PreservedInsect","DataDisk","Regal Pillow","Kunai","Ornamental Fan","Whetstone","Cursed Key","Shuriken","Vajra"],"acts_visited":["Exordium","TheCity","TheBeyond"],"potions_floor_usage":[10,13,23,33,40,51],"damage_taken":[{"damage":1,"enemies":"2 Louse","floor":1,"turns":3},{"damage":10,"enemies":"Jaw Worm","floor":2,"turns":4},{"damage":10,"enemies":"Small Slimes","floor":3,"turns":4},{"damage":11,"enemies":"Blue Slaver","floor":5,"turns":4},{"damage":8,"enemies":"Lagavulin","floor":8,"turns":5},{"damage":0,"enemies":"Exordium Wildlife","floor":10,"turns":3},{"damage":0,"enemies":"2 Fungi Beasts","floor":12,"turns":3},{"damage":0,"enemies":"Lots of Slimes","floor":13,"turns":3},{"damage":10,"enemies":"Hexaghost","floor":16,"turns":5},{"damage":20,"enemies":"Chosen","floor":18,"turns":5},{"damage":0,"enemies":"3 Byrds","floor":22,"turns":2},{"damage":9,"enemies":"Book of Stabbing","floor":23,"turns":6},{"damage":8,"enemies":"Slavers","floor":25,"turns":3},{"damage":13,"enemies":"Gremlin Leader","floor":29,"turns":4},{"damage":4,"enemies":"Centurion and Healer","floor":30,"turns":4},{"damage":19,"enemies":"Collector","floor":33,"turns":5},{"damage":10,"enemies":"3 Darklings","floor":35,"turns":3},{"damage":0,"enemies":"Orb Walker","floor":36,"turns":4},{"damage":9,"enemies":"Sphere and 2 Shapes","floor":38,"turns":4},{"damage":2,"enemies":"Reptomancer","floor":40,"turns":3},{"damage":0,"enemies":"Transient","floor":41,"turns":6},{"damage":38,"enemies":"Giant Head","floor":45,"turns":7},{"damage":18,"enemies":"Spire Growth","floor":46,"turns":4},{"damage":16,"enemies":"Donu and Deca","floor":50,"turns":14},{"damage":62,"enemies":"Time Eater","floor":51,"turns":8}],"seed_played":"-2477352601465295858","potions_obtained":[{"floor":1,"key":"DistilledChaos"},{"floor":2,"key":"SkillPotion"},{"floor":10,"key":"SpeedPotion"},{"floor":16,"key":"Energy Potion"},{"floor":23,"key":"FearPotion"},{"floor":29,"key":"Energy Potion"},{"floor":30,"key":"SkillPotion"},{"floor":38,"key":"SpeedPotion"},{"floor":46,"key":"BlessingOfTheForge"}],"is_trial":false,"path_per_floor":["M","M","M","?","M","R","?","E","T","M","R","M","M","?","R","B",null,"M","?","$","?","M","E","R","E","T","$","T","E","M","$","R","B",null,"M","M","?","M","?","E","M","R","T","?","E","M","?","$","R","B","B"],"character_chosen":"DEFECT","items_purchased":["PreservedInsect"],"campfire_rested":2,"item_purchase_floors":[20],"current_hp_per_floor":[63,53,43,66,55,55,48,40,40,40,40,40,40,40,40,30,61,41,41,41,55,55,46,46,38,38,38,38,25,21,21,57,38,63,53,53,40,31,31,29,29,65,65,65,27,9,71,71,71,55,0,0],"gold":82,"neow_bonus":"BOSS_RELIC","is_daily":false,"chose_seed":false,"campfire_upgraded":5,"win_rate":0.0,"timestamp":1611035095,"path_taken":["M","M","M","?","M","R","?","E","T","M","R","M","M","?","R","BOSS","M","?","$","?","M","E","R","E","T","$","?","E","?","$","R","BOSS","M","M","?","M","?","E","?","R","T","?","E","M","?","$","R","BOSS","BOSS"],"items_purchased_type":["Relic"],"build_version":"2020-12-22","purchased_purges":4,"victory":false,"max_hp_per_floor":[71,71,71,71,71,71,71,71,71,71,71,71,71,71,71,71,71,71,71,71,71,71,71,71,71,71,71,71,71,71,71,71,71,71,71,71,71,71,71,71,71,71,71,71,71,71,71,71,71,71,71,71],"relic_stats":{"Regal Pillow":30,"Inserter":[58],"Busted Crown":28,"counters":[25,114],"Ornamental Fan":[36],"Shuriken":[6],"PreservedInsect":323,"Bag of Preparation":[40],"Kunai":[9],"Whetstone":["Ball Lightning","Lockon"],"Cursed Key":0,"obtain_stats":[{"Regal Pillow":25,"Inserter":0,"Vajra":45,"PreservedInsect":20,"Bag of Preparation":9,"Whetstone":29,"Ancient Tea Set":8,"Cursed Key":34,"DataDisk":23,"Busted Crown":17,"Ornamental Fan":28,"Shuriken":40,"Kunai":26,"Cracked Core":0},{"Regal Pillow":13,"Inserter":0,"Vajra":22,"PreservedInsect":10,"Bag of Preparation":5,"Whetstone":14,"Ancient Tea Set":5,"Cursed Key":16,"DataDisk":12,"Busted Crown":9,"Ornamental Fan":13,"Shuriken":20,"Kunai":13,"Cracked Core":0},{"Regal Pillow":48,"Inserter":0,"Vajra":88,"PreservedInsect":38,"Bag of Preparation":20,"Whetstone":52,"Ancient Tea Set":20,"Cursed Key":61,"DataDisk":46,"Busted Crown":33,"Ornamental Fan":48,"Shuriken":75,"Kunai":48,"Cracked Core":0}]},"card_choices":[{"not_picked":["Darkness","Hologram"],"picked":"Genetic Algorithm","floor":1},{"not_picked":["Streamline","Redo"],"picked":"Darkness","floor":2},{"not_picked":["Redo","Compile Driver"],"picked":"Ball Lightning","floor":3},{"not_picked":["Barrage","Beam Cell"],"picked":"Loop","floor":5},{"not_picked":["Aggregate","Skim"],"picked":"Sweeping Beam","floor":8},{"not_picked":["Turbo","FTL"],"picked":"Glacier","floor":10},{"not_picked":["Melter","White Noise"],"picked":"Lockon","floor":12},{"not_picked":["Capacitor","Streamline"],"picked":"Defragment","floor":13},{"not_picked":["Reboot","Amplify"],"picked":"Electrodynamics","floor":16},{"not_picked":[],"picked":"Compile Driver+1","floor":18},{"not_picked":[],"picked":"FTL","floor":22},{"not_picked":["Hologram"],"picked":"SKIP","floor":23},{"not_picked":["Double Energy"],"picked":"SKIP","floor":25},{"not_picked":[],"picked":"Force Field","floor":29},{"not_picked":["Sweeping Beam"],"picked":"SKIP","floor":30},{"not_picked":[],"picked":"Seek","floor":33},{"not_picked":["Redo"],"picked":"SKIP","floor":35},{"not_picked":["Redo"],"picked":"SKIP","floor":35},{"not_picked":["Go for the Eyes"],"picked":"SKIP","floor":36},{"not_picked":["Beam Cell+1"],"picked":"SKIP","floor":38},{"not_picked":["Compile Driver"],"picked":"SKIP","floor":40},{"not_picked":[],"picked":"BootSequence+1","floor":41},{"not_picked":[],"picked":"Reinforced Body","floor":45},{"not_picked":["Sweeping Beam"],"picked":"SKIP","floor":46}],"player_experience":1516482,"relics_obtained":[{"floor":8,"key":"Ancient Tea Set"},{"floor":9,"key":"Bag of Preparation"},{"floor":23,"key":"DataDisk"},{"floor":25,"key":"Regal Pillow"},{"floor":26,"key":"Kunai"},{"floor":28,"key":"Ornamental Fan"},{"floor":29,"key":"Whetstone"},{"floor":40,"key":"Shuriken"},{"floor":45,"key":"Vajra"}],"event_choices":[{"damage_healed":23,"gold_gain":0,"player_choice":"Banana","damage_taken":0,"max_hp_gain":0,"max_hp_loss":0,"event_name":"Big Fish","floor":4,"gold_loss":0},{"cards_removed":["Strike_B"],"damage_healed":0,"gold_gain":0,"player_choice":"Card Removal","damage_taken":7,"max_hp_gain":0,"max_hp_loss":0,"event_name":"Golden Wing","floor":7,"gold_loss":0},{"cards_removed":["Strike_B"],"damage_healed":0,"gold_gain":0,"player_choice":"Card Removal","damage_taken":0,"max_hp_gain":0,"max_hp_loss":0,"event_name":"The Cleric","floor":14,"gold_loss":75},{"cards_removed":["Strike_B"],"damage_healed":0,"gold_gain":0,"player_choice":"Elegance","damage_taken":0,"max_hp_gain":0,"max_hp_loss":0,"event_name":"Back to Basics","floor":19,"gold_loss":0},{"damage_healed":14,"gold_gain":0,"player_choice":"Heal","damage_taken":0,"max_hp_gain":0,"max_hp_loss":0,"event_name":"The Library","floor":21,"gold_loss":0},{"damage_healed":0,"gold_gain":0,"player_choice":"Embrace Madness","damage_taken":13,"max_hp_gain":0,"max_hp_loss":0,"event_name":"Winding Halls","floor":37,"gold_loss":0,"cards_obtained":["Madness","Madness"]},{"damage_healed":0,"gold_gain":0,"player_choice":"2 cards matched","damage_taken":0,"max_hp_gain":0,"max_hp_loss":0,"event_name":"Match and Keep!","floor":39,"gold_loss":0,"cards_obtained":["Decay","Buffer"]},{"damage_healed":0,"gold_gain":0,"player_choice":"Ignored","damage_taken":0,"max_hp_gain":0,"max_hp_loss":0,"event_name":"Tomb of Lord Red Mask","floor":44,"gold_loss":0},{"damage_healed":62,"gold_gain":0,"player_choice":"Heal","damage_taken":0,"max_hp_gain":0,"max_hp_loss":0,"event_name":"MindBloom","floor":47,"gold_loss":0,"cards_obtained":["Doubt"]}],"is_beta":false,"boss_relics":[{"not_picked":["Tiny House","SlaversCollar"],"picked":"Busted Crown"},{"not_picked":["Calling Bell","Coffee Dripper"],"picked":"Cursed Key"}],"items_purged_floors":[20,27,31,48],"is_endless":false,"potions_floor_spawned":[1,2,10,16,23,29,30,38,46],"killed_by":"Time Eater","ascension_level":20}}