{"host":"r6jigiblrojhp6xe","time":1611069464,"event":{"mods":["AchievementEnabler","BaseMod","DeckTracker","Minty Spire (QoL Compilation)","Quick Restart","Rare Cards Sparkle","Relic Stats","StSLib","SuperFastMode","The Cursed","everything is the same but u backflip on backflip"],"gold_per_floor":[115,40,40,40,61,99,99,117,117,117,161,38,63,97,97,97,97],"floor_reached":16,"language":"KOR","playtime":311,"items_purged":["Defend_G","Strike_G"],"score":286,"play_id":"a070cb91-8b6b-45ed-aa0b-6d31218bc80f","local_time":"20210120001744","is_ascension_mode":true,"campfire_choices":[{"data":"Cloak And Dagger","floor":7.0,"key":"SMITH"},{"data":"Masterful Stab","floor":10.0,"key":"SMITH"},{"data":"Calculated Gamble","floor":15,"key":"SMITH"}],"circlet_count":0,"master_deck":["AscendersBane","Strike_G","Strike_G","Strike_G","Strike_G","Defend_G","Defend_G","Defend_G","Defend_G","Survivor","Neutralize","Masterful Stab+1","Cloak And Dagger+1","Backflip","Well Laid Plans","Calculated Gamble+1","Underhanded Strike"],"relics":["Ring of the Snake","NeowsBlessing","Golden Idol","The Courier","Letter Opener","Bottled Flame","Bottled Tornado"],"acts_visited":["Exordium"],"potions_floor_usage":[14,16],"damage_taken":[{"damage":0.0,"enemies":"Small Slimes","floor":1.0,"turns":1.0},{"damage":0.0,"enemies":"Jaw Worm","floor":5.0,"turns":1.0},{"damage":0.0,"enemies":"Gremlin Nob","floor":6.0,"turns":1.0},{"damage":3.0,"enemies":"2 Louse","floor":8.0,"turns":2.0},{"damage":22.0,"enemies":"Lagavulin","floor":11.0,"turns":5.0},{"damage":2.0,"enemies":"Gremlin Gang","floor":13.0,"turns":5.0},{"damage":6,"enemies":"Gremlin Nob","floor":14,"turns":3},{"damage":27,"enemies":"Slime Boss","floor":16,"turns":6}],"seed_played":"-7317921448106641215","potions_obtained":[{"floor":6.0,"key":"Strength Potion"},{"floor":14,"key":"DistilledChaos"}],"is_trial":false,"path_per_floor":["M","$","?","?","M","E","R","M","T","R","E","$","M","E","R","B"],"character_chosen":"THE_SILENT","items_purchased":["PowerPotion"],"campfire_rested":0,"item_purchase_floors":[12],"current_hp_per_floor":[59,59,59,59,59,59,59,56,56,56,34,34,32,26,26,0,0],"gold":97,"neow_bonus":"THREE_ENEMY_KILL","is_daily":false,"chose_seed":false,"campfire_upgraded":3,"win_rate":0.0,"timestamp":1611069464,"path_taken":["M","$","?","?","?","E","R","M","T","R","E","$","M","E","R","BOSS"],"items_purchased_type":["Potion"],"build_version":"2020-12-22","purchased_purges":2,"victory":false,"max_hp_per_floor":[66,66,60,60,60,60,60,60,60,60,60,60,60,60,60,60,60],"relic_stats":{"counters":[8,24],"Golden Idol":37,"Letter Opener":[30],"obtain_stats":[{"Bottled Flame":11,"NeowsBlessing":0,"Golden Idol":3,"The Courier":6,"Letter Opener":9,"Bottled Tornado":14,"Ring of the Snake":0},{"Bottled Flame":5,"NeowsBlessing":0,"Golden Idol":1,"The Courier":3,"Letter Opener":4,"Bottled Tornado":7,"Ring of the Snake":0},{"Bottled Flame":10,"NeowsBlessing":0,"Golden Idol":1,"The Courier":3,"Letter Opener":5,"Bottled Tornado":18,"Ring of the Snake":0}],"Ring of the Snake":[16]},"card_choices":[{"not_picked":["Deadly Poison","Bane","Deflect"],"picked":"SKIP","floor":1.0},{"not_picked":["Underhanded Strike","Sucker Punch"],"picked":"Masterful Stab","floor":5.0},{"not_picked":["PiercingWail","Reflex"],"picked":"Cloak And Dagger","floor":6.0},{"not_picked":["Flying Knee","Skewer"],"picked":"Backflip","floor":8.0},{"not_picked":["Calculated Gamble","Setup"],"picked":"Well Laid Plans","floor":11.0},{"not_picked":["Noxious Fumes","Slice"],"picked":"Calculated Gamble","floor":13.0},{"not_picked":["Dagger Spray","Dodge and Roll"],"picked":"Underhanded Strike","floor":14}],"player_experience":584158,"relics_obtained":[{"floor":6.0,"key":"The Courier"},{"floor":9.0,"key":"Letter Opener"},{"floor":11.0,"key":"Bottled Flame"},{"floor":14,"key":"Bottled Tornado"}],"event_choices":[{"damage_healed":0.0,"max_hp_gain":0.0,"max_hp_loss":6.0,"gold_gain":0.0,"event_name":"Golden Idol","player_choice":"Lose Max HP","floor":3.0,"gold_loss":0.0,"damage_taken":0.0,"relics_obtained":["Golden Idol"]},{"damage_healed":0.0,"max_hp_gain":0.0,"max_hp_loss":0.0,"gold_gain":0.0,"event_name":"Liars Game","player_choice":"Ignored","floor":4.0,"gold_loss":0.0,"damage_taken":0.0}],"is_beta":false,"boss_relics":[],"items_purged_floors":[2,12],"is_endless":false,"potions_floor_spawned":[6,14],"killed_by":"Slime Boss","ascension_level":20}}