{"host":"hjw1ay65n7jm40lc","time":1611064727,"event":{"mods":["AchievementEnabler","BaseMod","Block Reminder","Colored Map","Colored Powertips","Curses Come First","Downfall","Googly Eyes","Hermit","Highlight Path","Minty Spire (QoL Compilation)","Quick Restart","Relic Stats","StSLib"],"gold_per_floor":[99,116,131,142,160,173,199,209,222,256,256,282,301,321,338,438,438,438,454,454,454],"floor_reached":20,"language":"ENG","playtime":2336,"items_purged":[],"score":240,"play_id":"7c791953-32c4-4f0e-8ebb-e5185a5c4cc6","local_time":"20210119085847","is_ascension_mode":true,"campfire_choices":[{"data":"bronze:Replicate","floor":1,"key":"SMITH"},{"floor":11,"key":"REST"},{"data":"bronze:Optimize","floor":18,"key":"SMITH"}],"circlet_count":0,"master_deck":["bronze:Strike","bronze:Strike","bronze:Defend","bronze:Defend","bronze:Defend","bronze:Defend","bronze:Replicate+1","bronze:Goto","bronze:Branch","bronze:ChosenStrike","bronze:DelayedSlice","bronze:WhirlingStrike","bronze:Optimize+1","bronze:Philosophize","bronze:ChosenStrike","bronze:FollowUp","bronze:Assembly"],"relics":["Runic Pyramid","Lantern","bronze:ProtectiveGoggles","Guardian:PocketSentry","Empty Cage"],"acts_visited":["Exordium","TheCity"],"potions_floor_usage":[4,5,16,16,16],"damage_taken":[{"damage":0,"enemies":"2 Louse","floor":2,"turns":3},{"damage":0,"enemies":"Cultist","floor":3,"turns":3},{"damage":8,"enemies":"Small Slimes","floor":4,"turns":3},{"damage":6,"enemies":"Exordium Thugs","floor":5,"turns":2},{"damage":1,"enemies":"2 Fungi Beasts","floor":6,"turns":2},{"damage":0,"enemies":"Large Slime","floor":8,"turns":3},{"damage":9,"enemies":"3 Louse","floor":9,"turns":3},{"damage":8,"enemies":"3 Sentries","floor":10,"turns":5},{"damage":5,"enemies":"Gremlin Nob","floor":12,"turns":3},{"damage":0,"enemies":"Exordium Wildlife","floor":13,"turns":1},{"damage":1,"enemies":"Exordium Thugs","floor":14,"turns":3},{"damage":0,"enemies":"Red Slaver","floor":15,"turns":2},{"damage":32,"enemies":"DF_ARCHETYPE_STREAMLINE","floor":16,"turns":5},{"damage":2,"enemies":"3 Byrds","floor":19,"turns":4},{"damage":64,"enemies":"3 Byrds","floor":20,"turns":5}],"seed_played":"-6765361008746616268","potions_obtained":[{"floor":2,"key":"LiquidBronze"},{"floor":4,"key":"Strength Potion"},{"floor":6,"key":"Swift Potion"},{"floor":10,"key":"hexamod:SoulburnPotion"},{"floor":14,"key":"ColorlessPotion"}],"is_trial":false,"path_per_floor":["R","M","M","M","M","M","T","M","M","E","R","E","M","M","M","B",null,"R","M","?"],"character_chosen":"THE_AUTOMATON","items_purchased":[],"campfire_rested":1,"item_purchase_floors":[],"current_hp_per_floor":[70,70,70,62,56,55,55,55,46,38,59,54,54,53,53,21,58,58,56,0,0],"gold":454,"neow_bonus":"BOSS_RELIC","is_daily":false,"chose_seed":false,"campfire_upgraded":2,"win_rate":0.0,"timestamp":1611064727,"path_taken":["R","M","M","M","M","M","T","M","M","E","R","E","M","M","M","BOSS","R","M","?"],"items_purchased_type":[],"build_version":"2020-12-22","purchased_purges":0,"victory":false,"max_hp_per_floor":[70,70,70,70,70,70,70,70,70,70,70,70,70,70,70,70,70,70,70,70,70],"relic_stats":{"counters":[15,47],"obtain_stats":[{"Lantern":7,"bronze:BronzeCore":0,"bronze:ProtectiveGoggles":10,"Guardian:PocketSentry":12,"Empty Cage":17,"Runic Pyramid":0},{"Lantern":5,"bronze:BronzeCore":0,"bronze:ProtectiveGoggles":8,"Guardian:PocketSentry":9,"Empty Cage":13,"Runic Pyramid":0},{"Lantern":13,"bronze:BronzeCore":0,"bronze:ProtectiveGoggles":24,"Guardian:PocketSentry":27,"Empty Cage":38,"Runic Pyramid":0}]},"card_choices":[{"not_picked":["bronze:Repair","bronze:BugBarrage"],"picked":"bronze:Branch","floor":2},{"not_picked":["bronze:Invalidate","bronze:FineTuning"],"picked":"bronze:ChosenStrike","floor":3},{"not_picked":["bronze:Invalidate","bronze:ForceShield"],"picked":"bronze:DelayedSlice","floor":4},{"not_picked":["bronze:Frontload","bronze:Invalidate"],"picked":"bronze:WhirlingStrike","floor":5},{"not_picked":["bronze:CleanCode","bronze:Shield"],"picked":"bronze:Optimize","floor":6},{"not_picked":["bronze:DelayedSlice","bronze:Branch"],"picked":"bronze:Philosophize","floor":8},{"not_picked":["bronze:Overload","bronze:CutThrough"],"picked":"bronze:ChosenStrike","floor":9},{"not_picked":["bronze:CloningBeam","bronze:Return"],"picked":"bronze:FollowUp","floor":10},{"not_picked":["bronze:FollowUp","bronze:OilSpill","bronze:Overload"],"picked":"SKIP","floor":12},{"not_picked":["bronze:BuggyMess","bronze:DigitalCarnage","bronze:DelayedGuard"],"picked":"SKIP","floor":13},{"not_picked":["bronze:NullPointer","bronze:WhirlingStrike","bronze:Boost"],"picked":"SKIP","floor":14},{"not_picked":["bronze:Repair","bronze:Iterate","bronze:Philosophize"],"picked":"SKIP","floor":15},{"not_picked":["bronze:Format","bronze:HyperBeam"],"picked":"bronze:Assembly","floor":16},{"not_picked":["bronze:BuggyMess+1","bronze:Repair","bronze:Repulsor"],"picked":"SKIP","floor":19}],"player_experience":948260,"relics_obtained":[{"floor":7,"key":"Lantern"},{"floor":10,"key":"bronze:ProtectiveGoggles"},{"floor":12,"key":"Guardian:PocketSentry"}],"event_choices":[],"is_beta":false,"boss_relics":[{"not_picked":["Runic Dome","Velvet Choker"],"picked":"Empty Cage"}],"items_purged_floors":[],"is_endless":false,"potions_floor_spawned":[2,4,6,10,14],"killed_by":"3 Byrds","ascension_level":5}}