{"host":"g2kelmgng7xf1xjg","time":1611022493,"event":{"mods":["BaseMod","Bestiary","Highlight Path","Minty Spire (QoL Compilation)","StSLib"],"gold_per_floor":[112,125,138,157,176,176,209,209,209,238,22,36,36,49,49,123,123,136,149,149,10,26,37,37,62,87,87,102,128,138,163,163,234,234,246,263,280,305,305,305,330,344,370,402,0,0,18,52,52,52,52],"floor_reached":50,"language":"ENG","playtime":4312,"items_purged":["Strike_G"],"score":1524,"play_id":"4701f23e-88f9-4f1e-b7ae-ae3283060797","local_time":"20210118201453","is_ascension_mode":true,"campfire_choices":[{"data":"Accuracy","floor":6.0,"key":"SMITH"},{"floor":8.0,"key":"REST"},{"data":"Blade Dance","floor":13.0,"key":"SMITH"},{"data":"Accuracy","floor":15.0,"key":"SMITH"},{"data":"Infinite Blades","floor":24,"key":"SMITH"},{"floor":27,"key":"REST"},{"floor":32,"key":"REST"},{"floor":40,"key":"DIG"},{"floor":46,"key":"DIG"},{"floor":49,"key":"REST"}],"circlet_count":0,"master_deck":["AscendersBane","Strike_G","Strike_G","Strike_G","Defend_G","Defend_G","Defend_G","Defend_G","Defend_G","Survivor","Neutralize","Accuracy+1","Infinite Blades","Blade Dance+1","Crippling Poison","Malaise","Dagger Spray","Backflip","Accuracy+1","Accuracy","Burst","Well Laid Plans","Infinite Blades+1","PiercingWail","Storm of Steel","Cloak And Dagger","Blade Dance","Terror"],"relics":["Ring of the Snake","Orichalcum","Singing Bowl","Ice Cream","Sozu","HornCleat","Pear","Bag of Preparation","FossilizedHelix","Meat on the Bone","Philosopher\u0027s Stone","Shovel","MealTicket","Omamori","Dream Catcher","Juzu Bracelet","Red Mask","Bronze Scales","TungstenRod"],"acts_visited":["Exordium","TheCity","TheBeyond"],"potions_floor_usage":[25,31],"damage_taken":[{"damage":5.0,"enemies":"2 Louse","floor":1.0,"turns":5.0},{"damage":0.0,"enemies":"Jaw Worm","floor":2.0,"turns":5.0},{"damage":1.0,"enemies":"Cultist","floor":3.0,"turns":4.0},{"damage":4.0,"enemies":"Blue Slaver","floor":4.0,"turns":5.0},{"damage":12.0,"enemies":"3 Louse","floor":5.0,"turns":4.0},{"damage":30.0,"enemies":"Gremlin Nob","floor":7.0,"turns":4.0},{"damage":0.0,"enemies":"Lagavulin","floor":10.0,"turns":5.0},{"damage":6.0,"enemies":"Looter","floor":12.0,"turns":4.0},{"damage":0.0,"enemies":"Exordium Wildlife","floor":14.0,"turns":2.0},{"damage":0.0,"enemies":"Hexaghost","floor":16.0,"turns":9.0},{"damage":14.0,"enemies":"Chosen","floor":18.0,"turns":8.0},{"damage":5,"enemies":"2 Thieves","floor":19,"turns":4},{"damage":0,"enemies":"Snecko","floor":22,"turns":4},{"damage":14,"enemies":"Chosen and Byrds","floor":23,"turns":7},{"damage":10,"enemies":"Gremlin Leader","floor":25,"turns":5},{"damage":10,"enemies":"Sentry and Sphere","floor":28,"turns":4},{"damage":18,"enemies":"Book of Stabbing","floor":29,"turns":4},{"damage":16,"enemies":"Snake Plant","floor":30,"turns":3},{"damage":18,"enemies":"Gremlin Leader","floor":31,"turns":7},{"damage":0,"enemies":"Automaton","floor":33,"turns":6},{"damage":0,"enemies":"Orb Walker","floor":35,"turns":1},{"damage":0,"enemies":"3 Shapes","floor":36,"turns":2},{"damage":15,"enemies":"Jaw Worm Horde","floor":37,"turns":5},{"damage":0,"enemies":"Mind Bloom Boss Battle","floor":38,"turns":4},{"damage":0,"enemies":"Giant Head","floor":41,"turns":5},{"damage":37,"enemies":"4 Shapes","floor":42,"turns":6},{"damage":2,"enemies":"Nemesis","floor":44,"turns":7},{"damage":20,"enemies":"Writhing Mass","floor":47,"turns":6},{"damage":26,"enemies":"Giant Head","floor":48,"turns":6},{"damage":71,"enemies":"Awakened One","floor":50,"turns":6}],"seed_played":"-4764063676090245957","potions_obtained":[{"floor":3.0,"key":"Swift Potion"},{"floor":4.0,"key":"LiquidMemories"},{"floor":10.0,"key":"Explosive Potion"},{"floor":14.0,"key":"LiquidMemories"},{"floor":16.0,"key":"Fire Potion"}],"is_trial":false,"path_per_floor":["M","M","M","M","M","R","E","R","T","E","$","M","R","M","R","B",null,"M","M","?","?","M","M","R","E","T","R","M","E","M","E","R","B",null,"M","M","M","?","?","R","E","M","T","E","?","R","M","E","R","B"],"character_chosen":"THE_SILENT","items_purchased":["Backflip","Accuracy"],"campfire_rested":4,"item_purchase_floors":[11,11],"current_hp_per_floor":[54,54,53,49,37,37,7,26,26,28,28,24,24,24,24,24,59,47,44,44,44,44,30,30,32,32,57,49,33,19,1,28,40,79,81,83,68,70,70,70,72,49,49,59,59,59,51,39,70,0,0],"gold":52,"neow_bonus":"TRANSFORM_CARD","is_daily":false,"chose_seed":false,"campfire_upgraded":4,"win_rate":0.0,"timestamp":1611022493,"path_taken":["M","M","M","M","M","R","E","R","T","E","$","M","R","M","R","BOSS","M","M","?","?","M","M","R","E","T","R","M","E","M","E","R","BOSS","M","M","?","?","?","R","E","M","T","E","?","R","M","E","R","BOSS"],"items_purchased_type":["Card","Card"],"build_version":"2020-12-22","purchased_purges":1,"victory":false,"max_hp_per_floor":[66,66,66,66,66,66,66,66,66,68,68,70,70,70,70,70,70,72,74,74,74,74,74,74,86,86,86,88,90,92,92,92,92,92,94,96,96,98,93,93,95,97,97,97,97,97,97,99,101,101,101],"card_choices":[{"not_picked":["Cloak And Dagger","Endless Agony"],"picked":"Infinite Blades","floor":1.0},{"not_picked":["Concentrate","Calculated Gamble"],"picked":"Blade Dance","floor":2.0},{"not_picked":["Choke","Prepared"],"picked":"Crippling Poison","floor":3.0},{"not_picked":["Deflect","Blur"],"picked":"Malaise","floor":4.0},{"not_picked":["Cloak And Dagger","Backflip","Underhanded Strike"],"picked":"SKIP","floor":5.0},{"not_picked":["Blur","Quick Slash"],"picked":"Dagger Spray","floor":7.0},{"not_picked":["Catalyst","Dodge and Roll","Phantasmal Killer"],"picked":"Singing Bowl","floor":10.0},{"not_picked":["Catalyst","Backflip","Slice"],"picked":"Singing Bowl","floor":12.0},{"not_picked":["Outmaneuver","Heel Hook"],"picked":"Accuracy","floor":14.0},{"not_picked":["Grand Finale","Glass Knife"],"picked":"Burst","floor":16.0},{"not_picked":["Flechettes","Skewer","Bane"],"picked":"Singing Bowl","floor":18},{"not_picked":["Concentrate","Underhanded Strike+1","Reflex"],"picked":"Singing Bowl","floor":19},{"not_picked":["Blade Dance","Underhanded Strike+1"],"picked":"Well Laid Plans","floor":22},{"not_picked":["Flying Knee","Reflex"],"picked":"Infinite Blades","floor":23},{"not_picked":["Sucker Punch","Quick Slash","Underhanded Strike"],"picked":"Singing Bowl","floor":25},{"not_picked":["Finisher","Infinite Blades","Dodge and Roll"],"picked":"Singing Bowl","floor":28},{"not_picked":["Skewer","Dagger Spray","Eviscerate"],"picked":"Singing Bowl","floor":29},{"not_picked":["Flechettes","Eviscerate","Venomology"],"picked":"Singing Bowl","floor":30},{"not_picked":["Acrobatics","Deflect"],"picked":"PiercingWail","floor":31},{"not_picked":["Doppelganger","Corpse Explosion"],"picked":"Storm of Steel","floor":33},{"not_picked":["Setup+1","Bane","Deadly Poison+1"],"picked":"Singing Bowl","floor":35},{"not_picked":["Bane","Sucker Punch+1","Prepared"],"picked":"Singing Bowl","floor":36},{"not_picked":["Skewer","Noxious Fumes"],"picked":"Cloak And Dagger","floor":37},{"not_picked":["Bouncing Flask","Tactician+1","Well Laid Plans"],"picked":"Singing Bowl","floor":38},{"not_picked":["Accuracy","Underhanded Strike","Noxious Fumes"],"picked":"Singing Bowl","floor":41},{"not_picked":["Infinite Blades","Poisoned Stab+1","Prepared"],"picked":"Singing Bowl","floor":42},{"not_picked":["Prepared","Night Terror"],"picked":"Blade Dance","floor":44},{"not_picked":["Bouncing Flask","Blade Dance"],"picked":"Terror","floor":47},{"not_picked":["Crippling Poison","Setup","Prepared+1"],"picked":"Singing Bowl","floor":48},{"not_picked":["Quick Slash","Bane","Prepared"],"picked":"Singing Bowl","floor":49}],"player_experience":971874,"relics_obtained":[{"floor":7.0,"key":"Orichalcum"},{"floor":9.0,"key":"Singing Bowl"},{"floor":10.0,"key":"Ice Cream"},{"floor":25,"key":"Pear"},{"floor":26,"key":"Bag of Preparation"},{"floor":29,"key":"FossilizedHelix"},{"floor":31,"key":"Meat on the Bone"},{"floor":38,"key":"Shovel"},{"floor":40,"key":"MealTicket"},{"floor":41,"key":"Omamori"},{"floor":43,"key":"Dream Catcher"},{"floor":44,"key":"Juzu Bracelet"},{"floor":46,"key":"Bronze Scales"},{"floor":48,"key":"TungstenRod"}],"event_choices":[{"damage_healed":0,"gold_gain":0,"player_choice":"Ignored","damage_taken":0,"max_hp_gain":0,"max_hp_loss":0,"event_name":"The Mausoleum","floor":20,"gold_loss":0},{"damage_healed":0,"gold_gain":0,"player_choice":"Paid Gold","damage_taken":0,"relics_obtained":["HornCleat"],"max_hp_gain":0,"max_hp_loss":0,"event_name":"WeMeetAgain","floor":21,"gold_loss":139},{"damage_healed":0,"gold_gain":0,"player_choice":"Fight","damage_taken":0,"max_hp_gain":0,"max_hp_loss":0,"event_name":"MindBloom","floor":38,"gold_loss":0},{"damage_healed":0,"gold_gain":0,"player_choice":"Max HP","damage_taken":0,"max_hp_gain":0,"max_hp_loss":5,"event_name":"Winding Halls","floor":39,"gold_loss":0},{"damage_healed":0,"gold_gain":0,"player_choice":"Paid","damage_taken":0,"relics_obtained":["Red Mask"],"max_hp_gain":0,"max_hp_loss":0,"event_name":"Tomb of Lord Red Mask","floor":45,"gold_loss":402}],"is_beta":false,"boss_relics":[{"not_picked":["HoveringKite","Busted Crown"],"picked":"Sozu"},{"not_picked":["Astrolabe","Fusion Hammer"],"picked":"Philosopher\u0027s Stone"}],"items_purged_floors":[11],"is_endless":false,"potions_floor_spawned":[3,4,10,14,16,18,23,29,30,31,33,35,36,42,44,48],"killed_by":"Awakened One","ascension_level":19}}