{"host":"4hkuu26ltn0le3bk","time":1611026442,"event":{"mods":["100% Spire Juice","Arknights The Spire","Astrologer","BaseMod","BetterRewards","Clockwork Mod","Colored Map","Colored Powertips","Downfall","Friendly Minions","Gremlin Mod","Hermit","Marisa????????","Minty Spire (QoL Compilation)","Quick Restart","StSLib","Td1madao Mod","The Bug Knight","The Construct","The Cursed","The Disciple","The Factory","The Hierophant","The Jungle","The Servant 0.9.4"],"gold_per_floor":[114,130,130,130,145,174,174,187,187,212,230,405,424,424,424,519,519,529,129,140,239,239,239,255,255,255,269,304,304,24,52,52,52,52],"floor_reached":33,"language":"ENG","playtime":2043,"items_purged":["TheCursedMod:Defend_TheCursed"],"score":335,"play_id":"317925d8-4213-4ea9-bcbe-8f7b53226be4","local_time":"20210118222042","is_ascension_mode":false,"campfire_choices":[{"data":"TheCursedMod:CircleOfFocus","floor":7,"key":"SMITH"},{"data":"TheCursedMod:FleshFromBone","floor":15,"key":"SMITH"},{"data":"TheCursedMod:CircleOfAbyss","floor":23,"key":"SMITH"},{"data":"TheCursedMod:FleshFromBone","floor":29,"key":"SMITH"},{"data":"TheCursedMod:CleanUpWorkshop","floor":32,"key":"SMITH"}],"circlet_count":0,"master_deck":["TheCursedMod:Strike_TheCursed+1","TheCursedMod:Strike_TheCursed+1","TheCursedMod:Strike_TheCursed+1","TheCursedMod:Strike_TheCursed+1","TheCursedMod:Defend_TheCursed+1","TheCursedMod:Defend_TheCursed+1","TheCursedMod:CursedWand","TheCursedMod:CleanUpWorkshop+1","TheCursedMod:Dregs","TheCursedMod:CircleOfFocus+1","TheCursedMod:HellfireBreathing","TheCursedMod:FleshFromBone+1","TheCursedMod:CursedSpellbook","TheCursedMod:HellfireBreathing","TheCursedMod:EmpowerCircles","Doubt","TheCursedMod:LuckyCharm","TheCursedMod:AntiAging","TheCursedMod:CircleOfFocus+1","TheCursedMod:LuckyCharm","TheCursedMod:CircleOfFocus","TheCursedMod:CircleOfAbyss+1","TheCursedMod:CursedMace","TheCursedMod:FleshFromBone+1","TheCursedMod:CircleOfAmplification+1","TheCursedMod:RavingStaff+1"],"relics":["TheCursedMod:BlackMagic101","Akabeko","construct:FoamFinger","PreservedInsect","Orichalcum","SlaversCollar","Shuriken","TheCursedMod:MagicCandle","Pen Nib","Membership Card","Bottled Lightning","Bronze Scales"],"acts_visited":["Exordium","TheCity"],"potions_floor_usage":[6,28,31,33],"damage_taken":[{"damage":0,"enemies":"Small Slimes","floor":1,"turns":4},{"damage":6,"enemies":"Jaw Worm","floor":2,"turns":5},{"damage":0,"enemies":"2 Louse","floor":5,"turns":2},{"damage":36,"enemies":"Lagavulin","floor":6,"turns":14},{"damage":2,"enemies":"Looter","floor":8,"turns":2},{"damage":1,"enemies":"3 Louse","floor":11,"turns":3},{"damage":0,"enemies":"Blue Slaver","floor":13,"turns":4},{"damage":8,"enemies":"Hexaghost","floor":16,"turns":14},{"damage":7,"enemies":"Chosen","floor":18,"turns":9},{"damage":24,"enemies":"3 Byrds","floor":20,"turns":7},{"damage":17,"enemies":"Centurion and Healer","floor":24,"turns":7},{"damage":5,"enemies":"Chosen and Byrds","floor":27,"turns":5},{"damage":13,"enemies":"Gremlin Leader","floor":28,"turns":5},{"damage":0,"enemies":"Slavers","floor":31,"turns":6},{"damage":36,"enemies":"Automaton","floor":33,"turns":6}],"seed_played":"5721357784493466008","potions_obtained":[{"floor":1,"key":"BlessingOfTheForge"},{"floor":2,"key":"sneckomod:MuddlingPotion"},{"floor":8,"key":"AttackPotion"},{"floor":11,"key":"Ancient Potion"},{"floor":18,"key":"PowerPotion"},{"floor":20,"key":"Strength Potion"},{"floor":28,"key":"PowerPotion"}],"is_trial":false,"path_per_floor":["M","M","?","?","M","E","R","M","T","T","M","?","M","?","R","B",null,"M","$","M","?","?","R","M","?","T","M","E","R","$","E","R","B"],"character_chosen":"THE_CURSED","items_purchased":["Shuriken","TheCursedMod:LuckyCharm","Membership Card","Bottled Lightning"],"campfire_rested":0,"item_purchase_floors":[19,19,30,30],"current_hp_per_floor":[82,76,69,62,62,26,26,24,24,24,23,23,23,28,28,20,87,82,82,60,60,60,60,45,45,45,42,31,31,31,31,31,0,0],"gold":52,"neow_bonus":"TEN_PERCENT_HP_BONUS","is_daily":false,"chose_seed":false,"campfire_upgraded":5,"win_rate":0.0,"timestamp":1611026442,"path_taken":["M","M","?","?","M","E","R","M","T","?","M","?","?","?","R","BOSS","M","$","M","?","?","R","M","?","T","M","E","R","?","E","R","BOSS"],"items_purchased_type":["Relic","Card","Relic","Relic"],"build_version":"2020-12-22","purchased_purges":1,"victory":false,"max_hp_per_floor":[82,82,82,82,82,82,82,82,82,82,82,82,82,87,87,87,87,89,89,91,91,91,91,93,93,93,95,97,97,97,97,97,97,97],"card_choices":[{"not_picked":["TheCursedMod:StingEye","TheCursedMod:Wield"],"picked":"TheCursedMod:CircleOfFocus","floor":1},{"not_picked":["TheCursedMod:CircleOfBlood","TheCursedMod:Torture"],"picked":"TheCursedMod:HellfireBreathing","floor":2},{"not_picked":["TheCursedMod:StingEye","TheCursedMod:ReleasedStrength"],"picked":"TheCursedMod:FleshFromBone","floor":5},{"not_picked":["TheCursedMod:ReleasedKnowledge","TheCursedMod:SoulReap"],"picked":"TheCursedMod:CursedSpellbook","floor":6},{"not_picked":["TheCursedMod:SpreadPlague","TheCursedMod:CircleOfCorruption"],"picked":"TheCursedMod:HellfireBreathing","floor":8},{"not_picked":["TheCursedMod:Obscuration","TheCursedMod:TroublousMinions"],"picked":"TheCursedMod:EmpowerCircles","floor":11},{"not_picked":["TheCursedMod:SpreadPlague","TheCursedMod:SoulReap"],"picked":"TheCursedMod:LuckyCharm","floor":13},{"not_picked":["TheCursedMod:UltimatePain","TheCursedMod:ParallelWorld"],"picked":"TheCursedMod:AntiAging","floor":16},{"not_picked":["TheCursedMod:CursedShiv","TheCursedMod:ReleasedStrength"],"picked":"TheCursedMod:CircleOfFocus+1","floor":18},{"not_picked":["TheCursedMod:CursedAmulet","TheCursedMod:TacticalStrike"],"picked":"TheCursedMod:CircleOfFocus","floor":20},{"not_picked":["TheCursedMod:WearCloak+1","TheCursedMod:CircleOfAmplification+1"],"picked":"TheCursedMod:CursedMace","floor":24},{"not_picked":["TheCursedMod:Obscuration","TheCursedMod:Wield"],"picked":"TheCursedMod:FleshFromBone","floor":27},{"not_picked":["TheCursedMod:RapidMovement","TheCursedMod:PrepareRite"],"picked":"TheCursedMod:CircleOfAmplification+1","floor":28},{"not_picked":["TheCursedMod:Torture+1","TheCursedMod:ParallelWorld"],"picked":"TheCursedMod:RavingStaff+1","floor":31}],"player_experience":232711,"relics_obtained":[{"floor":6,"key":"construct:FoamFinger"},{"floor":9,"key":"PreservedInsect"},{"floor":10,"key":"Orichalcum"},{"floor":26,"key":"TheCursedMod:MagicCandle"},{"floor":28,"key":"Pen Nib"},{"floor":31,"key":"Bronze Scales"}],"event_choices":[{"damage_healed":0,"gold_gain":0,"player_choice":"Success","damage_taken":7,"relics_obtained":["Akabeko"],"max_hp_gain":0,"max_hp_loss":0,"event_name":"Scrap Ooze","floor":3,"gold_loss":0},{"cards_removed":["TheCursedMod:Defend_TheCursed"],"damage_healed":0,"gold_gain":0,"player_choice":"Card Removal","damage_taken":7,"max_hp_gain":0,"max_hp_loss":0,"event_name":"Golden Wing","floor":4,"gold_loss":0},{"damage_healed":0,"gold_gain":175,"player_choice":"AGREE","damage_taken":0,"max_hp_gain":0,"max_hp_loss":0,"event_name":"Liars Game","floor":12,"gold_loss":0,"cards_obtained":["Doubt"]},{"damage_healed":0,"gold_gain":0,"player_choice":"Donut","damage_taken":0,"max_hp_gain":5,"max_hp_loss":0,"event_name":"Big Fish","floor":14,"gold_loss":0},{"damage_healed":0,"gold_gain":99,"player_choice":"Stole From Cult","damage_taken":0,"max_hp_gain":0,"max_hp_loss":0,"event_name":"Nest","floor":21,"gold_loss":0},{"damage_healed":0,"gold_gain":0,"player_choice":"Read","damage_taken":0,"max_hp_gain":0,"max_hp_loss":0,"event_name":"The Library","floor":22,"gold_loss":0,"cards_obtained":["TheCursedMod:CircleOfAbyss"]},{"damage_healed":0,"gold_gain":0,"player_choice":"Simplicity","damage_taken":0,"max_hp_gain":0,"max_hp_loss":0,"event_name":"Back to Basics","floor":25,"gold_loss":0,"cards_upgraded":["TheCursedMod:Strike_TheCursed","TheCursedMod:Strike_TheCursed","TheCursedMod:Strike_TheCursed","TheCursedMod:Strike_TheCursed","TheCursedMod:Defend_TheCursed","TheCursedMod:Defend_TheCursed"]}],"is_beta":false,"boss_relics":[{"not_picked":["Empty Cage","Astrolabe"],"picked":"SlaversCollar"}],"items_purged_floors":[19],"is_endless":false,"potions_floor_spawned":[1,2,8,11,18,20,28],"killed_by":"Automaton","ascension_level":0}}