{"host":"lg2j834m1ujxvni0","time":1611097796,"event":{"mods":["AchievementEnabler","BaseMod","Beaked The Cultist","BetterRewards","Colored Map","Colored Powertips","Conspire","Friendly Minions","Googly Eyes","Hermit","Highlight Path","Hubris","Infinite Spire","Marisa????????","Minty Spire (QoL Compilation)","Quick Restart","Replay The Spire","Shop Mod","StSLib","The Bladedancer","The Bug Knight","The Construct","The Cursed","The Disciple","The Hierophant","The Jungle","The Necromancer","The Runesmith","The Servant 0.9.4"],"gold_per_floor":[119,119,39,57,57,88,88,88,159,177,187,215,228,7,7,108,108,124,13,13,32,51,76,88,127,162,210,234,234],"floor_reached":28,"language":"ENG","playtime":4444,"items_purged":[],"score":323,"play_id":"0fa008f1-b8a0-406b-8b34-608d0d14f4f0","local_time":"20210119180956","is_ascension_mode":false,"campfire_choices":[{"data":"blademaster:EyeOfTheTornado","floor":8,"key":"SMITH"},{"data":"blademaster:Quickstep","floor":15,"key":"SMITH"},{"floor":24,"key":"REST"}],"circlet_count":0,"master_deck":["blademaster:Strike","blademaster:Strike","blademaster:Strike","blademaster:Strike","blademaster:Defend","blademaster:Defend","blademaster:Defend","blademaster:RagingBlow","blademaster:HighVoltage","blademaster:Reversal","blademaster:Empower","blademaster:Stability","blademaster:Stability","blademaster:Flurry+1","blademaster:Vortex","blademaster:EyeOfTheTornado+1","blademaster:EyeOfTheStorm","blademaster:BloodyBlow","blademaster:Quickstep+1","blademaster:LightningDraw","Sadistic Nature","blademaster:AirSlash","blademaster:ThreePointStrike","blademaster:Hailwind+1","blademaster:BladeMastery","blademaster:BladeMastery","blademaster:Safeguard","blademaster:DaggerAndCloak","blademaster:Momentum","blademaster:Stormstrike","hubris:Wrath","hubris:Sloth","blademaster:Rupture+1"],"relics":["blademaster:DancersAmulet","NeowsBlessing","infinitespire:Lychee Nut","hubris:Icosahedron","White Beast Statue","ReplayTheSpireMod:TigerMarble","Cursed Key","MawBank","hubris:TenFootPole","Replay:Bandana"],"acts_visited":["Exordium","Exordium"],"potions_floor_usage":[12,13,27,28],"damage_taken":[{"damage":0,"enemies":"Small Slimes","floor":1,"turns":1},{"damage":0,"enemies":"Cultist","floor":4,"turns":1},{"damage":0,"enemies":"3 Sentries","floor":6,"turns":1},{"damage":5,"enemies":"Jaw Worm","floor":10,"turns":3},{"damage":10,"enemies":"2 Fungi Beasts","floor":11,"turns":2},{"damage":12,"enemies":"HollowMod:MossKnight","floor":12,"turns":7},{"damage":16,"enemies":"Exordium Thugs","floor":13,"turns":3},{"damage":0,"enemies":"Fading Forest","floor":16,"turns":11},{"damage":1,"enemies":"Shell Parasite","floor":18,"turns":2},{"damage":0,"enemies":"theJungle:MUSHROOMGANG","floor":21,"turns":3},{"damage":22,"enemies":"theJungle:2_Flameangoes","floor":22,"turns":4},{"damage":21,"enemies":"Nightmare","floor":23,"turns":6},{"damage":21,"enemies":"theJungle:JungleHuntersEncounter","floor":27,"turns":5},{"damage":38,"enemies":"theJungle:Cassacara","floor":28,"turns":6}],"seed_played":"8355513215669832044","potions_obtained":[{"floor":10,"key":"PowerPotion"},{"floor":11,"key":"EssenceOfSteel"},{"floor":12,"key":"Dexterity Potion"},{"floor":13,"key":"DuplicationPotion"},{"floor":16,"key":"Elixir"},{"floor":18,"key":"LiquidMemories"},{"floor":21,"key":"SkillPotion"},{"floor":23,"key":"PowerPotion"},{"floor":27,"key":"DuplicationPotion"}],"is_trial":false,"path_per_floor":["M","?","$","M","?","E","?","R","T","M","M","E","M","$","R","B",null,"M","$","?","M","M","NM","R","T","T","M","E"],"character_chosen":"THE_BLADEMASTER","items_purchased":["blademaster:Stability","blademaster:Flurry","Sadistic Nature","blademaster:AirSlash","blademaster:BladeMastery","blademaster:Safeguard"],"campfire_rested":1,"item_purchase_floors":[3,3,14,14,19,19],"current_hp_per_floor":[75,75,75,75,75,56,56,56,56,53,46,40,30,30,30,46,56,56,56,56,56,35,20,36,36,36,30,0,0],"gold":234,"neow_bonus":"THREE_ENEMY_KILL","is_daily":false,"chose_seed":false,"campfire_upgraded":2,"win_rate":0.0,"timestamp":1611097796,"path_taken":["M","?","$","?","?","E","?","R","T","?","M","E","M","?","R","BOSS","M","$","?","M","M","NM","R","?","T","M","E"],"items_purchased_type":["Card","Card","Card","Card","Card","Card"],"build_version":"2020-12-22","purchased_purges":0,"victory":false,"max_hp_per_floor":[75,75,75,75,75,56,56,56,56,56,56,56,56,56,56,56,56,56,56,56,56,56,56,56,56,56,56,56,56],"card_choices":[{"not_picked":["blademaster:SharpBlades","blademaster:DeadlyDance"],"picked":"blademaster:Reversal","floor":1},{"not_picked":["blademaster:Quickstep","blademaster:AwakeningStrike"],"picked":"blademaster:Vortex","floor":4},{"not_picked":["blademaster:Blindside","blademaster:Cut"],"picked":"blademaster:EyeOfTheTornado","floor":6},{"not_picked":["blademaster:ChargingUp","blademaster:Stability"],"picked":"blademaster:EyeOfTheStorm","floor":10},{"not_picked":["blademaster:AwakeningDefend","blademaster:Quickstep"],"picked":"blademaster:BloodyBlow","floor":11},{"not_picked":["blademaster:Safeguard","blademaster:AwakeningStrike"],"picked":"blademaster:Quickstep","floor":12},{"not_picked":["blademaster:TraverseCut","blademaster:Flurry"],"picked":"blademaster:LightningDraw","floor":13},{"not_picked":["blademaster:CloudOfSteel","blademaster:LightningDraw"],"picked":"blademaster:ThreePointStrike","floor":16},{"not_picked":["blademaster:Cut","blademaster:Slice"],"picked":"blademaster:Hailwind+1","floor":18},{"not_picked":["blademaster:SlyStabs+1","blademaster:CullingStrike"],"picked":"blademaster:DaggerAndCloak","floor":21},{"not_picked":["blademaster:Stability+1","blademaster:Hailwind"],"picked":"blademaster:Momentum","floor":22},{"not_picked":["blademaster:AwakeningStrike","blademaster:BrainBloom"],"picked":"blademaster:Stormstrike","floor":23},{"not_picked":["blademaster:AirSlash","blademaster:CombatPrep+1"],"picked":"blademaster:Rupture+1","floor":27}],"player_experience":112885,"relics_obtained":[{"floor":6,"key":"infinitespire:Lychee Nut"},{"floor":6,"key":"blademaster:FinisherDrawCardPerk"},{"floor":9,"key":"White Beast Statue"},{"floor":12,"key":"ReplayTheSpireMod:TigerMarble"},{"floor":12,"key":"blademaster:BonusComboPerk"},{"floor":23,"key":"MawBank"},{"floor":23,"key":"blademaster:BleedingMoreDamagePerk"},{"floor":25,"key":"hubris:TenFootPole"},{"floor":26,"key":"Replay:Bandana"}],"event_choices":[{"damage_healed":0,"gold_gain":0,"cards_transformed":["blademaster:Defend"],"player_choice":"Transformed","damage_taken":0,"max_hp_gain":0,"max_hp_loss":0,"event_name":"Transmorgrifier","floor":2,"gold_loss":0,"cards_obtained":["blademaster:Empower"]},{"damage_healed":0,"gold_gain":0,"player_choice":"Leave","damage_taken":0,"max_hp_gain":0,"max_hp_loss":0,"event_name":"conspire:Investor","floor":20,"gold_loss":0}],"is_beta":false,"boss_relics":[{"not_picked":["ReplayTheSpireMod:DimensionalGlitch","hubris:BlackHole"],"picked":"Cursed Key"}],"items_purged_floors":[],"is_endless":true,"potions_floor_spawned":[10,11,12,13,16,18,21,22,23,27],"killed_by":"theJungle:Cassacara","ascension_level":0}}