{"host":"ifrtxrfi0kt9ye6r","time":1611015274,"event":{"mods":["Act Like it!","BaseMod","BetterRewards","Friendly Minions","Gensokyo","Hubris","Infinite Spire","Koishi","Marisa£¨Ùöéë¡¡Øª×âÞÞ£©","Minty Spire (QoL Compilation)","Replay The Spire","StSLib","The Animator"],"gold_per_floor":[115,129,129,139,167,193,193,219,219,249,265,297,14,40,40,135,135,151,167,167,167,199,199,234,234,234,234,234,334,78,110,110,212,212,226,226,237,237,247,281,281,306,306,343,546,575,594,594,594,594,594,594,10,40,40],"floor_reached":56,"language":"ENG","playtime":7390,"items_purged":["animator:Strike","Sickly","animator:Strike"],"score":1567,"play_id":"c16c602c-b6df-417f-b7b4-8f56e00054eb","local_time":"20210119091434","is_ascension_mode":true,"campfire_choices":[{"floor":23,"key":"REST"},{"floor":25,"key":"REST"},{"data":"infinitespire:Oblivion","floor":41,"key":"SMITH"},{"floor":49,"key":"RECALL"},{"data":"animator:AyaShameimaru","floor":52,"key":"SMITH"}],"circlet_count":0,"master_deck":["animator:Strike_TouhouProject","animator:Defend_TouhouProject","animator:Strike","animator:Defend","animator:Defend","animator:Defend","animator:MarisaKirisame","animator:ReimuHakurei","animator:Togame","animator:YachiyoNanami","animator:YunYun","animator:ElricAlphonse","animator:Clownpiece","animator:NagisaMomoe","animator:OrikoMikuni+1","animator:KaguyaHouraisan","animator:Cirno","animator:HomuraAkemi","animator:Pride+1","animator:Clownpiece","infinitespire:UltimateForm","animator:AyaShameimaru+1","infinitespire:Oblivion+1","animator:TanyaDegurechaff","animator:MamizouFutatsuiwa","animator:SatoriKomeiji","animator:Clownpiece+1","Regret","animator:HiedaNoAkyuu","animator:MisaKurobane"],"relics":["animator:LivingPicture","animator:TheMissingPiece","animator:PurgingStone","Strawberry","infinitespire:Lychee Nut","Matryoshka","animator:Buoy","hubris:BottledRain","Blue Doll","infinitespire:FocusingShard","Replay:Ringing Soul","Bag of Marbles","Anchor","Cursed Key","infinitespire:Broken Mirror","infinitespire:CheckeredPen","hubris:Towel","animator:HolyGrailRelic","FossilizedHelix","Champion Belt","hubris:FunFungus","ReplayTheSpireMod:TigerMarble","hubris:VirtuousBlindfold","hubris:Icosahedron","Snack Pack","Bronze Scales","hubris:CuriousFeather","Gambling Chip","Toolbox","Bottled Lightning","Boot"],"acts_visited":["Gensokyo:Gensokyo","Gensokyo:Gensokyoer","Gensokyo:Gensokyoest","TheEnding"],"potions_floor_usage":[12,16,19,33,37,55,55],"damage_taken":[{"damage":0,"enemies":"Gensokyo:Python","floor":1,"turns":4},{"damage":1,"enemies":"Gensokyo:Gryphon","floor":2,"turns":2},{"damage":1,"enemies":"Gensokyo:3_Fairies","floor":4,"turns":3},{"damage":0,"enemies":"Gensokyo:LivingMonolith","floor":5,"turns":3},{"damage":23,"enemies":"Gensokyo:Aya","floor":6,"turns":4},{"damage":4,"enemies":"Gensokyo:Mamizou","floor":8,"turns":5},{"damage":25,"enemies":"Gensokyo:Aya","floor":10,"turns":4},{"damage":13,"enemies":"Gensokyo:3_Kodama","floor":11,"turns":3},{"damage":0,"enemies":"Gensokyo:Mamizou","floor":12,"turns":6},{"damage":17,"enemies":"Gensokyo:Kokoro","floor":16,"turns":6},{"damage":6,"enemies":"Gensokyo:2_Gloops","floor":18,"turns":3},{"damage":20,"enemies":"Gensokyo:3_Dogs","floor":19,"turns":4},{"damage":21,"enemies":"Gensokyo:Slime_Group","floor":22,"turns":7},{"damage":41,"enemies":"Gensokyo:Koishi","floor":24,"turns":7},{"damage":0,"enemies":"Gensokyo:Koishi","floor":29,"turns":6},{"damage":0,"enemies":"Gensokyo:Reisen","floor":31,"turns":7},{"damage":29,"enemies":"Gensokyo:Kaguya","floor":33,"turns":9},{"damage":0,"enemies":"Gensokyo:AncientGuardian","floor":35,"turns":5},{"damage":0,"enemies":"Gensokyo:3_Boulders","floor":37,"turns":4},{"damage":10,"enemies":"Gensokyo:4_Bats","floor":39,"turns":5},{"damage":0,"enemies":"Gensokyo:Marisa","floor":40,"turns":4},{"damage":15,"enemies":"Gensokyo:Kasen","floor":42,"turns":6},{"damage":0,"enemies":"Gensokyo:Sharpion","floor":44,"turns":4},{"damage":0,"enemies":"Gensokyo:Doremy","floor":46,"turns":5},{"damage":0,"enemies":"Gensokyo:SeedOfUnknown","floor":47,"turns":5},{"damage":32,"enemies":"Gensokyo:Scarlet_Devils","floor":50,"turns":9},{"damage":21,"enemies":"Shield and Spear","floor":54,"turns":4},{"damage":75,"enemies":"The Heart","floor":55,"turns":10}],"seed_played":"7262569048785714789","potions_obtained":[{"floor":4,"key":"Reflective Coating"},{"floor":6,"key":"Languid Potion"},{"floor":10,"key":"SpeedPotion"},{"floor":12,"key":"FairyPotion"},{"floor":16,"key":"Languid Potion"},{"floor":18,"key":"AttackPotion"},{"floor":31,"key":"animator:GrowthPotion"},{"floor":35,"key":"Energy Potion"},{"floor":42,"key":"Ancient Potion"}],"is_trial":false,"path_per_floor":["M","M","?","M","M","E","?","E","T","E","M","E","$","T","R","B",null,"M","M","?","?","M","R","E","R","T","?","AVR","?","$","E","R","B",null,"M","?","M","AVR","M","E","R","E","T","M","?","E","M","?","R","B",null,"R","$","E","B",null],"character_chosen":"THE_ANIMATOR","items_purchased":["animator:Togame","animator:YachiyoNanami","Replay:Ringing Soul","animator:Cirno","animator:TanyaDegurechaff","animator:MamizouFutatsuiwa","Toolbox","animator:MisaKurobane","Bottled Lightning"],"campfire_rested":2,"item_purchase_floors":[0,0,13,13,30,30,53,53,53],"current_hp_per_floor":[66,65,62,61,61,38,38,40,40,21,14,20,23,23,40,32,61,58,47,47,33,21,42,7,28,31,31,42,50,53,60,60,41,96,99,99,99,99,92,100,100,93,96,107,80,88,96,96,96,80,113,113,116,96,41],"gold":40,"neow_bonus":"","is_daily":false,"chose_seed":true,"campfire_upgraded":2,"win_rate":0.0,"timestamp":1611015274,"path_taken":["M","M","?","?","M","E","?","E","T","E","?","E","$","?","R","BOSS","M","M","?","?","M","R","E","R","T","?","AVR","?","?","E","R","BOSS","M","?","M","AVR","?","E","R","E","T","M","?","E","?","?","R","BOSS","R","$","E","BOSS"],"items_purchased_type":["Card","Card","Relic","Card","Card","Card","Relic","Card","Relic"],"build_version":"2020-12-22","purchased_purges":3,"victory":true,"max_hp_per_floor":[66,66,73,73,73,54,54,54,54,54,55,55,58,58,58,61,61,64,67,67,70,73,73,73,73,76,76,87,89,92,92,92,96,96,99,99,99,99,99,101,101,103,106,111,111,111,113,113,113,113,113,113,116,116,116],"card_choices":[{"not_picked":["animator:Priestess","animator:Mikaela"],"picked":"animator:YunYun","floor":1},{"not_picked":["animator:Chris","animator:ZankiKiguchi","animator:Pride"],"picked":"SKIP","floor":2},{"not_picked":["animator:Layla","animator:SuzuneAmano"],"picked":"animator:ElricAlphonse","floor":4},{"not_picked":["animator:KomachiOnozuka","animator:ReimuHakurei"],"picked":"animator:Clownpiece","floor":5},{"not_picked":["animator:SuzuneAmano","animator:Shinoa"],"picked":"animator:NagisaMomoe","floor":6},{"not_picked":["animator:MarisaKirisame","animator:AliceMargatroid"],"picked":"animator:OrikoMikuni","floor":8},{"not_picked":["animator:YunYun","animator:Scar","animator:Biyorigo"],"picked":"SKIP","floor":10},{"not_picked":["animator:ReimuHakurei","animator:MarisaKirisame"],"picked":"animator:KaguyaHouraisan","floor":11},{"not_picked":["animator:Chung","animator:Clownpiece","animator:Megumin"],"picked":"SKIP","floor":12},{"not_picked":["animator:Guren","animator:Hans"],"picked":"animator:HomuraAkemi","floor":16},{"not_picked":["animator:CowGirl","animator:Aisha+1"],"picked":"animator:Pride","floor":18},{"not_picked":["animator:MarisaKirisame","animator:CowGirl+1"],"picked":"animator:Clownpiece","floor":19},{"not_picked":["infinitespire:SealOfDarkness+","infinitespire:SevenWalls"],"picked":"infinitespire:UltimateForm","floor":21},{"not_picked":["animator:ReimuHakurei","animator:KaguyaHouraisan"],"picked":"animator:AyaShameimaru","floor":22},{"not_picked":["animator:HiiragiShinya","animator:Mikaela","animator:IrohaTamaki"],"picked":"SKIP","floor":24},{"not_picked":["animator:KaguyaHouraisan+1","animator:Elsword","animator:OrikoMikuni"],"picked":"SKIP","floor":31},{"not_picked":["animator:FeridBathory","animator:Kyubey"],"picked":"animator:SatoriKomeiji","floor":33},{"not_picked":["animator:Witch+1","animator:KyokoSakura+1"],"picked":"animator:Clownpiece+1","floor":35},{"not_picked":["animator:TsurugaMeisai+1","animator:KaguyaHouraisan","animator:HighElfArcher"],"picked":"SKIP","floor":37},{"not_picked":["animator:Emonzaemon","animator:YunYun","animator:Clownpiece"],"picked":"SKIP","floor":39},{"not_picked":["animator:Shinoa","animator:YuiTsuruno","animator:Gluttony"],"picked":"SKIP","floor":40},{"not_picked":["animator:Shinoa","animator:YuiTsuruno","animator:Aqua"],"picked":"SKIP","floor":42},{"not_picked":["animator:WinryRockbell+1","animator:Shinoa+1"],"picked":"animator:HiedaNoAkyuu","floor":44},{"not_picked":["animator:YuukaKazami+1","animator:Mikaela","animator:SayakaMiki"],"picked":"SKIP","floor":46},{"not_picked":["animator:Clownpiece+1","animator:GuildGirl","animator:MarisaKirisame+1"],"picked":"SKIP","floor":47},{"not_picked":["animator:KyokoSakura+1","animator:YunYun","animator:Yuuichirou"],"picked":"SKIP","floor":54}],"player_experience":296825,"relics_obtained":[{"floor":6,"key":"infinitespire:Lychee Nut"},{"floor":8,"key":"Matryoshka"},{"floor":9,"key":"animator:Buoy"},{"floor":9,"key":"hubris:BottledRain"},{"floor":10,"key":"Blue Doll"},{"floor":12,"key":"infinitespire:FocusingShard"},{"floor":14,"key":"Bag of Marbles"},{"floor":14,"key":"Anchor"},{"floor":24,"key":"infinitespire:Broken Mirror"},{"floor":26,"key":"infinitespire:CheckeredPen"},{"floor":29,"key":"Champion Belt"},{"floor":29,"key":"hubris:FunFungus"},{"floor":31,"key":"ReplayTheSpireMod:TigerMarble"},{"floor":40,"key":"Bronze Scales"},{"floor":42,"key":"hubris:CuriousFeather"},{"floor":46,"key":"Gambling Chip"},{"floor":54,"key":"Boot"}],"event_choices":[],"is_beta":false,"boss_relics":[{"not_picked":["Runic Dome","hubris:BlackHole"],"picked":"Cursed Key"},{"not_picked":["Black Star","SacredBark"],"picked":"hubris:VirtuousBlindfold"}],"items_purged_floors":[0,28,53],"is_endless":false,"potions_floor_spawned":[4,6,10,12,16,18,31,35,42,46,54],"ascension_level":2}}