{"host":"c3lc60y5x60jlt1y","time":1611036539,"event":{"mods":["AchievementEnabler","BaseMod","Bestiary","Colored Map","Minty Spire (QoL Compilation)","Quick Restart","StSLib","ojb\u0027s Info Mod"],"gold_per_floor":[119,137,137,137,157,186,30,48,48,48,11,45,45,64,64,164,164,184,184,199,210,210,236,236,271,271,283,311,325,342,359,359,359,359],"floor_reached":33,"language":"ENG","playtime":2244,"items_purged":["Parasite"],"score":510,"play_id":"aac37a4e-7c0d-4376-920d-cfb4373b3924","local_time":"20210119080859","is_ascension_mode":true,"campfire_choices":[{"floor":10,"key":"DIG"},{"floor":13,"key":"REST"},{"floor":15,"key":"DIG"},{"data":"Pain","floor":24,"key":"PURGE"},{"data":"Strike_B","floor":32,"key":"PURGE"}],"circlet_count":0,"master_deck":["AscendersBane","Strike_B","Strike_B","Strike_B","Defend_B","Defend_B","Defend_B","Defend_B","Zap","Dualcast","Tempest","Chill","Doom and Gloom","Leap","Hyperbeam","White Noise","Glacier","Meteor Strike","Leap","Buffer+1","Go for the Eyes","Self Repair","Buffer","Steam Power","Chaos+1","Undo+1","Storm+1","Undo+1"],"relics":["Cracked Core","Shovel","Ancient Tea Set","Peace Pipe","Mummified Hand","Sundial","Cables","Pen Nib","Fusion Hammer","WarpedTongs","Strawberry","Happy Flower","Toxic Egg 2","Ginger"],"acts_visited":["Exordium","TheCity"],"potions_floor_usage":[16,25,27],"damage_taken":[{"damage":7,"enemies":"2 Louse","floor":1,"turns":2},{"damage":6,"enemies":"Small Slimes","floor":2,"turns":4},{"damage":8,"enemies":"Cultist","floor":5,"turns":4},{"damage":32,"enemies":"Lagavulin","floor":6,"turns":8},{"damage":0,"enemies":"Exordium Wildlife","floor":8,"turns":1},{"damage":5,"enemies":"3 Sentries","floor":12,"turns":4},{"damage":0,"enemies":"Gremlin Gang","floor":14,"turns":1},{"damage":15,"enemies":"Hexaghost","floor":16,"turns":7},{"damage":2,"enemies":"Chosen","floor":18,"turns":5},{"damage":16,"enemies":"Spheric Guardian","floor":20,"turns":4},{"damage":0,"enemies":"Centurion and Healer","floor":21,"turns":10},{"damage":27,"enemies":"Book of Stabbing","floor":23,"turns":6},{"damage":27,"enemies":"Slavers","floor":25,"turns":6},{"damage":3,"enemies":"Snake Plant","floor":27,"turns":2},{"damage":4,"enemies":"Book of Stabbing","floor":28,"turns":5},{"damage":0,"enemies":"Shelled Parasite and Fungi","floor":29,"turns":6},{"damage":0,"enemies":"Snecko","floor":30,"turns":4},{"damage":0,"enemies":"Snake Plant","floor":31,"turns":3},{"damage":73,"enemies":"Champ","floor":33,"turns":14}],"seed_played":"653058419780449051","potions_obtained":[{"floor":2,"key":"GamblersBrew"},{"floor":8,"key":"PowerPotion"},{"floor":14,"key":"SteroidPotion"},{"floor":16,"key":"Dexterity Potion"},{"floor":23,"key":"FearPotion"},{"floor":25,"key":"FocusPotion"},{"floor":28,"key":"SneckoOil"},{"floor":29,"key":"BlessingOfTheForge"},{"floor":31,"key":"Weak Potion"}],"is_trial":false,"path_per_floor":["M","M","?","?","M","E","$","M","T","R","$","E","R","M","R","B",null,"M","?","M","M","?","E","R","E","T","M","E","M","M","M","R","B"],"character_chosen":"DEFECT","items_purchased":["Hyperbeam","Glacier"],"campfire_rested":1,"item_purchase_floors":[7,11],"current_hp_per_floor":[61,55,60,60,52,20,20,20,20,20,20,15,38,38,38,23,64,62,62,46,46,46,36,36,16,16,13,16,23,33,43,43,0,0],"gold":359,"neow_bonus":"ONE_RARE_RELIC","is_daily":false,"chose_seed":false,"campfire_upgraded":0,"win_rate":0.0,"timestamp":1611036539,"path_taken":["M","M","?","?","M","E","$","?","T","R","$","E","R","M","R","BOSS","M","?","?","M","?","E","R","E","T","M","E","?","M","?","R","BOSS"],"items_purchased_type":["Card","Card"],"build_version":"2020-12-22","purchased_purges":1,"victory":false,"max_hp_per_floor":[75,75,80,80,80,80,77,77,77,77,77,77,77,77,77,77,77,77,77,77,77,77,84,84,84,84,84,84,84,84,84,84,84,84],"card_choices":[{"not_picked":["Double Energy","Rebound"],"picked":"Tempest","floor":1},{"not_picked":["Fusion","Compile Driver"],"picked":"Chill","floor":2},{"not_picked":["Gash","Scrape"],"picked":"Doom and Gloom","floor":5},{"not_picked":["Streamline","Cold Snap"],"picked":"Leap","floor":6},{"not_picked":["Coolheaded","Hologram"],"picked":"White Noise","floor":8},{"not_picked":["Barrage","Force Field"],"picked":"Meteor Strike","floor":12},{"not_picked":["Barrage","Hologram"],"picked":"Leap","floor":14},{"not_picked":["Hyperbeam","Electrodynamics"],"picked":"Buffer","floor":16},{"not_picked":["Reinforced Body","Doom and Gloom+1","Compile Driver"],"picked":"SKIP","floor":18},{"not_picked":["Compile Driver","Leap"],"picked":"Go for the Eyes","floor":20},{"not_picked":["Doom and Gloom","Stack"],"picked":"Self Repair","floor":21},{"not_picked":["Leap","Gash"],"picked":"Buffer","floor":23},{"not_picked":["Stack","Rainbow"],"picked":"Steam Power","floor":25},{"not_picked":["Melter","Steam Power+1"],"picked":"Chaos+1","floor":27},{"not_picked":["Stack+1","Gash"],"picked":"Undo+1","floor":28},{"not_picked":["Ball Lightning","Static Discharge"],"picked":"Storm+1","floor":29},{"not_picked":["Rebound","Barrage","Go for the Eyes"],"picked":"SKIP","floor":30},{"not_picked":["Turbo+1","Redo+1"],"picked":"Undo+1","floor":31}],"player_experience":8172124,"relics_obtained":[{"floor":4,"key":"Ancient Tea Set"},{"floor":6,"key":"Peace Pipe"},{"floor":9,"key":"Mummified Hand"},{"floor":10,"key":"Sundial"},{"floor":12,"key":"Cables"},{"floor":15,"key":"Pen Nib"},{"floor":23,"key":"Strawberry"},{"floor":25,"key":"Happy Flower"},{"floor":26,"key":"Toxic Egg 2"},{"floor":28,"key":"Ginger"}],"event_choices":[{"damage_healed":0,"gold_gain":0,"player_choice":"Donut","damage_taken":0,"max_hp_gain":5,"max_hp_loss":0,"event_name":"Big Fish","floor":3,"gold_loss":0},{"damage_healed":0,"gold_gain":0,"player_choice":"Relic","damage_taken":0,"max_hp_gain":0,"max_hp_loss":0,"event_name":"Wheel of Change","floor":4,"gold_loss":0},{"damage_healed":0,"gold_gain":0,"player_choice":"Upgraded","damage_taken":0,"max_hp_gain":0,"max_hp_loss":0,"event_name":"Upgrade Shrine","floor":19,"gold_loss":0,"cards_upgraded":["Buffer"]},{"damage_healed":0,"gold_gain":0,"player_choice":"Rummage","damage_taken":0,"relics_obtained":["WarpedTongs"],"max_hp_gain":0,"max_hp_loss":0,"event_name":"Accursed Blacksmith","floor":22,"gold_loss":0,"cards_obtained":["Pain"]}],"is_beta":false,"boss_relics":[{"not_picked":["Velvet Choker","SacredBark"],"picked":"Fusion Hammer"}],"items_purged_floors":[7],"is_endless":false,"potions_floor_spawned":[2,8,12,14,16,21,23,25,28,29,31],"killed_by":"Champ","ascension_level":12}}