{"host":"soyfmymeou4emntr","time":1611031241,"event":{"mods":["BaseMod","Minty Spire (QoL Compilation)","Relic Sorter","Relic Stats","StSLib"],"gold_per_floor":[214,226,20,37,37,37,72,72,96,127,127,143,68,79,79,150,150,163,182,233,233,58,58,90,90,158,0,0,10,10,23,23,23,23],"floor_reached":33,"language":"ENG","playtime":10387,"items_purged":["Strike_G"],"score":546,"play_id":"05f9e24e-cd92-439d-b73b-563ebec83978","local_time":"20210118214041","is_ascension_mode":true,"campfire_choices":[{"data":"Noxious Fumes","floor":6.0,"key":"SMITH"},{"floor":8.0,"key":"REST"},{"floor":15.0,"key":"REST"},{"floor":23.0,"key":"REST"},{"floor":25,"key":"REST"},{"data":"Wraith Form v2","floor":28,"key":"SMITH"},{"floor":32,"key":"REST"}],"circlet_count":0,"master_deck":["AscendersBane","Defend_G+1","Defend_G+1","Defend_G+1","Defend_G+1","Defend_G+1","Survivor","Neutralize","Flying Knee","Quick Slash","Well Laid Plans","Noxious Fumes+1","Dagger Throw","Calculated Gamble","Dash","Tactician","Deflect","Wraith Form v2+1","Poisoned Stab","Poisoned Stab","Caltrops","Backstab","Glass Knife","Dodge and Roll","Catalyst","Backflip","Acrobatics+1","Venomology","Underhanded Strike"],"relics":["Ring of the Snake","War Paint","Dream Catcher","Tiny Chest","Vajra","Empty Cage","Nunchaku","StoneCalendar","Ninja Scroll","Lantern"],"acts_visited":["Exordium","TheCity"],"potions_floor_usage":[24,24,33,33,33],"damage_taken":[{"damage":0.0,"enemies":"Cultist","floor":1.0,"turns":4.0},{"damage":0.0,"enemies":"Jaw Worm","floor":2.0,"turns":7.0},{"damage":3.0,"enemies":"2 Louse","floor":4.0,"turns":3.0},{"damage":21.0,"enemies":"Lagavulin","floor":7.0,"turns":8.0},{"damage":21.0,"enemies":"3 Sentries","floor":10.0,"turns":7.0},{"damage":22.0,"enemies":"Exordium Wildlife","floor":12.0,"turns":4.0},{"damage":0.0,"enemies":"Large Slime","floor":14.0,"turns":4.0},{"damage":15.0,"enemies":"The Guardian","floor":16.0,"turns":13.0},{"damage":30.0,"enemies":"Shell Parasite","floor":18.0,"turns":9.0},{"damage":1.0,"enemies":"Chosen","floor":19.0,"turns":5.0},{"damage":28,"enemies":"Gremlin Leader","floor":24,"turns":7},{"damage":1,"enemies":"Snake Plant","floor":29,"turns":4},{"damage":13,"enemies":"Centurion and Healer","floor":31,"turns":7},{"damage":58,"enemies":"Collector","floor":33,"turns":9}],"seed_played":"-3491887061424811186","potions_obtained":[{"floor":2.0,"key":"Weak Potion"},{"floor":10.0,"key":"Explosive Potion"},{"floor":12.0,"key":"Swift Potion"},{"floor":14.0,"key":"SmokeBomb"},{"floor":16.0,"key":"BlessingOfTheForge"},{"floor":19.0,"key":"Strength Potion"},{"floor":24,"key":"Explosive Potion"},{"floor":31,"key":"Weak Potion"}],"is_trial":false,"path_per_floor":["M","M","$","M","$","R","E","R","T","E","?","M","$","M","R","B",null,"M","M","T","?","$","R","E","R","T","$","R","M","?","M","R","B"],"character_chosen":"THE_SILENT","items_purchased":["Quick Slash","Well Laid Plans","Dash","Glass Knife","Lantern"],"campfire_rested":5,"item_purchase_floors":[3,3,13,22,27],"current_hp_per_floor":[59,59,59,56,56,56,35,54,54,33,33,11,11,11,30,15,53,23,22,22,22,22,41,13,32,32,32,32,31,31,18,37,0,0],"gold":23,"neow_bonus":"HUNDRED_GOLD","is_daily":false,"chose_seed":false,"campfire_upgraded":2,"win_rate":0.0,"timestamp":1611031241,"path_taken":["M","M","$","M","?","R","E","R","T","E","?","?","?","M","R","BOSS","M","M","?","?","$","R","E","R","T","?","R","M","?","M","R","BOSS"],"items_purchased_type":["Card","Card","Card","Card","Relic"],"build_version":"2020-12-22","purchased_purges":1,"victory":false,"max_hp_per_floor":[66,66,66,66,66,66,66,66,66,66,66,66,66,66,66,66,66,66,66,66,66,66,66,66,66,66,66,66,66,66,66,66,66,66],"relic_stats":{"Dream Catcher":4,"Nunchaku":[6],"counters":[14,91],"Tiny Chest":1,"StoneCalendar":[126],"War Paint":["Defend_G","Defend_G"],"obtain_stats":[{"Dream Catcher":9,"Nunchaku":20,"Lantern":27,"Ninja Scroll":26,"Vajra":11,"Tiny Chest":10,"StoneCalendar":24,"War Paint":7,"Empty Cage":17,"Ring of the Snake":0},{"Dream Catcher":4,"Nunchaku":10,"Lantern":11,"Ninja Scroll":11,"Vajra":5,"Tiny Chest":5,"StoneCalendar":11,"War Paint":4,"Empty Cage":8,"Ring of the Snake":0},{"Dream Catcher":22,"Nunchaku":64,"Lantern":71,"Ninja Scroll":71,"Vajra":29,"Tiny Chest":29,"StoneCalendar":71,"War Paint":22,"Empty Cage":50,"Ring of the Snake":0}],"Ring of the Snake":[28]},"card_choices":[{"not_picked":["Cloak And Dagger","Bane"],"picked":"Flying Knee","floor":1.0},{"not_picked":["Underhanded Strike","Dodge and Roll","Bane"],"picked":"SKIP","floor":2.0},{"not_picked":["Riddle With Holes","Dagger Throw"],"picked":"Noxious Fumes","floor":4.0},{"not_picked":["Backstab","Masterful Stab"],"picked":"Dagger Throw","floor":7.0},{"not_picked":["Dodge and Roll","Dagger Spray"],"picked":"Calculated Gamble","floor":10.0},{"not_picked":["Sucker Punch","Outmaneuver"],"picked":"Tactician","floor":14.0},{"not_picked":["PiercingWail","Predator"],"picked":"Deflect","floor":15.0},{"not_picked":["Storm of Steel","Bullet Time"],"picked":"Wraith Form v2","floor":16.0},{"not_picked":["Predator","Slice"],"picked":"Poisoned Stab","floor":18.0},{"not_picked":["Distraction","Deadly Poison"],"picked":"Poisoned Stab","floor":19.0},{"not_picked":["Poisoned Stab","Eviscerate"],"picked":"Dodge and Roll","floor":23.0},{"not_picked":["Bouncing Flask","Blade Dance"],"picked":"Catalyst","floor":24},{"not_picked":["Prepared","Cloak And Dagger"],"picked":"Backflip","floor":25},{"not_picked":["Poisoned Stab","Dagger Throw"],"picked":"Acrobatics+1","floor":29},{"not_picked":["Dodge and Roll","PiercingWail"],"picked":"Venomology","floor":31},{"not_picked":["Concentrate","Deflect"],"picked":"Underhanded Strike","floor":32}],"player_experience":2841575,"relics_obtained":[{"floor":7.0,"key":"War Paint"},{"floor":9.0,"key":"Dream Catcher"},{"floor":10.0,"key":"Tiny Chest"},{"floor":20.0,"key":"Nunchaku"},{"floor":24,"key":"StoneCalendar"},{"floor":26,"key":"Ninja Scroll"}],"event_choices":[{"damage_healed":0.0,"max_hp_gain":0.0,"max_hp_loss":0.0,"gold_gain":0.0,"event_name":"WeMeetAgain","player_choice":"Gave Potion","floor":11.0,"gold_loss":0.0,"damage_taken":0.0,"relics_obtained":["Vajra"]},{"damage_healed":0.0,"max_hp_gain":0.0,"max_hp_loss":0.0,"gold_gain":0.0,"cards_transformed":["Strike_G","Strike_G"],"event_name":"Drug Dealer","player_choice":"Became Test Subject","floor":21.0,"gold_loss":0.0,"damage_taken":0.0,"cards_obtained":["Caltrops","Backstab"]},{"damage_healed":0,"gold_gain":0,"player_choice":"Simplicity","damage_taken":0,"max_hp_gain":0,"max_hp_loss":0,"event_name":"Back to Basics","floor":30,"gold_loss":0,"cards_upgraded":["Defend_G","Defend_G","Defend_G"]}],"is_beta":false,"boss_relics":[{"not_picked":["Busted Crown","WristBlade"],"picked":"Empty Cage"}],"items_purged_floors":[3],"is_endless":false,"potions_floor_spawned":[2,10,12,14,16,19,24,31],"killed_by":"Collector","ascension_level":20}}