{"host":"684z1xpuwaoqmmh1","time":1611045196,"event":{"mods":["Bard","BaseMod","Downfall","Hermit","Jorbs\u0027s Wanderer Trilogy","Marisa????????","Minty Spire (QoL Compilation)","Robot Space Explorer","Shade Mod","StSLib","The Bug Knight","The Cursed","The Hayseed","The Hierophant","The Marked","The Mystic","The Runesmith","The Senshi","The Spell Scribe"],"gold_per_floor":[216,216,107,125,144,171,171,196,196,196,224,238,84,98,98,197,197,212,229,241,241,241],"floor_reached":21,"language":"ENG","playtime":1134,"items_purged":["TheSimpletonMod:Nettles","Pain"],"score":241,"play_id":"f3bbca02-08e2-4945-a5f6-dfb0626c7801","local_time":"20210119103316","is_ascension_mode":true,"campfire_choices":[{"data":"TheSimpletonMod:ReapAndSow","floor":7,"key":"SMITH"},{"floor":15,"key":"REST"}],"circlet_count":0,"master_deck":["TheSimpletonMod:Strike_TheSimpleton","TheSimpletonMod:Strike_TheSimpleton","TheSimpletonMod:Strike_TheSimpleton","TheSimpletonMod:Strike_TheSimpleton","TheSimpletonMod:Defend_TheSimpleton","TheSimpletonMod:Defend_TheSimpleton","TheSimpletonMod:Defend_TheSimpleton","TheSimpletonMod:Defend_TheSimpleton","TheSimpletonMod:Haymaker","TheSimpletonMod:ReapAndSow+1","TheSimpletonMod:SlashAndBurn","TheSimpletonMod:Strawberries+1","TheSimpletonMod:Corn","TheSimpletonMod:Sunchoke","TheSimpletonMod:FanTheFlames","TheSimpletonMod:Fertilaser","TheSimpletonMod:OnionBloom","TheSimpletonMod:Swelter","TheSimpletonMod:Squash","TheSimpletonMod:Strawberries","TheSimpletonMod:CloseScrape","TheSimpletonMod:Pruning"],"relics":["TheSimpletonMod:SpudOfTheInnocent","TheSimpletonMod:NightSoil","TheSimpletonMod:TheHarvester","theSenshi:SailorFukuRelic","Pantograph","Happy Flower","WarpedTongs","hexamod:CandleOfCauterizing","Black Star"],"acts_visited":["Exordium","TheCity"],"potions_floor_usage":[8,11],"damage_taken":[{"damage":4,"enemies":"Jaw Worm","floor":1,"turns":5},{"damage":5,"enemies":"Small Slimes","floor":4,"turns":3},{"damage":1,"enemies":"Cultist","floor":5,"turns":3},{"damage":45,"enemies":"3 Sentries","floor":6,"turns":8},{"damage":10,"enemies":"Lagavulin","floor":8,"turns":7},{"damage":32,"enemies":"3 Sentries","floor":11,"turns":5},{"damage":8,"enemies":"Gremlin Gang","floor":12,"turns":3},{"damage":0,"enemies":"Lots of Slimes","floor":14,"turns":1},{"damage":21,"enemies":"The Guardian","floor":16,"turns":11},{"damage":12,"enemies":"3 Byrds","floor":18,"turns":7},{"damage":31,"enemies":"2 Thieves","floor":19,"turns":4},{"damage":26,"enemies":"Centurion and Healer","floor":20,"turns":8},{"damage":50,"enemies":"Snecko","floor":21,"turns":5}],"seed_played":"-1824629983251909360","potions_obtained":[{"floor":1,"key":"ColorlessPotion"},{"floor":6,"key":"AttackPotion"},{"floor":8,"key":"SpeedPotion"},{"floor":11,"key":"Strength Potion"},{"floor":19,"key":"DuplicationPotion"}],"is_trial":false,"path_per_floor":["M","?","$","M","M","E","R","E","T","?","E","M","$","M","R","B",null,"M","M","M","M"],"character_chosen":"THE_SIMPLETON","items_purchased":["TheSimpletonMod:Corn","TheSimpletonMod:Swelter"],"campfire_rested":1,"item_purchase_floors":[3,13],"current_hp_per_floor":[75,75,75,75,75,40,40,40,40,40,8,11,11,11,33,48,75,73,48,32,0,0],"gold":241,"neow_bonus":"HUNDRED_GOLD","is_daily":false,"chose_seed":false,"campfire_upgraded":1,"win_rate":0.0,"timestamp":1611045196,"path_taken":["M","?","$","M","M","E","R","E","T","?","E","M","$","M","R","BOSS","M","?","?","M"],"items_purchased_type":["Card","Card"],"build_version":"2020-12-22","purchased_purges":2,"victory":false,"max_hp_per_floor":[75,75,75,75,75,75,75,75,75,75,75,75,75,75,75,75,75,75,75,75,75,75],"card_choices":[{"not_picked":["TheSimpletonMod:CropRotation","TheSimpletonMod:ToughenUp"],"picked":"TheSimpletonMod:SlashAndBurn","floor":1},{"not_picked":["TheSimpletonMod:Rototilling","TheSimpletonMod:SaladShooter","TheSimpletonMod:VineRipen"],"picked":"SKIP","floor":4},{"not_picked":["TheSimpletonMod:SpiceUp","TheSimpletonMod:Rototilling","TheSimpletonMod:ToughenUp"],"picked":"SKIP","floor":5},{"not_picked":["TheSimpletonMod:CropRotation","TheSimpletonMod:SaladShooter"],"picked":"TheSimpletonMod:Sunchoke","floor":6},{"not_picked":["TheSimpletonMod:SlashAndBurn","TheSimpletonMod:SpiceUp"],"picked":"TheSimpletonMod:FanTheFlames","floor":8},{"not_picked":["TheSimpletonMod:SoilSample","TheSimpletonMod:CullingStrike"],"picked":"TheSimpletonMod:Fertilaser","floor":11},{"not_picked":["TheSimpletonMod:CullingStrike","TheSimpletonMod:Ferment"],"picked":"TheSimpletonMod:OnionBloom","floor":12},{"not_picked":["TheSimpletonMod:KeenEdge","TheSimpletonMod:OnionBloom"],"picked":"TheSimpletonMod:Squash","floor":14},{"not_picked":["TheSimpletonMod:TakeHeart","TheSimpletonMod:DesperatePlunge"],"picked":"TheSimpletonMod:Strawberries","floor":16},{"not_picked":["TheSimpletonMod:Squash","TheSimpletonMod:SaladShooter+1"],"picked":"TheSimpletonMod:CloseScrape","floor":18},{"not_picked":["TheSimpletonMod:PestManagement","TheSimpletonMod:Ferment","TheSimpletonMod:CullingStrike"],"picked":"SKIP","floor":19},{"not_picked":["TheSimpletonMod:Thresh","TheSimpletonMod:ControlledBurn"],"picked":"TheSimpletonMod:Pruning","floor":20}],"player_experience":2917733,"relics_obtained":[{"floor":6,"key":"theSenshi:SailorFukuRelic"},{"floor":8,"key":"Pantograph"},{"floor":9,"key":"Happy Flower"},{"floor":11,"key":"hexamod:CandleOfCauterizing"}],"event_choices":[{"damage_healed":0,"gold_gain":0,"player_choice":"Rummage","damage_taken":0,"relics_obtained":["WarpedTongs"],"max_hp_gain":0,"max_hp_loss":0,"event_name":"Accursed Blacksmith","floor":10,"gold_loss":0,"cards_obtained":["Pain"]}],"is_beta":false,"boss_relics":[{"not_picked":["Pandora\u0027s Box","Runic Pyramid"],"picked":"Black Star"}],"items_purged_floors":[3,13],"is_endless":false,"potions_floor_spawned":[1,6,8,11,19],"killed_by":"Snecko","ascension_level":4}}