{"host":"m3rs92yjkwi06hli","time":1611067217,"event":{"mods":["Act Like it!","Aspiration","BaseMod","Colored Map","Conspire","Defuse TimeMaze Blight","Downfall","Energized Spire","Hubris","Infinite Spire","Minty Spire (QoL Compilation)","Relic Stats","Spicy Shops","StSLib"],"gold_per_floor":[99,99,99,99,99,4,85,95,95,111,111,139,39,56,68,167,167,167,167,167,167,180,180,180,213,213,228,238,255,255,287,298,397,397,297,317,330,376,396,396,476,496,496,521,571,599,599,599,618,721,721,721,741,755,775,841,841,868,885,904,916,934,1034,1048,1077,1092,1191,1191,1191,1207,1227,960,960,960,993,993,1023,1023,1023,1056,1075,1091,1106,1205,1205,1205,1216,1228,1242,1242,1242,1272,1299,1299,1317,1317,1317],"floor_reached":96,"language":"ENG","playtime":4123,"items_purged":["Pain","Writhe","Writhe","downfall:Aged"],"score":2249,"play_id":"caeb318e-62b3-431b-861e-071e323eb345","local_time":"20210119084017","is_ascension_mode":false,"campfire_choices":[{"data":"bronze:Replicate","floor":1.0,"key":"SMITH"},{"floor":13.0,"key":"REST"},{"data":"bronze:GetLatest","floor":18.0,"key":"SMITH"},{"data":"bronze:BronzeOrb","floor":26.0,"key":"SMITH"},{"data":"bronze:ThunderWave","floor":30.0,"key":"SMITH"},{"data":"bronze:SpaghettiCode","floor":35.0,"key":"SMITH"},{"data":"bronze:FindAndReplace","floor":47.0,"key":"SMITH"},{"data":"Offering","floor":52,"key":"SMITH"},{"data":"Offering","floor":69,"key":"SMITH"},{"data":"hubris:Fate","floor":74,"key":"SMITH"},{"data":"bronze:BurnOut","floor":79,"key":"SMITH"},{"data":"bronze:HardenedForm","floor":86,"key":"SMITH"},{"data":"Infernal Blade","floor":91,"key":"SMITH"},{"data":"bronze:ItsAFeature","floor":94,"key":"SMITH"}],"circlet_count":0,"master_deck":["bronze:Strike","bronze:Strike","bronze:Strike","bronze:Strike","bronze:Defend","bronze:Defend","bronze:Defend","bronze:Defend","bronze:Replicate+1","bronze:Goto","bronze:WhirlingStrike","bronze:WhirlingStrike","bronze:FollowUp","bronze:Boost","bronze:GetLatest+1","bronze:Return","hubris:InfiniteBlow+220","bronze:DelayedSlice","bronze:Shell","bronze:BronzeOrb+1","bronze:Fortify","bronze:ThunderWave+1","bronze:Repair+1","bronze:Allocate+1","bronze:DelayedSlice","bronze:DelayedSlice","bronze:Return+1","bronze:BuggyMess","bronze:SpaghettiCode+1","bronze:BronzeArmor","bronze:Shell","bronze:DelayedSlice","bronze:WhirlingStrike+1","bronze:Iterate","bronze:FindAndReplace+1","bronze:Virus","bronze:BurnOut+1","bronze:DelayedGuard+1","bronze:DelayedSlice","bronze:BuggyMess","Heavy Blade+1","Thunderclap","bronze:DelayedGuard+1","Wild Strike","Shockwave","Body Slam+1","Entrench+1","bronze:Flail+1","bronze:FineTuning","Pummel","Wild Strike","Cleave","Injury","Injury","hubris:Despair","Clothesline+1","True Grit+1","bronze:BitShift","Demon Form","bronze:BugBarrage+1","Heavy Blade","bronze:Shell","Combust","Fire Breathing","True Grit+1","Clash+1","bronze:Shield","bronze:Repulsor+1","Intimidate+1","bronze:BitShift","bronze:FollowUp","bronze:Repulsor+1","bronze:Invalidate+1","bronze:Shield","Heavy Blade","Offering+1","hubris:StunningStrike","bronze:SpaghettiCode","bronze:ShipIt","Perfected Strike","Whirlwind","Pommel Strike","bronze:BitShift","Armaments","bronze:DelayedGuard","Reckless Charge","bronze:Frontload","bronze:CloningBeam","Body Slam","bronze:BitShift","Pommel Strike","hubris:CleavingFinish","Flex","Clothesline","bronze:FollowUp","conspire:HitWhereItHurts","Dual Wield","bronze:WhirlingStrike","Cleave","Double Tap","bronze:RecursiveStrike","bronze:Format","Offering+1","hubris:InfiniteBlow+110","hubris:Fate+1","infinitespire:Fortify","Twin Strike","bronze:DelayedSlice","bronze:Iterate","bronze:BitShift","downfall:Bewildered","bronze:HardenedForm+1","Thunderclap","Reckless Charge+1","Uppercut","Havoc","Armaments","Wild Strike+1","Infernal Blade+1","Body Slam+1","Pommel Strike","bronze:BugBarrage","hubris:ReadiedAction","Limit Break","Exhume","bronze:Format","Immolate","bronze:Deprecate+1","hubris:ReadiedAction+1","bronze:ItsAFeature+1","Evolve","bronze:Optimize+1","bronze:BronzeArmor+1","Body Slam+1","Flex","bronze:Branch+1","Burning Pact","bronze:Allocate+1","Rage+1","bronze:Invalidate+1","bronze:WildBeam","Anger+1","bronze:Flail+1","Anger+1","Intimidate","Infernal Blade+1","bronze:Allocate"],"relics":["bronze:BronzeCore","downfall:HeartsMalice","WarpedTongs","infinitespire:WardingShard","bronze:ProtectiveGoggles","downfall:HeartBlessingBlue","energizedSpire:StickyHand","Smiling Mask","hubris:VirtuousBlindfold","Orichalcum","Juzu Bracelet","aspiration:HummingbirdHeart","hexamod:CandleOfCauterizing","aspiration:IroncladSkillbook","downfall:HeartBlessingGreen","TungstenRod","Cursed Key","InkBottle","aspiration:DSix","infinitespire:Joker Card","aspiration:ChemicalBlood","bronze:MakeshiftBattery","hubris:SlimyHat","Bag of Marbles","aspiration:SecretTechniqueScroll","Membership Card","aspiration:Lifesprig","sneckomod:BabySnecko","hubris:Icosahedron","aspiration:RitualDagger","bronze:BottledCode"],"acts_visited":["Exordium","TheCity","TheBeyond","TheCity","TheBeyond"],"potions_floor_usage":[],"damage_taken":[{"damage":0.0,"enemies":"2 Louse","floor":2.0,"turns":1.0},{"damage":0.0,"enemies":"Cultist","floor":3.0,"turns":1.0},{"damage":0.0,"enemies":"Small Slimes","floor":5.0,"turns":1.0},{"damage":9.0,"enemies":"downfall:FleeingMerchant","floor":6.0,"turns":4.0},{"damage":1.0,"enemies":"Blue Slaver","floor":8.0,"turns":2.0},{"damage":10.0,"enemies":"Large Slime","floor":10.0,"turns":4.0},{"damage":2.0,"enemies":"conspire:MimicChest","floor":12.0,"turns":3.0},{"damage":4.0,"enemies":"3 Louse","floor":14.0,"turns":3.0},{"damage":0.0,"enemies":"Lots of Slimes","floor":15.0,"turns":1.0},{"damage":25.0,"enemies":"SI_SHIV_ARCHETYPE","floor":16.0,"turns":5.0},{"damage":0.0,"enemies":"Shell Parasite","floor":22.0,"turns":3.0},{"damage":0.0,"enemies":"Nightmare","floor":25.0,"turns":4.0},{"damage":0.0,"enemies":"conspire:FuzzyDice","floor":27.0,"turns":4.0},{"damage":0.0,"enemies":"Centurion and Healer","floor":28.0,"turns":3.0},{"damage":0.0,"enemies":"Cultist and Chosen","floor":29.0,"turns":5.0},{"damage":0.0,"enemies":"conspire:SneckoGhost","floor":31.0,"turns":4.0},{"damage":0.0,"enemies":"Chosen and Byrds","floor":32.0,"turns":3.0},{"damage":0.0,"enemies":"DF_ARCHETYPE_CLAW","floor":33.0,"turns":4.0},{"damage":0.0,"enemies":"Orb Walker","floor":36.0,"turns":2.0},{"damage":0.0,"enemies":"3 Shapes","floor":37.0,"turns":4.0},{"damage":0.0,"enemies":"2 Orb Walkers","floor":38.0,"turns":4.0},{"damage":14.0,"enemies":"Maw","floor":39.0,"turns":5.0},{"damage":0.0,"enemies":"Writhing Mass","floor":42.0,"turns":1.0},{"damage":0.0,"enemies":"Reptomancer","floor":44.0,"turns":1.0},{"damage":12.0,"enemies":"Reptomancer","floor":45.0,"turns":4.0},{"damage":14.0,"enemies":"Nemesis","floor":46.0,"turns":7.0},{"damage":4.0,"enemies":"4 Shapes","floor":49.0,"turns":3.0},{"damage":0.0,"enemies":"IC_BLOCK_ARCHETYPE","floor":50.0,"turns":2.0},{"damage":0,"enemies":"Small Slimes","floor":53,"turns":3},{"damage":2,"enemies":"2 Louse","floor":54,"turns":2},{"damage":0,"enemies":"Jaw Worm","floor":55,"turns":2},{"damage":0,"enemies":"downfall:FleeingMerchant","floor":56,"turns":4},{"damage":0,"enemies":"Blue Slaver","floor":59,"turns":2},{"damage":0,"enemies":"3 Louse","floor":60,"turns":2},{"damage":0,"enemies":"Exordium Wildlife","floor":61,"turns":3},{"damage":0,"enemies":"Large Slime","floor":62,"turns":2},{"damage":0,"enemies":"Exordium Wildlife","floor":64,"turns":3},{"damage":0,"enemies":"Gremlin Nob","floor":65,"turns":3},{"damage":5,"enemies":"Exordium Thugs","floor":66,"turns":2},{"damage":0,"enemies":"The Guardian","floor":67,"turns":2},{"damage":0,"enemies":"3 Byrds","floor":70,"turns":3},{"damage":0,"enemies":"Shell Parasite","floor":71,"turns":2},{"damage":5,"enemies":"Book of Stabbing","floor":75,"turns":2},{"damage":5,"enemies":"Slavers","floor":77,"turns":2},{"damage":0,"enemies":"Gremlin Leader","floor":80,"turns":3},{"damage":0,"enemies":"Snecko","floor":81,"turns":1},{"damage":0,"enemies":"Centurion and Healer","floor":82,"turns":3},{"damage":5,"enemies":"Cultist and Chosen","floor":83,"turns":2},{"damage":0,"enemies":"Champ","floor":84,"turns":2},{"damage":6,"enemies":"3 Shapes","floor":87,"turns":3},{"damage":4,"enemies":"Orb Walker","floor":88,"turns":2},{"damage":6,"enemies":"4 Shapes","floor":89,"turns":3},{"damage":11,"enemies":"Nemesis","floor":92,"turns":3},{"damage":16,"enemies":"Giant Head","floor":93,"turns":3},{"damage":7,"enemies":"Spire Growth","floor":95,"turns":3},{"damage":10,"enemies":"Nemesis","floor":96,"turns":3}],"seed_played":"5130687379482986930","potions_obtained":[{"floor":8.0,"key":"bronze:CleanCodePotion"},{"floor":10.0,"key":"BlessingOfTheForge"},{"floor":12.0,"key":"DistilledChaos"},{"floor":16.0,"key":"LiquidBronze"},{"floor":23.0,"key":"downfall:CursedFountainPotion"},{"floor":33.0,"key":"conspire:TimeTravelPotion"},{"floor":37.0,"key":"Strength Potion"},{"floor":45.0,"key":"bronze:FreeFunctionsPotion"},{"floor":50.0,"key":"Slimebound:ThreeZeroPotion"},{"floor":54,"key":"EntropicBrew"},{"floor":77,"key":"Energy Potion"},{"floor":95,"key":"DuplicationPotion"},{"floor":96,"key":"conspire:TimeTravelPotion"}],"is_trial":false,"path_per_floor":["R","M","M","?","M","$","T","M","?","M","T","?","R","M","M","B",null,"R","?","AVR","?","M","?","T","NM","R","M","M","M","R","E","M","B",null,"R","M","M","?","M","?","T","M","?","E","?","E","R","?","M","B",null,"R","M","M","M","$","?","T","M","M","M","M","?","M","E","M","B",null,"R","M","M","$","?","R","E","?","E","?","R","E","M","M","M","B",null,"R","M","M","M","?","R","E","E","R","M","E"],"character_chosen":"THE_AUTOMATON","items_purchased":["bronze:GetLatest","hubris:SlimyHat","Membership Card","aspiration:Lifesprig"],"campfire_rested":1,"item_purchase_floors":[6,56,72,72],"current_hp_per_floor":[70,70,70,70,70,61,61,60,42,32,32,30,64,60,60,35,80,80,65,65,65,65,65,65,65,65,65,65,65,65,75,75,75,85,85,85,85,85,75,75,75,79,79,83,75,65,65,65,65,69,85,85,85,85,85,85,85,85,85,85,85,85,85,85,85,84,85,85,85,85,85,85,85,85,84,84,83,83,83,85,85,85,84,85,85,85,83,83,81,75,75,68,66,66,63,67,67],"gold":1317,"neow_bonus":"THREE_ENEMY_KILL","is_daily":false,"chose_seed":false,"campfire_upgraded":13,"win_rate":0.0,"timestamp":1611067217,"path_taken":["R","M","M","?","?","$","T","M","?","M","?","?","R","?","M","BOSS","R","?","AVR","?","M","?","T","NM","R","M","M","M","R","E","M","BOSS","R","M","M","?","M","?","T","M","?","E","?","E","R","?","M","BOSS","R","M","M","M","?","?","T","M","M","M","M","?","M","E","M","BOSS","R","M","M","$","?","R","E","?","E","?","R","E","M","M","M","BOSS","R","M","M","M","?","R","E","E","R","M","E"],"items_purchased_type":["Card","Relic","Relic","Relic"],"build_version":"2020-12-22","purchased_purges":4,"victory":false,"max_hp_per_floor":[70,70,70,70,70,70,70,70,70,70,70,70,80,80,80,80,80,80,85,85,85,85,85,85,85,85,85,85,85,85,85,85,85,85,85,85,85,85,85,85,85,85,85,85,85,85,85,85,85,85,85,85,85,85,85,85,85,85,85,85,85,85,85,85,85,85,85,85,85,85,85,85,85,85,85,85,85,85,85,85,85,85,85,85,85,85,85,85,85,75,75,75,75,75,75,75,75],"relic_stats":{"counters":[56,155],"Juzu Bracelet":2,"Orichalcum":[66],"Smiling Mask":88,"Cursed Key":2,"obtain_stats":[{"aspiration:Lifesprig":72,"bronze:BronzeCore":0,"hubris:VirtuousBlindfold":20,"downfall:HeartBlessingGreen":35,"Juzu Bracelet":24,"hubris:SlimyHat":56,"Smiling Mask":20,"Cursed Key":40,"hubris:Icosahedron":78,"downfall:HeartBlessingBlue":13,"aspiration:DSix":44,"InkBottle":41,"aspiration:ChemicalBlood":46,"hexamod:CandleOfCauterizing":31,"downfall:HeartsMalice":0,"infinitespire:Joker Card":45,"aspiration:HummingbirdHeart":25,"aspiration:SecretTechniqueScroll":68,"energizedSpire:StickyHand":17,"Orichalcum":21,"aspiration:IroncladSkillbook":34,"WarpedTongs":4,"bronze:BottledCode":90,"sneckomod:BabySnecko":76,"infinitespire:WardingShard":7,"bronze:ProtectiveGoggles":12,"Bag of Marbles":58,"Membership Card":72,"aspiration:RitualDagger":85,"TungstenRod":38,"bronze:MakeshiftBattery":51},{"aspiration:Lifesprig":42,"bronze:BronzeCore":0,"hubris:VirtuousBlindfold":10,"downfall:HeartBlessingGreen":18,"Juzu Bracelet":11,"hubris:SlimyHat":32,"Smiling Mask":10,"Cursed Key":22,"hubris:Icosahedron":44,"downfall:HeartBlessingBlue":7,"aspiration:DSix":24,"InkBottle":22,"aspiration:ChemicalBlood":26,"hexamod:CandleOfCauterizing":16,"downfall:HeartsMalice":0,"infinitespire:Joker Card":25,"aspiration:HummingbirdHeart":12,"aspiration:SecretTechniqueScroll":40,"energizedSpire:StickyHand":10,"Orichalcum":10,"aspiration:IroncladSkillbook":18,"WarpedTongs":2,"bronze:BottledCode":52,"sneckomod:BabySnecko":43,"infinitespire:WardingShard":4,"bronze:ProtectiveGoggles":7,"Bag of Marbles":32,"Membership Card":42,"aspiration:RitualDagger":49,"TungstenRod":21,"bronze:MakeshiftBattery":28},{"aspiration:Lifesprig":120,"bronze:BronzeCore":0,"hubris:VirtuousBlindfold":22,"downfall:HeartBlessingGreen":52,"Juzu Bracelet":25,"hubris:SlimyHat":96,"Smiling Mask":22,"Cursed Key":67,"hubris:Icosahedron":124,"downfall:HeartBlessingBlue":13,"aspiration:DSix":69,"InkBottle":67,"aspiration:ChemicalBlood":80,"hexamod:CandleOfCauterizing":45,"downfall:HeartsMalice":0,"infinitespire:Joker Card":73,"aspiration:HummingbirdHeart":29,"aspiration:SecretTechniqueScroll":115,"energizedSpire:StickyHand":22,"Orichalcum":22,"aspiration:IroncladSkillbook":52,"WarpedTongs":0,"bronze:BottledCode":143,"sneckomod:BabySnecko":122,"infinitespire:WardingShard":4,"bronze:ProtectiveGoggles":13,"Bag of Marbles":96,"Membership Card":120,"aspiration:RitualDagger":135,"TungstenRod":62,"bronze:MakeshiftBattery":85}],"TungstenRod":52,"InkBottle":[48],"WarpedTongs":[149]},"card_choices":[{"not_picked":["bronze:NullPointer","bronze:FineTuning"],"picked":"bronze:WhirlingStrike","floor":2.0},{"not_picked":["bronze:OilSpill","bronze:NullPointer"],"picked":"bronze:WhirlingStrike","floor":3.0},{"not_picked":["bronze:ItsAFeature","bronze:FollowUp","bronze:WildBeam"],"picked":"SKIP","floor":5.0},{"not_picked":["bronze:ItsAFeature","bronze:WildBeam"],"picked":"bronze:FollowUp","floor":5.0},{"not_picked":["bronze:Fortify","bronze:DelayedGuard"],"picked":"bronze:Boost","floor":6.0},{"not_picked":["bronze:Backtrace","bronze:Invalidate"],"picked":"bronze:Return","floor":8.0},{"not_picked":["infinitespire:SevenWalls","infinitespire:Fortify"],"picked":"hubris:InfiniteBlow+110","floor":9.0},{"not_picked":["bronze:FollowUp","bronze:ItsAFeature"],"picked":"bronze:DelayedSlice","floor":10.0},{"not_picked":["bronze:Overheat","bronze:Deprecate"],"picked":"bronze:Shell","floor":12.0},{"not_picked":["bronze:Shield","bronze:CleanCode"],"picked":"bronze:BronzeOrb","floor":14.0},{"not_picked":["bronze:MaxOutput","bronze:Branch"],"picked":"bronze:Fortify","floor":15.0},{"not_picked":["bronze:Virus","bronze:Mutator"],"picked":"bronze:ThunderWave","floor":16.0},{"not_picked":["bronze:Turbo","bronze:ForLoop","bronze:CutThrough"],"picked":"SKIP","floor":22.0},{"not_picked":["bronze:DigitalCarnage","bronze:Repair","bronze:Shield+1"],"picked":"SKIP","floor":25.0},{"not_picked":["bronze:Repair+1","bronze:Allocate+1"],"picked":"bronze:DelayedSlice","floor":27.0},{"not_picked":["bronze:DelayedSlice","bronze:Return+1"],"picked":"bronze:BuggyMess","floor":28.0},{"not_picked":["bronze:Shield","bronze:Frontload","bronze:CutThrough"],"picked":"SKIP","floor":29.0},{"not_picked":["bronze:SpaghettiCode","bronze:Shell"],"picked":"bronze:BronzeArmor","floor":31.0},{"not_picked":["bronze:DelayedSlice","bronze:WhirlingStrike+1"],"picked":"bronze:Iterate","floor":32.0},{"not_picked":["bronze:FindAndReplace","bronze:Virus"],"picked":"bronze:BurnOut","floor":33.0},{"not_picked":["bronze:DelayedGuard+1","bronze:BuggyMess","Heavy Blade+1"],"picked":"bronze:DelayedSlice","floor":36.0},{"not_picked":["Thunderclap","Wild Strike","Evolve"],"picked":"bronze:DelayedGuard+1","floor":37.0},{"not_picked":["Shockwave","Body Slam+1","Entrench+1"],"picked":"bronze:Flail+1","floor":38.0},{"not_picked":["bronze:FineTuning","Wild Strike","Cleave"],"picked":"Pummel","floor":39.0},{"not_picked":["Clothesline+1","True Grit+1","Demon Form"],"picked":"bronze:BitShift","floor":42.0},{"not_picked":["bronze:BugBarrage+1","Heavy Blade","Combust"],"picked":"bronze:Shell","floor":44.0},{"not_picked":["Fire Breathing","True Grit+1","bronze:Shield"],"picked":"Clash+1","floor":45.0},{"not_picked":["bronze:Repulsor+1","bronze:BitShift","bronze:FollowUp"],"picked":"Intimidate+1","floor":46.0},{"not_picked":["bronze:Repulsor+1","bronze:Invalidate+1","Heavy Blade"],"picked":"bronze:Shield","floor":49.0},{"not_picked":["Offering","bronze:SpaghettiCode","bronze:ShipIt"],"picked":"hubris:StunningStrike","floor":50.0},{"not_picked":["Perfected Strike","Whirlwind","bronze:BitShift"],"picked":"Pommel Strike","floor":53},{"not_picked":["bronze:BuggyMess","hubris:ReadiedAction","bronze:MaxOutput","bronze:WildBeam"],"picked":"SKIP","floor":54},{"not_picked":["Headbutt","Entrench","bronze:CutThrough","Thunderclap"],"picked":"SKIP","floor":55},{"not_picked":["bronze:DigitalCarnage","hubris:ReadiedAction","Blood for Blood","Havoc"],"picked":"SKIP","floor":56},{"not_picked":["Armaments","Reckless Charge","bronze:Frontload"],"picked":"bronze:DelayedGuard","floor":59},{"not_picked":["bronze:BugBarrage","bronze:Invalidate","Disarm","Sword Boomerang"],"picked":"SKIP","floor":60},{"not_picked":["bronze:Overheat","bronze:ForceShield","bronze:BitShift","bronze:Break"],"picked":"SKIP","floor":61},{"not_picked":["bronze:CloningBeam","Body Slam","Pommel Strike"],"picked":"bronze:BitShift","floor":62},{"not_picked":["hubris:CleavingFinish","Clothesline","bronze:FollowUp"],"picked":"Flex","floor":64},{"not_picked":["bronze:GetLatest","bronze:FineTuning","Pommel Strike","bronze:MaxOutput"],"picked":"SKIP","floor":65},{"not_picked":["conspire:HitWhereItHurts","bronze:WhirlingStrike","Cleave"],"picked":"Dual Wield","floor":66},{"not_picked":["Double Tap","bronze:RecursiveStrike","Offering"],"picked":"bronze:Format","floor":67},{"not_picked":["hubris:Fate","infinitespire:Fortify"],"picked":"hubris:InfiniteBlow+110","floor":70},{"not_picked":["Clash","bronze:Overheat","Body Slam","bronze:WildBeam"],"picked":"SKIP","floor":70},{"not_picked":["Clash","bronze:Overheat","Body Slam","bronze:WildBeam"],"picked":"SKIP","floor":70},{"not_picked":["Twin Strike","bronze:DelayedSlice","bronze:BitShift"],"picked":"bronze:Iterate","floor":71},{"not_picked":["bronze:Allocate","Heavy Blade+1","bronze:CloningBeam","Rage"],"picked":"SKIP","floor":75},{"not_picked":["Searing Blow","Havoc","bronze:Boost","Body Slam"],"picked":"SKIP","floor":77},{"not_picked":["bronze:Overheat","Armaments","Wild Strike","bronze:BugBarrage"],"picked":"SKIP","floor":80},{"not_picked":["Thunderclap","Reckless Charge+1","Uppercut"],"picked":"bronze:HardenedForm","floor":81},{"not_picked":["Havoc","Wild Strike+1","Infernal Blade"],"picked":"Armaments","floor":82},{"not_picked":["Body Slam+1","bronze:BugBarrage","hubris:ReadiedAction"],"picked":"Pommel Strike","floor":83},{"not_picked":["Limit Break","Exhume","Immolate"],"picked":"bronze:Format","floor":84},{"not_picked":["bronze:Deprecate+1","bronze:ItsAFeature","Evolve"],"picked":"hubris:ReadiedAction+1","floor":87},{"not_picked":["bronze:Optimize+1","Body Slam+1","Flex"],"picked":"bronze:BronzeArmor+1","floor":88},{"not_picked":["bronze:Branch+1","Burning Pact","Rage+1"],"picked":"bronze:Allocate+1","floor":89},{"not_picked":["bronze:Invalidate+1","bronze:WildBeam","bronze:Flail+1"],"picked":"Anger+1","floor":92},{"not_picked":["Anger+1","Intimidate","bronze:Allocate"],"picked":"Infernal Blade+1","floor":93},{"not_picked":["Thunderclap+1","Perfected Strike+1","Rampage+1","bronze:DelayedSlice"],"picked":"SKIP","floor":95}],"player_experience":886525,"relics_obtained":[{"floor":7.0,"key":"infinitespire:WardingShard"},{"floor":12.0,"key":"bronze:ProtectiveGoggles"},{"floor":24.0,"key":"Juzu Bracelet"},{"floor":25.0,"key":"aspiration:HummingbirdHeart"},{"floor":31.0,"key":"hexamod:CandleOfCauterizing"},{"floor":38.0,"key":"TungstenRod"},{"floor":41.0,"key":"InkBottle"},{"floor":44.0,"key":"aspiration:DSix"},{"floor":45.0,"key":"infinitespire:Joker Card"},{"floor":46.0,"key":"aspiration:ChemicalBlood"},{"floor":58,"key":"Bag of Marbles"}],"event_choices":[{"damage_healed":0.0,"max_hp_gain":0.0,"max_hp_loss":0.0,"gold_gain":0.0,"event_name":"Mysterious Sphere","player_choice":"Fight","floor":38.0,"gold_loss":0.0,"damage_taken":0.0},{"cards_removed":["Evolve"],"damage_healed":0.0,"max_hp_gain":0.0,"max_hp_loss":0.0,"gold_gain":0.0,"event_name":"Falling","player_choice":"Removed Power","floor":43.0,"gold_loss":0.0,"damage_taken":0.0}],"is_beta":false,"boss_relics":[{"not_picked":["Velvet Choker","aspiration:SilentSkillbook"],"picked":"energizedSpire:StickyHand"},{"not_picked":["aspiration:RunicSpoon","Fusion Hammer"],"picked":"aspiration:IroncladSkillbook"},{"not_picked":["energizedSpire:EnergizedDie","conspire:SeveredTorchhead"],"picked":"bronze:MakeshiftBattery"},{"not_picked":["Black Star","conspire:SpecialSausage"],"picked":"aspiration:SecretTechniqueScroll"},{"not_picked":["hubris:CrackedHourglass","energizedSpire:MagnifyingGlass"],"picked":"aspiration:RitualDagger"}],"items_purged_floors":[20,56,56,72],"is_endless":true,"potions_floor_spawned":[8,10,12,14,16,28,29,33,37,45,46,50,54,60,61,62,65,70,77,81,84,88,93,95],"killed_by":"Nemesis","ascension_level":0}}