{"host":"s35zr3gblm7slh1q","time":1611018892,"event":{"mods":["BaseMod","Colored Powertips","Downfall","Hermit","Highlight Path","Marisa????????","Minty Spire (QoL Compilation)","Permanent Neow","StSLib","The Disciple"],"gold_per_floor":[99,116,132,148,248,9,9,9,21,49,49,34,34,49,61,163,163,163,181,195,210,210,228,254,254,254,254,268,280,280,280,280,280,280],"floor_reached":32,"language":"ENG","playtime":1500,"items_purged":[],"score":236,"play_id":"6acb9f2e-7e9e-4817-9f1f-155e200cbfb2","local_time":"20210118201452","is_ascension_mode":false,"campfire_choices":[{"data":"Slimebound:Split","floor":1,"key":"SMITH"},{"data":"Slimebound:GrowthPunch","floor":8,"key":"SMITH"},{"floor":11,"key":"REST"},{"floor":13,"key":"REST"},{"data":"Slimebound:SlimeSlap","floor":18,"key":"SMITH"},{"floor":26,"key":"REST"},{"floor":30,"key":"REST"}],"circlet_count":0,"master_deck":["Slimebound:Strike_Slimebound","Slimebound:Strike_Slimebound","Slimebound:Strike_Slimebound","Slimebound:Tackle","Slimebound:Defend_Slimebound","Slimebound:Defend_Slimebound","Slimebound:Defend_Slimebound","Slimebound:Defend_Slimebound","Slimebound:Split+1","Slimebound:CorrosiveSpit","Slimebound:ItLooksTasty","Slimebound:GrowthPunch+1","Slimebound:SpikyOuterGoop","Slimebound:SplitMire","Slimebound:SlimeSpikes","Slimebound:ForwardTackle","Slimebound:DisruptingSlam","Slimebound:RainOfGoop","Slimebound:LivingWall","Slimebound:Nibble","Slimebound:LeechingTouch","Slimebound:SlimeSlap+1","Slimebound:PressTheAttack+1","Slimebound:LivingWall","Slimebound:SlimeBrawl+1","Slimebound:LeechEnergy","Slimebound:Chomp","Slimebound:SplitAcid"],"relics":["Slimebound:AbsorbEndCombat","Juzu Bracelet","StrikeDummy","Odd Mushroom","Toy Ornithopter"],"acts_visited":["Exordium","TheCity"],"potions_floor_usage":[16,20,21,23,29,31],"damage_taken":[{"damage":1,"enemies":"Cultist","floor":2,"turns":3},{"damage":0,"enemies":"Small Slimes","floor":3,"turns":3},{"damage":0,"enemies":"2 Louse","floor":4,"turns":4},{"damage":8,"enemies":"downfall:FleeingMerchant","floor":6,"turns":4},{"damage":12,"enemies":"Exordium Wildlife","floor":9,"turns":2},{"damage":23,"enemies":"The Mushroom Lair","floor":10,"turns":4},{"damage":10,"enemies":"downfall:FleeingMerchant","floor":12,"turns":4},{"damage":0,"enemies":"Large Slime","floor":14,"turns":5},{"damage":9,"enemies":"Blue Slaver","floor":15,"turns":3},{"damage":30,"enemies":"DF_ARCHETYPE_STREAMLINE","floor":16,"turns":11},{"damage":17,"enemies":"Chosen","floor":19,"turns":5},{"damage":14,"enemies":"3 Byrds","floor":20,"turns":4},{"damage":31,"enemies":"3 Cultists","floor":21,"turns":5},{"damage":17,"enemies":"Centurion and Healer","floor":23,"turns":7},{"damage":5,"enemies":"Snecko","floor":28,"turns":5},{"damage":30,"enemies":"Snake Plant","floor":29,"turns":5},{"damage":0,"enemies":"Cultist and Chosen","floor":31,"turns":1},{"damage":38,"enemies":"Sentry and Sphere","floor":32,"turns":5}],"seed_played":"185791312509401907","potions_obtained":[{"floor":2,"key":"SpeedPotion"},{"floor":14,"key":"Explosive Potion"},{"floor":15,"key":"SteroidPotion"},{"floor":16,"key":"Explosive Potion"},{"floor":25,"key":"CultistPotion"},{"floor":29,"key":"SmokeBomb"}],"is_trial":false,"path_per_floor":["R","M","M","M","?","$","T","R","M","?","R","$","R","M","M","B",null,"R","M","M","M","?","M","T","?","R","?","M","M","R","M","M"],"character_chosen":"SLIMEBOUND","items_purchased":["Juzu Bracelet","Slimebound:ForwardTackle"],"campfire_rested":4,"item_purchase_floors":[6,6],"current_hp_per_floor":[65,65,65,65,65,60,60,60,51,33,52,46,65,65,58,40,65,65,52,42,16,16,8,8,8,27,27,29,7,26,31,0,0,0],"gold":280,"neow_bonus":"THREE_CARDS","is_daily":false,"chose_seed":false,"campfire_upgraded":3,"win_rate":0.0,"timestamp":1611018892,"path_taken":["R","M","?","M","?","$","T","R","M","?","R","?","R","M","M","BOSS","R","M","M","M","?","M","T","?","R","?","M","M","R","M","M"],"items_purchased_type":["Relic","Card"],"build_version":"2020-12-22","purchased_purges":0,"victory":false,"max_hp_per_floor":[65,65,65,65,65,65,65,65,65,65,65,65,65,65,65,65,65,65,65,65,65,65,65,65,65,65,65,65,65,65,65,65,65,65],"card_choices":[{"not_picked":["Slimebound:LeechingTouch","Slimebound:FinishingTackle"],"picked":"Slimebound:ItLooksTasty","floor":0},{"not_picked":["Slimebound:FormOfPuddle","Slimebound:LeechingTouch"],"picked":"Slimebound:GrowthPunch","floor":2},{"not_picked":["Slimebound:DisruptingSlam","Slimebound:Chomp"],"picked":"Slimebound:SpikyOuterGoop","floor":3},{"not_picked":["Slimebound:ForwardTackle","Slimebound:Replication"],"picked":"Slimebound:SplitMire","floor":4},{"not_picked":["Slimebound:FirmFortitude","Slimebound:Chomp"],"picked":"Slimebound:SlimeSpikes","floor":6},{"not_picked":["Slimebound:FinishingTackle","Slimebound:SlimeSpikes"],"picked":"Slimebound:DisruptingSlam","floor":9},{"not_picked":["Slimebound:GoopTackle","Slimebound:Prepare"],"picked":"Slimebound:RainOfGoop","floor":10},{"not_picked":["Slimebound:SplitBruiser","Slimebound:Overexert"],"picked":"Slimebound:LivingWall","floor":12},{"not_picked":["Slimebound:GoopTackle","Slimebound:SpikyOuterGoop"],"picked":"Slimebound:Nibble","floor":14},{"not_picked":["Slimebound:GoopTackle","Slimebound:DivideAndConquer"],"picked":"Slimebound:LeechingTouch","floor":15},{"not_picked":["Slimebound:MassRepurpose","Slimebound:FirmFortitude"],"picked":"Slimebound:SlimeSlap","floor":16},{"not_picked":["Slimebound:SlimeBarrage","Slimebound:Prepare"],"picked":"Slimebound:PressTheAttack+1","floor":19},{"not_picked":["Slimebound:SlimeSpikes","Slimebound:ComboTackle"],"picked":"Slimebound:LivingWall","floor":20},{"not_picked":["Slimebound:GrowthPunch","Slimebound:LivingWall"],"picked":"Slimebound:SlimeBrawl+1","floor":21},{"not_picked":["Slimebound:PressTheAttack","Slimebound:ViciousTackle"],"picked":"Slimebound:LeechEnergy","floor":23},{"not_picked":["Slimebound:ForwardTackle","Slimebound:ViciousTackle"],"picked":"Slimebound:Chomp","floor":28},{"not_picked":["Slimebound:MegaLick","Slimebound:DivideAndConquer+1"],"picked":"Slimebound:SplitAcid","floor":29}],"player_experience":365543,"relics_obtained":[{"floor":7,"key":"StrikeDummy"},{"floor":10,"key":"Odd Mushroom"},{"floor":24,"key":"Toy Ornithopter"}],"event_choices":[{"damage_healed":0,"gold_gain":0,"player_choice":"Fought Mushrooms","damage_taken":0,"max_hp_gain":0,"max_hp_loss":0,"event_name":"Mushrooms","floor":10,"gold_loss":0}],"is_beta":false,"boss_relics":[{"not_picked":["Empty Cage","Coffee Dripper","Astrolabe"]}],"items_purged_floors":[],"is_endless":false,"potions_floor_spawned":[2,14,15,16,29,31],"killed_by":"Sentry and Sphere","ascension_level":0}}