{"host":"h5mpg8xef8fl8s1y","time":1611089387,"event":{"mods":["100% Spire Juice","AchievementEnabler","BaseMod","Bestiary","Block Reminder","CapriCore","Colored Map","Colored Powertips","Curses Come First","Dark Map","Displayed Cursed Tome","Googly Eyes","Koishi","Marisa????????","Minty Spire (QoL Compilation)","Permanent Neow","Quick Restart","Random Character Button","Rare Cards Sparkle","Reimu??????","Relic Stats","Remilia??????","StSLib","Starting Relic: Pandora\u0027s Box","The Immortal","The Marked","The Senshi","The Servant 0.9.4","TheVelvet","Waifu the Spire","Yakumo Yukari mod","Yuyuko","everything is the same but u backflip on backflip"],"gold_per_floor":[12,12,87,105,72,100,100,133,157,157,170,200,214,227,227,324,324,335,335,345,356,371,404,404,434,434,458,475,493,493,503,503,503,503],"floor_reached":33,"language":"ENG","playtime":3101,"items_purged":[],"score":340,"play_id":"d4363cf3-0458-45a4-8b8a-ad697344aea8","local_time":"20210119154947","is_ascension_mode":true,"campfire_choices":[{"floor":7,"key":"DIG"},{"floor":10,"key":"REST"},{"floor":15,"key":"REST"},{"floor":24,"key":"DIG"},{"floor":30,"key":"REST"},{"floor":32,"key":"REST"}],"circlet_count":0,"master_deck":["Survivor","Neutralize+1","Deadly Poison","Leg Sweep","Flying Knee+1","Dodge and Roll","Tactician+1","Sucker Punch","Underhanded Strike","Dodge and Roll+1","Skewer","Prepared","Acrobatics","Caltrops","Escape Plan","Quick Slash","Storm of Steel","Dagger Throw","Calculated Gamble","Poisoned Stab","Unload","Deflect","Neutralize","Jack Of All Trades","Backflip","Die Die Die","Predator+1","Prepared","Prepared","After Image","Blur"],"relics":["Pandora\u0027s Box","Shovel","Whetstone","Ornamental Fan","Calipers","Mastiff:ReiMu","Akabeko","HoveringKite","HornCleat","InkBottle","Orichalcum","Ancient Tea Set","Art of War"],"acts_visited":["Exordium","TheCity"],"potions_floor_usage":[8,28,33],"damage_taken":[{"damage":0,"enemies":"2 Louse","floor":1,"turns":2},{"damage":0,"enemies":"Small Slimes","floor":4,"turns":3},{"damage":26,"enemies":"3 Sentries","floor":6,"turns":9},{"damage":7,"enemies":"Lagavulin","floor":8,"turns":6},{"damage":0,"enemies":"Cultist","floor":11,"turns":3},{"damage":14,"enemies":"3 Sentries","floor":12,"turns":9},{"damage":0,"enemies":"Large Slime","floor":13,"turns":2},{"damage":18,"enemies":"Gremlin Gang","floor":14,"turns":4},{"damage":10,"enemies":"Slime Boss","floor":16,"turns":12},{"damage":8,"enemies":"Spheric Guardian","floor":18,"turns":4},{"damage":2,"enemies":"2 Thieves","floor":20,"turns":3},{"damage":9,"enemies":"Snecko","floor":21,"turns":4},{"damage":10,"enemies":"Cultist and Chosen","floor":22,"turns":7},{"damage":8,"enemies":"Book of Stabbing","floor":23,"turns":5},{"damage":24,"enemies":"Slavers","floor":25,"turns":5},{"damage":0,"enemies":"Centurion and Healer","floor":28,"turns":4},{"damage":0,"enemies":"Sentry and Sphere","floor":29,"turns":3},{"damage":14,"enemies":"Snake Plant","floor":31,"turns":3},{"damage":39,"enemies":"Champ","floor":33,"turns":14}],"seed_played":"-8139548658224460023","potions_obtained":[{"floor":4,"key":"Regen Potion"},{"floor":11,"key":"Strength Potion"},{"floor":12,"key":"DuplicationPotion"},{"floor":18,"key":"SneckoOil"},{"floor":31,"key":"EssenceOfSteel"}],"is_trial":false,"path_per_floor":["M","?","?","M","$","E","R","E","T","R","M","E","M","M","R","B",null,"M","?","M","M","M","E","R","E","T","T","M","M","R","M","R","B"],"character_chosen":"THE_SILENT","items_purchased":["Caltrops"],"campfire_rested":4,"item_purchase_floors":[5],"current_hp_per_floor":[70,56,49,49,49,23,23,31,31,52,52,38,38,20,41,31,70,62,62,60,51,41,33,33,9,9,9,9,9,30,16,37,0,0],"gold":503,"neow_bonus":"ONE_RARE_RELIC","is_daily":false,"chose_seed":false,"campfire_upgraded":0,"win_rate":0.0,"timestamp":1611089387,"path_taken":["M","?","?","M","$","E","R","E","T","R","?","E","M","M","R","BOSS","M","?","M","?","M","E","R","E","T","?","M","M","R","M","R","BOSS"],"items_purchased_type":["Card"],"build_version":"2020-12-22","purchased_purges":0,"victory":false,"max_hp_per_floor":[70,70,70,70,70,70,70,70,70,70,70,70,70,70,70,70,70,70,70,70,70,70,70,70,70,70,70,70,70,70,70,70,70,70],"relic_stats":{"Shovel":2,"counters":[19,102],"Ornamental Fan":[164],"HoveringKite":[42],"Pandora\u0027s Box":[],"Art of War":[0],"Whetstone":["Neutralize","Flying Knee"],"Orichalcum":[0],"obtain_stats":[{"Calipers":8,"HoveringKite":17,"Whetstone":6,"Orichalcum":25,"Ancient Tea Set":26,"Akabeko":12,"Shovel":0,"HornCleat":23,"Ornamental Fan":7,"Mastiff:ReiMu":9,"Pandora\u0027s Box":0,"Art of War":27,"InkBottle":24},{"Calipers":4,"HoveringKite":9,"Whetstone":3,"Orichalcum":15,"Ancient Tea Set":15,"Akabeko":6,"Shovel":0,"HornCleat":14,"Ornamental Fan":3,"Mastiff:ReiMu":4,"Pandora\u0027s Box":0,"Art of War":15,"InkBottle":14},{"Calipers":20,"HoveringKite":50,"Whetstone":14,"Orichalcum":78,"Ancient Tea Set":78,"Akabeko":32,"Shovel":0,"HornCleat":73,"Ornamental Fan":14,"Mastiff:ReiMu":20,"Pandora\u0027s Box":0,"Art of War":78,"InkBottle":73}],"InkBottle":[15]},"card_choices":[{"not_picked":["Dodge and Roll","Escape Plan"],"picked":"Acrobatics","floor":1},{"not_picked":["Dodge and Roll","Blade Dance","Choke"],"picked":"SKIP","floor":4},{"not_picked":["Underhanded Strike","All Out Attack"],"picked":"Escape Plan","floor":6},{"not_picked":["Slice","Skewer"],"picked":"Quick Slash","floor":8},{"not_picked":["Dodge and Roll","Bane"],"picked":"Storm of Steel","floor":11},{"not_picked":["Deadly Poison","Choke"],"picked":"Dagger Throw","floor":12},{"not_picked":["Slice","Deflect"],"picked":"Calculated Gamble","floor":13},{"not_picked":["Flying Knee","Cloak And Dagger"],"picked":"Poisoned Stab","floor":14},{"not_picked":["Night Terror","Wraith Form v2"],"picked":"Unload","floor":16},{"not_picked":["Dagger Throw","Quick Slash"],"picked":"Deflect","floor":18},{"not_picked":["Reflex","Quick Slash"],"picked":"Backflip","floor":20},{"not_picked":["Underhanded Strike","Cloak And Dagger","Expertise+1"],"picked":"SKIP","floor":21},{"not_picked":["Cloak And Dagger","PiercingWail"],"picked":"Die Die Die","floor":22},{"not_picked":["Slice","Deflect"],"picked":"Predator+1","floor":23},{"not_picked":["Terror","Sucker Punch"],"picked":"Prepared","floor":25},{"not_picked":["Slice","Riddle With Holes"],"picked":"Prepared","floor":28},{"not_picked":["Riddle With Holes+1","Slice+1"],"picked":"After Image","floor":29},{"not_picked":["Choke+1","Caltrops"],"picked":"Blur","floor":31}],"player_experience":247364,"relics_obtained":[{"floor":6,"key":"Whetstone"},{"floor":7,"key":"Ornamental Fan"},{"floor":8,"key":"Calipers"},{"floor":9,"key":"Mastiff:ReiMu"},{"floor":12,"key":"Akabeko"},{"floor":23,"key":"HornCleat"},{"floor":24,"key":"InkBottle"},{"floor":25,"key":"Orichalcum"},{"floor":26,"key":"Ancient Tea Set"},{"floor":27,"key":"Art of War"}],"event_choices":[{"damage_healed":0,"gold_gain":0,"player_choice":"Entered Light","damage_taken":14,"max_hp_gain":0,"max_hp_loss":0,"event_name":"Shining Light","floor":2,"gold_loss":0,"cards_upgraded":["Tactician","Dodge and Roll"]},{"damage_healed":0,"gold_gain":75,"player_choice":"Touch","damage_taken":7,"max_hp_gain":0,"max_hp_loss":0,"event_name":"FaceTrader","floor":3,"gold_loss":0},{"damage_healed":0,"gold_gain":0,"player_choice":"2 cards matched","damage_taken":0,"max_hp_gain":0,"max_hp_loss":0,"event_name":"Match and Keep!","floor":19,"gold_loss":0,"cards_obtained":["Neutralize","Jack Of All Trades"]}],"is_beta":false,"boss_relics":[{"not_picked":["Snecko Eye","Runic Dome"],"picked":"HoveringKite"}],"items_purged_floors":[],"is_endless":false,"potions_floor_spawned":[4,11,12,18,23,31],"killed_by":"Champ","ascension_level":2}}