{"host":"3xls0xm49ftugio7","time":1611070984,"event":{"mods":["2.2 Compatiblity","AchievementEnabler","Act Like it!","BaseMod","Bestiary","Colored Powertips","Downfall","GifTheSpireLib","Minty Spire (QoL Compilation)","Quick Restart","Relic Stats","StSLib"],"gold_per_floor":[0,17,36,136,236,236,236,60,94,109,109,109,122,32,50,153,153,153,153,253,50,64,64,64,93,93,121,132,150,160,180,195,295,295,195,214,234,244,244,244,244],"floor_reached":39,"language":"ENG","playtime":2611,"items_purged":["downfall:Malfunctioning"],"score":607,"play_id":"18b675e7-593f-4894-9ce2-e3de764ac059","local_time":"20210119174304","is_ascension_mode":true,"campfire_choices":[{"data":"Slimebound:Split","floor":1.0,"key":"SMITH"},{"data":"Slimebound:RejuvenatingLick","floor":11.0,"key":"SMITH"},{"data":"Slimebound:PrepareCrush","floor":18.0,"key":"SMITH"},{"data":"Apotheosis","floor":35.0,"key":"SMITH"}],"circlet_count":0,"master_deck":["Slimebound:Strike_Slimebound","Slimebound:Tackle","Slimebound:Defend_Slimebound","Slimebound:Defend_Slimebound","Slimebound:Defend_Slimebound","Slimebound:Defend_Slimebound+1","Slimebound:Split+1","Slimebound:CorrosiveSpit+1","Slimebound:RainOfGoop","Slimebound:Repurpose+1","Slimebound:RejuvenatingLick+1","Slimebound:RallyTheTroops","Slimebound:SplitBruiser","Slimebound:Recollect","Slimebound:GoopSpray","Slimebound:PrepareCrush+1","Slimebound:ServeAndProtect","Slimebound:RallyTheTroops","Slimebound:LivingWall+1","Slimebound:SelfFormingGoo","Apotheosis+1","Slimebound:SplitMire","Slimebound:WasteNot","Slimebound:BestDefense","Slimebound:RejuvenatingLick","Slimebound:SplitLeeching","Slimebound:SlimeTap+1","Slimebound:LeechingTouch","Slimebound:RollThrough+1","Slimebound:LeechLife","Slimebound:Recollect+1","Slimebound:SplitAcid","Slimebound:SplitMire"],"relics":["Slimebound:AbsorbEndCombat","champ:DeflectingBracers","Orichalcum","expansioncontent:StudyCardRelic","downfall:GremlinWheel","Pear","StoneCalendar","Akabeko","Philosopher\u0027s Stone","downfall:HeartBlessingGreen"],"acts_visited":["Exordium","TheCity","TheBeyond"],"potions_floor_usage":[39,39],"damage_taken":[{"damage":10.0,"enemies":"Small Slimes","floor":2.0,"turns":3.0},{"damage":1.0,"enemies":"2 Louse","floor":3.0,"turns":2.0},{"damage":3.0,"enemies":"downfall:FleeingMerchant","floor":8.0,"turns":4.0},{"damage":23.0,"enemies":"3 Sentries","floor":9.0,"turns":6.0},{"damage":7.0,"enemies":"Jaw Worm","floor":10.0,"turns":2.0},{"damage":2.0,"enemies":"Large Slime","floor":13.0,"turns":3.0},{"damage":0.0,"enemies":"downfall:FleeingMerchant","floor":14.0,"turns":4.0},{"damage":0.0,"enemies":"Blue Slaver","floor":15.0,"turns":2.0},{"damage":17.0,"enemies":"IC_STATUS_ARCHETYPE","floor":16.0,"turns":8.0},{"damage":0.0,"enemies":"Chosen","floor":19.0,"turns":1.0},{"damage":3.0,"enemies":"Chosen","floor":20.0,"turns":2.0},{"damage":7.0,"enemies":"downfall:FleeingMerchant","floor":21.0,"turns":4.0},{"damage":15.0,"enemies":"3 Byrds","floor":22.0,"turns":4.0},{"damage":56.0,"enemies":"Slavers","floor":25.0,"turns":7.0},{"damage":16.0,"enemies":"Book of Stabbing","floor":27.0,"turns":6.0},{"damage":19.0,"enemies":"Snake Plant","floor":28.0,"turns":2.0},{"damage":4.0,"enemies":"Snecko","floor":29.0,"turns":3.0},{"damage":0.0,"enemies":"Centurion and Healer","floor":30.0,"turns":2.0},{"damage":6.0,"enemies":"Chosen and Byrds","floor":31.0,"turns":4.0},{"damage":3.0,"enemies":"Snecko","floor":32.0,"turns":3.0},{"damage":1.0,"enemies":"WA_ARCHETYPE_CALM","floor":33.0,"turns":7.0},{"damage":26.0,"enemies":"3 Darklings","floor":36.0,"turns":5.0},{"damage":0.0,"enemies":"3 Shapes","floor":37.0,"turns":4.0},{"damage":54,"enemies":"Sphere and 2 Shapes","floor":38,"turns":7},{"damage":25,"enemies":"Writhing Mass","floor":39,"turns":2}],"seed_played":"-2281287373400063076","potions_obtained":[{"floor":2.0,"key":"EssenceOfSteel"},{"floor":3.0,"key":"Ancient Potion"},{"floor":10.0,"key":"SkillPotion"},{"floor":16.0,"key":"Weak Potion"},{"floor":26.0,"key":"Regen Potion"},{"floor":26.0,"key":"AttackPotion"},{"floor":27.0,"key":"sneckomod:MuddlingPotion"},{"floor":28.0,"key":"PowerPotion"},{"floor":29.0,"key":"DuplicationPotion"},{"floor":30.0,"key":"sneckomod:MuddlingPotion"}],"is_trial":false,"path_per_floor":["R","M","M","?","?","?","T","$","E","M","R","?","M","$","M","B",null,"R","M","?","$","M","?","T","E","?","E","M","M","M","M","M","B",null,"R","M","M","M","M"],"character_chosen":"SLIMEBOUND","items_purchased":["Slimebound:RallyTheTroops","Apotheosis"],"campfire_rested":0,"item_purchase_floors":[8,21],"current_hp_per_floor":[71,63,66,66,66,66,66,65,48,45,45,45,47,53,57,48,70,70,70,73,70,63,63,73,23,23,24,7,7,11,11,12,17,70,70,64,72,22,0,0,0],"gold":244,"neow_bonus":"TWENTY_PERCENT_HP_BONUS","is_daily":false,"chose_seed":false,"campfire_upgraded":4,"win_rate":0.0,"timestamp":1611070984,"path_taken":["R","M","M","?","?","?","T","?","E","M","R","?","M","?","M","BOSS","R","M","?","$","?","?","T","E","?","E","M","M","M","?","M","BOSS","R","M","M","?","M"],"items_purchased_type":["Card","Card"],"build_version":"2020-12-22","purchased_purges":1,"victory":false,"max_hp_per_floor":[77,77,77,77,77,77,77,77,77,77,77,77,77,77,77,77,77,77,77,77,77,77,77,87,87,87,87,87,87,87,87,87,87,87,87,87,87,87,87,87,87],"relic_stats":{"counters":[25,97],"StoneCalendar":[5],"Orichalcum":[60],"obtain_stats":[{"downfall:BrokenWingStatue":6,"downfall:GremlinWheel":20,"Pear":24,"StoneCalendar":25,"Philosopher\u0027s Stone":34,"downfall:HeartBlessingGreen":35,"champ:DeflectingBracers":7,"Slimebound:AbsorbEndCombat":0,"expansioncontent:StudyCardRelic":17,"Orichalcum":9,"Akabeko":27},{"downfall:BrokenWingStatue":2,"downfall:GremlinWheel":11,"Pear":13,"StoneCalendar":14,"Philosopher\u0027s Stone":21,"downfall:HeartBlessingGreen":21,"champ:DeflectingBracers":2,"Slimebound:AbsorbEndCombat":0,"expansioncontent:StudyCardRelic":9,"Orichalcum":4,"Akabeko":15},{"downfall:BrokenWingStatue":5,"downfall:GremlinWheel":37,"Pear":45,"StoneCalendar":52,"Philosopher\u0027s Stone":79,"downfall:HeartBlessingGreen":79,"champ:DeflectingBracers":5,"Slimebound:AbsorbEndCombat":0,"expansioncontent:StudyCardRelic":34,"Orichalcum":15,"Akabeko":58}]},"card_choices":[{"not_picked":["Slimebound:Nibble","Slimebound:GoopTackle"],"picked":"Slimebound:RainOfGoop","floor":2.0},{"not_picked":["Slimebound:LivingWall","Slimebound:SplitBruiser"],"picked":"Slimebound:Repurpose","floor":3.0},{"not_picked":["Slimebound:GoopSpray","Slimebound:SamplingLick"],"picked":"Slimebound:RejuvenatingLick","floor":8.0},{"not_picked":["Slimebound:Replication","Slimebound:AcidTongue"],"picked":"Slimebound:SplitBruiser","floor":9.0},{"not_picked":["Slimebound:SelfFormingGoo","Slimebound:ItLooksTasty"],"picked":"Slimebound:Recollect","floor":10.0},{"not_picked":["Slimebound:GoopTackle","Slimebound:Schlurp"],"picked":"Slimebound:GoopSpray","floor":13.0},{"not_picked":["Slimebound:SplitBruiser","Slimebound:Schlurp"],"picked":"Slimebound:PrepareCrush","floor":14.0},{"not_picked":["Slimebound:Prepare","Slimebound:ComboTackle"],"picked":"Slimebound:ServeAndProtect","floor":15.0},{"not_picked":["Slimebound:DouseInSlime","Slimebound:Overexert"],"picked":"Slimebound:RallyTheTroops","floor":16.0},{"not_picked":["Slimebound:SplitAcid+1","Slimebound:SplitLeeching"],"picked":"Slimebound:LivingWall+1","floor":19.0},{"not_picked":["Slimebound:LeechingTouch","Slimebound:SlimeBrawl+1"],"picked":"Slimebound:SelfFormingGoo","floor":21.0},{"not_picked":["Slimebound:ItLooksTasty","Slimebound:PressTheAttack"],"picked":"Slimebound:SplitMire","floor":22.0},{"not_picked":["Slimebound:GoopTackle","Slimebound:FinishingTackle","Slimebound:Replication"],"picked":"SKIP","floor":25.0},{"not_picked":["Slimebound:SlimeBrawl","Slimebound:SplitBruiser+1"],"picked":"Slimebound:RejuvenatingLick","floor":27.0},{"not_picked":["Slimebound:HungryTackle","Slimebound:GoopTackle"],"picked":"Slimebound:SplitLeeching","floor":28.0},{"not_picked":["Slimebound:Replication","Slimebound:HungryTackle+1"],"picked":"Slimebound:SlimeTap+1","floor":29.0},{"not_picked":["Slimebound:FirmFortitude","Slimebound:Replication"],"picked":"Slimebound:LeechingTouch","floor":30.0},{"not_picked":["Slimebound:Replication","Slimebound:ItLooksTasty+1","Slimebound:DisruptingSlam"],"picked":"SKIP","floor":31.0},{"not_picked":["Slimebound:SamplingLick","Slimebound:SpikyOuterGoop"],"picked":"Slimebound:RollThrough+1","floor":32.0},{"not_picked":["Slimebound:CheckThePlaybook","Slimebound:RallyTheTroops"],"picked":"Slimebound:LeechLife","floor":33.0},{"not_picked":["Slimebound:ItLooksTasty","Slimebound:FinishingTackle+1"],"picked":"Slimebound:Recollect+1","floor":36.0},{"not_picked":["Slimebound:LivingWall","Slimebound:GoopSpray"],"picked":"Slimebound:SplitAcid","floor":37.0},{"not_picked":["Slimebound:SplitAcid","Slimebound:ItLooksTasty"],"picked":"Slimebound:SplitMire","floor":38}],"player_experience":924935,"relics_obtained":[{"floor":7.0,"key":"champ:DeflectingBracers"},{"floor":9.0,"key":"Orichalcum"},{"floor":20.0,"key":"downfall:GremlinWheel"},{"floor":24.0,"key":"Pear"},{"floor":25.0,"key":"StoneCalendar"},{"floor":27.0,"key":"Akabeko"}],"event_choices":[{"damage_healed":0.0,"max_hp_gain":0.0,"max_hp_loss":0.0,"gold_gain":0.0,"cards_transformed":["Slimebound:Strike_Slimebound","Slimebound:Strike_Slimebound"],"event_name":"Drug Dealer","player_choice":"Became Test Subject","floor":23.0,"gold_loss":0.0,"damage_taken":0.0,"cards_obtained":["Slimebound:WasteNot","Slimebound:BestDefense"]},{"damage_healed":0.0,"max_hp_gain":0.0,"max_hp_loss":0.0,"gold_gain":0.0,"event_name":"Lab","player_choice":"Got Potions","floor":26.0,"gold_loss":0.0,"damage_taken":0.0}],"is_beta":false,"boss_relics":[{"not_picked":["Runic Dome","sneckomod:SneckoTalon"],"picked":"expansioncontent:StudyCardRelic"},{"not_picked":["Cursed Key","Pandora\u0027s Box"],"picked":"Philosopher\u0027s Stone"}],"items_purged_floors":[14],"is_endless":false,"potions_floor_spawned":[2,3,10,16,22,27,28,29,30],"killed_by":"Writhing Mass","ascension_level":6}}