{"host":"l5xpox9cbdko122s","time":1611059958,"event":{"mods":["BaseMod","Minty Spire (QoL Compilation)"],"gold_per_floor":[168,186,202,221,234,264,264,281,281,54,72,247,247,273,273,273,273],"floor_reached":16,"language":"ENG","playtime":837,"items_purged":["Defend_P"],"score":104,"play_id":"af240ca6-be5a-41cc-b7c8-f3f833165b9d","local_time":"20210119073918","is_ascension_mode":false,"campfire_choices":[{"floor":13,"key":"REST"},{"floor":15,"key":"REST"}],"circlet_count":0,"master_deck":["Strike_P","Strike_P","Strike_P","Strike_P","Defend_P+1","Defend_P","Defend_P","Eruption","Vigilance","FlyingSleeves","FollowUp","EmptyBody","FlyingSleeves","EmptyFist","Doubt"],"relics":["Tiny House","Mercury Hourglass","Bird Faced Urn","Sling","Orichalcum"],"acts_visited":["Exordium"],"potions_floor_usage":[3,4,8,11,16],"damage_taken":[{"damage":4,"enemies":"Cultist","floor":1,"turns":4},{"damage":2,"enemies":"2 Louse","floor":2,"turns":3},{"damage":0,"enemies":"Small Slimes","floor":3,"turns":2},{"damage":6,"enemies":"Blue Slaver","floor":4,"turns":4},{"damage":2,"enemies":"Looter","floor":5,"turns":3},{"damage":52,"enemies":"Lagavulin","floor":6,"turns":5},{"damage":0,"enemies":"3 Louse","floor":8,"turns":2},{"damage":0,"enemies":"Gremlin Gang","floor":11,"turns":4},{"damage":51,"enemies":"Hexaghost","floor":16,"turns":10}],"seed_played":"-2921420546511318012","potions_obtained":[{"floor":0,"key":"Explosive Potion"},{"floor":2,"key":"Swift Potion"},{"floor":6,"key":"Dexterity Potion"},{"floor":8,"key":"BottledMiracle"},{"floor":11,"key":"GamblersBrew"}],"is_trial":false,"path_per_floor":["M","M","M","M","M","E","?","M","T","$","M","?","R","T","R","B"],"character_chosen":"WATCHER","items_purchased":["Sling"],"campfire_rested":2,"item_purchase_floors":[10],"current_hp_per_floor":[73,71,71,65,63,11,4,4,4,4,4,4,27,27,50,0,0],"gold":273,"neow_bonus":"BOSS_RELIC","is_daily":false,"chose_seed":false,"campfire_upgraded":0,"win_rate":0.0,"timestamp":1611059958,"path_taken":["M","M","M","?","M","E","?","M","T","$","M","?","R","?","R","BOSS"],"items_purchased_type":["Relic"],"build_version":"2020-12-22","purchased_purges":1,"victory":false,"max_hp_per_floor":[77,77,77,77,77,77,77,77,77,77,77,77,77,77,77,77,77],"card_choices":[{"not_picked":["Protect","Evaluate"],"picked":"FlyingSleeves","floor":0},{"not_picked":["Worship","Protect","JustLucky"],"picked":"SKIP","floor":1},{"not_picked":["Study","SashWhip","Prostrate"],"picked":"SKIP","floor":2},{"not_picked":["BowlingBash","Prostrate","FlurryOfBlows"],"picked":"SKIP","floor":3},{"not_picked":["ClearTheMind","JustLucky","WaveOfTheHand"],"picked":"SKIP","floor":4},{"not_picked":["Omniscience","JustLucky"],"picked":"FollowUp","floor":5},{"not_picked":["Evaluate","Collect"],"picked":"EmptyBody","floor":6},{"not_picked":["SandsOfTime","Fasting2"],"picked":"FlyingSleeves","floor":8},{"not_picked":["Tantrum","FlyingSleeves"],"picked":"EmptyFist","floor":11}],"player_experience":123535,"relics_obtained":[{"floor":6,"key":"Mercury Hourglass"},{"floor":14,"key":"Orichalcum"}],"event_choices":[{"damage_healed":0,"gold_gain":0,"player_choice":"Success","damage_taken":7,"relics_obtained":["Bird Faced Urn"],"max_hp_gain":0,"max_hp_loss":0,"event_name":"Scrap Ooze","floor":7,"gold_loss":0},{"damage_healed":0,"gold_gain":175,"player_choice":"AGREE","damage_taken":0,"max_hp_gain":0,"max_hp_loss":0,"event_name":"Liars Game","floor":12,"gold_loss":0,"cards_obtained":["Doubt"]}],"is_beta":false,"boss_relics":[],"items_purged_floors":[10],"is_endless":false,"potions_floor_spawned":[2,6,8,11],"killed_by":"Hexaghost","ascension_level":0}}