{"host":"j4g6ia6asvpyu2b0","time":1611069192,"event":{"mods":["BaseMod","Colored Map","Minty Spire (QoL Compilation)","Permanent Neow","Quick Restart","Relic Stats","StSLib","Unceasing Turn Reminder"],"gold_per_floor":[111,111,128,92,57,87,87,113,183,183,210,39,57,90,90,194,194,208,43,43,58,58,88,107,135,162,191,191,206,206,239,239,334,334,353,353,367,384,400,400,428,448,448,474,474,493,508,542,542,542,542],"floor_reached":50,"language":"ENG","playtime":2948,"items_purged":["Strike_B"],"score":1151,"play_id":"c646b22f-899d-49be-9cce-4af676f9c4c0","local_time":"20210119081312","is_ascension_mode":true,"campfire_choices":[{"data":"Static Discharge","floor":7.0,"key":"SMITH"},{"data":"Chill","floor":10.0,"key":"SMITH"},{"data":"Double Energy","floor":15.0,"key":"SMITH"},{"data":"Recycle","floor":28.0,"key":"SMITH"},{"data":"Buffer","floor":30.0,"key":"SMITH"},{"data":"Panacea","floor":32.0,"key":"SMITH"},{"floor":40.0,"key":"RECALL"},{"data":"Capacitor","floor":45,"key":"SMITH"},{"data":"Electrodynamics","floor":49,"key":"SMITH"}],"circlet_count":0,"master_deck":["AscendersBane","Strike_B","Strike_B","Strike_B","Defend_B","Defend_B","Defend_B","Defend_B","Zap","Dualcast","Self Repair","Rebound","Hello World","Static Discharge+1","Chill+1","Recycle+1","Double Energy+1","Ball Lightning","Sunder","Tempest","Chill","Buffer+1","Barrage+1","Panacea+1","Writhe","Compile Driver","Coolheaded+1","Ball Lightning","Double Energy+1","Conserve Battery+1","Force Field+1","Electrodynamics+1","Hologram+1","Double Energy+1","Barrage+1","Capacitor+1","Chill+1","Consume+1","Recycle+1","Ball Lightning+1","Ball Lightning","Self Repair","Electrodynamics"],"relics":["Cracked Core","Dead Branch","Strawberry","Orichalcum","Blood Vial","Boot","Sozu","Toxic Egg 2","Enchiridion","Darkstone Periapt","Dream Catcher","Centennial Puzzle","Gambling Chip","Omamori","Cursed Key","Pantograph","Kunai","Anchor","Bronze Scales"],"acts_visited":["Exordium","TheCity","TheBeyond"],"potions_floor_usage":[],"damage_taken":[{"damage":10.0,"enemies":"Small Slimes","floor":1.0,"turns":4.0},{"damage":0.0,"enemies":"Cultist","floor":3.0,"turns":5.0},{"damage":25.0,"enemies":"Lagavulin","floor":6.0,"turns":6.0},{"damage":26.0,"enemies":"Gremlin Nob","floor":8.0,"turns":4.0},{"damage":23.0,"enemies":"Lagavulin","floor":11.0,"turns":4.0},{"damage":4.0,"enemies":"Jaw Worm","floor":13.0,"turns":2.0},{"damage":5.0,"enemies":"3 Sentries","floor":14.0,"turns":5.0},{"damage":9.0,"enemies":"The Guardian","floor":16.0,"turns":10.0},{"damage":19.0,"enemies":"Shell Parasite","floor":18.0,"turns":5.0},{"damage":1.0,"enemies":"Chosen","floor":21.0,"turns":4.0},{"damage":6.0,"enemies":"Gremlin Leader","floor":23.0,"turns":6.0},{"damage":5.0,"enemies":"Centurion and Healer","floor":24.0,"turns":5.0},{"damage":21.0,"enemies":"Book of Stabbing","floor":25.0,"turns":4.0},{"damage":16.0,"enemies":"Gremlin Leader","floor":27.0,"turns":7.0},{"damage":0.0,"enemies":"3 Cultists","floor":29.0,"turns":3.0},{"damage":8.0,"enemies":"Slavers","floor":31.0,"turns":2.0},{"damage":47.0,"enemies":"Collector","floor":33.0,"turns":9.0},{"damage":0.0,"enemies":"Orb Walker","floor":35.0,"turns":2.0},{"damage":0.0,"enemies":"3 Shapes","floor":37.0,"turns":2.0},{"damage":0.0,"enemies":"Transient","floor":38.0,"turns":5.0},{"damage":0.0,"enemies":"4 Shapes","floor":39.0,"turns":5.0},{"damage":18,"enemies":"Reptomancer","floor":41,"turns":6},{"damage":33,"enemies":"Spire Growth","floor":42,"turns":4},{"damage":0,"enemies":"Nemesis","floor":44,"turns":7},{"damage":0,"enemies":"Maw","floor":46,"turns":5},{"damage":0,"enemies":"Jaw Worm Horde","floor":47,"turns":3},{"damage":0,"enemies":"Giant Head","floor":48,"turns":5},{"damage":90,"enemies":"Awakened One","floor":50,"turns":6}],"seed_played":"1344654329762101316","potions_obtained":[{"floor":3.0,"key":"EssenceOfSteel"},{"floor":6.0,"key":"Fire Potion"},{"floor":14.0,"key":"Strength Potion"},{"floor":16.0,"key":"Swift Potion"}],"is_trial":false,"path_per_floor":["M","?","M","$","?","E","R","E","T","R","E","$","M","E","R","B",null,"M","$","?","M","?","E","M","E","T","E","R","M","R","E","R","B",null,"M","?","M","M","M","R","E","M","T","E","R","M","M","E","R","B"],"character_chosen":"DEFECT","items_purchased":["Hello World","Double Energy","Ball Lightning","Sunder","Panacea"],"campfire_rested":0,"item_purchase_floors":[4,12,12,12,19],"current_hp_per_floor":[40,40,47,47,65,54,54,35,35,35,19,19,24,28,28,28,69,59,59,59,67,51,54,58,46,46,39,39,48,48,49,49,11,64,66,66,68,77,79,79,70,46,46,55,55,57,59,75,75,0,0],"gold":542,"neow_bonus":"ONE_RARE_RELIC","is_daily":false,"chose_seed":false,"campfire_upgraded":8,"win_rate":0.0,"timestamp":1611069192,"path_taken":["M","?","?","$","?","E","R","E","T","R","E","$","M","E","R","BOSS","M","$","?","M","?","E","M","E","T","E","R","M","R","E","R","BOSS","M","?","M","M","M","R","E","M","T","E","R","M","M","E","R","BOSS"],"items_purchased_type":["Card","Card","Card","Card","Card"],"build_version":"2020-12-22","purchased_purges":1,"victory":false,"max_hp_per_floor":[75,75,75,75,75,82,82,82,82,82,82,82,82,82,82,82,82,82,82,82,82,82,82,82,82,82,82,82,82,82,82,82,82,82,82,82,82,82,82,82,82,82,82,82,82,82,82,82,82,82,82],"relic_stats":{"Darkstone Periapt":0,"counters":[28,135],"Dead Branch":[199],"Orichalcum":[114],"Boot":[78],"Cursed Key":1,"Blood Vial":44,"Sozu":8,"Dream Catcher":0,"Centennial Puzzle":[18],"Gambling Chip":[35],"Pantograph":7,"Bronze Scales":[50],"Kunai":[9],"obtain_stats":[{"Darkstone Periapt":23,"Dead Branch":0,"Enchiridion":22,"Omamori":31,"Orichalcum":8,"Boot":14,"Cursed Key":34,"Blood Vial":11,"Sozu":17,"Dream Catcher":25,"Centennial Puzzle":26,"Anchor":44,"Strawberry":6,"Gambling Chip":27,"Pantograph":41,"Bronze Scales":48,"Kunai":43,"Toxic Egg 2":20,"Cracked Core":0},{"Darkstone Periapt":11,"Dead Branch":0,"Enchiridion":10,"Omamori":16,"Orichalcum":4,"Boot":7,"Cursed Key":17,"Blood Vial":5,"Sozu":8,"Dream Catcher":13,"Centennial Puzzle":13,"Anchor":24,"Strawberry":3,"Gambling Chip":14,"Pantograph":22,"Bronze Scales":27,"Kunai":23,"Toxic Egg 2":9,"Cracked Core":0},{"Darkstone Periapt":55,"Dead Branch":0,"Enchiridion":49,"Omamori":76,"Orichalcum":19,"Boot":30,"Cursed Key":85,"Blood Vial":23,"Sozu":40,"Dream Catcher":64,"Centennial Puzzle":64,"Anchor":116,"Strawberry":15,"Gambling Chip":71,"Pantograph":105,"Bronze Scales":129,"Kunai":109,"Toxic Egg 2":45,"Cracked Core":0}]},"card_choices":[{"not_picked":["Barrage","Turbo"],"picked":"Streamline","floor":1.0},{"not_picked":["Barrage","Beam Cell"],"picked":"Rebound","floor":3.0},{"not_picked":["Skim","Beam Cell"],"picked":"Static Discharge","floor":6.0},{"not_picked":["Conserve Battery","Turbo"],"picked":"Chill","floor":8.0},{"not_picked":["Turbo","Meteor Strike"],"picked":"Recycle","floor":11.0},{"not_picked":["Stack","Rebound"],"picked":"Tempest","floor":13.0},{"not_picked":["Chaos","Thunder Strike"],"picked":"Chill","floor":14.0},{"not_picked":["Amplify","Hyperbeam"],"picked":"Buffer","floor":16.0},{"not_picked":["Gash","Sweeping Beam+1"],"picked":"Barrage+1","floor":18.0},{"not_picked":["Stack+1","Redo+1"],"picked":"Compile Driver","floor":21.0},{"not_picked":["Rebound","Multi-Cast+1","Turbo+1"],"picked":"SKIP","floor":23.0},{"not_picked":["Steam+1","Beam Cell"],"picked":"Coolheaded+1","floor":24.0},{"not_picked":["Stack+1","Hello World"],"picked":"Ball Lightning","floor":25.0},{"not_picked":["Gash","Leap+1"],"picked":"Double Energy+1","floor":27.0},{"not_picked":["Cold Snap","Turbo+1"],"picked":"Conserve Battery+1","floor":29.0},{"not_picked":["Multi-Cast+1","Lockon"],"picked":"Force Field+1","floor":31.0},{"not_picked":["All For One","Hyperbeam"],"picked":"Electrodynamics","floor":33.0},{"not_picked":["Leap+1","Turbo+1"],"picked":"Hologram+1","floor":35.0},{"not_picked":["Sweeping Beam","Sunder"],"picked":"Barrage+1","floor":37.0},{"not_picked":["Hello World","Rip and Tear+1"],"picked":"Capacitor","floor":38.0},{"not_picked":["Rebound","Doom and Gloom"],"picked":"Chill+1","floor":39.0},{"not_picked":["Ball Lightning","Streamline+1"],"picked":"Consume+1","floor":41},{"not_picked":["Steam+1","Buffer"],"picked":"Recycle+1","floor":42},{"not_picked":["Gash","Beam Cell"],"picked":"Ball Lightning+1","floor":44},{"not_picked":["Steam+1","Rebound"],"picked":"Ball Lightning","floor":46},{"not_picked":["Compile Driver+1","Rebound"],"picked":"Self Repair","floor":47},{"not_picked":["Heatsinks","Scrape"],"picked":"Electrodynamics","floor":48}],"player_experience":864582,"relics_obtained":[{"floor":6.0,"key":"Strawberry"},{"floor":8.0,"key":"Orichalcum"},{"floor":11.0,"key":"Blood Vial"},{"floor":14.0,"key":"Boot"},{"floor":22.0,"key":"Enchiridion"},{"floor":23.0,"key":"Darkstone Periapt"},{"floor":25.0,"key":"Dream Catcher"},{"floor":26.0,"key":"Centennial Puzzle"},{"floor":27.0,"key":"Gambling Chip"},{"floor":31.0,"key":"Omamori"},{"floor":41,"key":"Pantograph"},{"floor":43,"key":"Kunai"},{"floor":44,"key":"Anchor"},{"floor":48,"key":"Bronze Scales"}],"event_choices":[{"cards_removed":["Streamline"],"damage_healed":0.0,"max_hp_gain":0.0,"max_hp_loss":0.0,"gold_gain":0.0,"event_name":"NoteForYourself","player_choice":"Took Card","floor":2.0,"gold_loss":0.0,"damage_taken":0.0,"cards_obtained":["Self Repair"]},{"damage_healed":18.0,"max_hp_gain":0.0,"max_hp_loss":0.0,"gold_gain":0.0,"event_name":"The Cleric","player_choice":"Healed","floor":5.0,"gold_loss":35.0,"damage_taken":0.0},{"damage_healed":0.0,"max_hp_gain":0.0,"max_hp_loss":0.0,"gold_gain":0.0,"event_name":"The Mausoleum","player_choice":"Opened","floor":20.0,"gold_loss":0.0,"damage_taken":0.0,"relics_obtained":["Toxic Egg 2"],"cards_obtained":["Writhe"]},{"damage_healed":0.0,"max_hp_gain":0.0,"max_hp_loss":0.0,"gold_gain":0.0,"event_name":"Cursed Tome","player_choice":"Obtained Book","floor":22.0,"gold_loss":0.0,"damage_taken":16.0},{"damage_healed":0.0,"max_hp_gain":0.0,"max_hp_loss":0.0,"gold_gain":0.0,"event_name":"Duplicator","player_choice":"Copied","floor":36.0,"gold_loss":0.0,"damage_taken":0.0,"cards_obtained":["Double Energy"]}],"is_beta":false,"boss_relics":[{"not_picked":["Tiny House","Ectoplasm"],"picked":"Sozu"},{"not_picked":["SlaversCollar","SacredBark"],"picked":"Cursed Key"}],"items_purged_floors":[19],"is_endless":false,"potions_floor_spawned":[3,6,14,16,23,25,29,33,35,38,41,48],"killed_by":"Awakened One","ascension_level":12}}