{"host":"gk9qdtkqd8dwfeg2","time":1611055723,"event":{"mods":["Act Like it!","Aspiration","BaseMod","Colored Powertips","KomeijiMod","Minty Spire (QoL Compilation)","Quick Restart","Replay The Spire","Shop Mod","StSLib","TestMod","The Gatherer","The Servant 0.9.4","Waifu the Spire","WarShipGirlsR/战舰少女R mod","Yuri Mod","【遗物卡牌】REMEMod"],"gold_per_floor":[111,511,20,30,47,82,96,128,128,159,159,189,189,302,302,425,425,452,452,452,452,477,477,81,115,115,115,161,188,230,16,16,102,102,126,26,41,66,66,104,104,137,137,168,199,199,219,109,109,124,139,139,139,14,26,26],"floor_reached":55,"language":"ZHS","playtime":2128,"items_purged":["Writhe","Doubt"],"score":2365,"play_id":"183c04b6-a294-4b20-8c88-f43ff1af27e4","local_time":"20210119192843","is_ascension_mode":true,"campfire_choices":[{"data":"REME_CRH","floor":15.0,"key":"SMITH"},{"floor":23.0,"key":"REST"},{"data":"BasicCrystalCard","floor":27.0,"key":"SMITH"},{"floor":32.0,"key":"REST"},{"data":"Consume","floor":41.0,"key":"SMITH"},{"floor":46.0,"key":"RECALL"},{"data":"Apotheosis","floor":49.0,"key":"SMITH"},{"floor":53.0,"key":"REST"}],"circlet_count":0,"master_deck":["AscendersBane","Defend_B+1","Zap","Dualcast","Echo Form","Turbo","Crystallizer+1","Ball Lightning","Time Bomb","Core Surge","Compile Driver","Sunder","FIFO Queue","REME_CRH+1","Glacier","Meteor Strike","Reinforced Body","Electrodynamics","Time Bomb","Creative AI","Chaos","BasicCrystalCard+1","Apotheosis+1","Reboot","Panic Button+1","Cold Snap+1","Consume+1","ReplayTheSpireMod:Calculation Training","Heatsinks+1","Mirror Shield"],"relics":["Cracked Core","REME_ComplimentaryCards","testmod-IncinerationGenerator","Carrot","Replay:Frozen Program","Quantum Egg","ReplayTheSpireMod:Shallot","testmod-Nyarlathotep","REME_ComplimentaryCards","REME_ArchaeologicalTools","PreservedInsect","aspiration:Stabinomicon","MerchantsRug","Runic Capacitor","Frozen Egg 2","OrangePellets","aspiration:RandomNobGenerator","REME_HandOfSuture","Toy Ornithopter","Bag of Preparation"],"acts_visited":["Exordium","TheCity","TheBeyond","TheEnding"],"potions_floor_usage":[55],"damage_taken":[{"damage":0.0,"enemies":"Jaw Worm","floor":1.0,"turns":1.0},{"damage":0.0,"enemies":"2 Louse","floor":4.0,"turns":1.0},{"damage":0.0,"enemies":"Small Slimes","floor":5.0,"turns":1.0},{"damage":14.0,"enemies":"Gremlin Nob","floor":6.0,"turns":3.0},{"damage":11.0,"enemies":"Looter","floor":7.0,"turns":2.0},{"damage":10.0,"enemies":"3 Sentries","floor":8.0,"turns":5.0},{"damage":6.0,"enemies":"Lagavulin","floor":10.0,"turns":6.0},{"damage":9.0,"enemies":"3 Sentries","floor":12.0,"turns":4.0},{"damage":0.0,"enemies":"Lagavulin","floor":14.0,"turns":3.0},{"damage":10.0,"enemies":"Hexaghost","floor":16.0,"turns":8.0},{"damage":0.0,"enemies":"Chosen","floor":18.0,"turns":3.0},{"damage":0.0,"enemies":"Spheric Guardian","floor":22.0,"turns":1.0},{"damage":6.0,"enemies":"Slavers","floor":25.0,"turns":3.0},{"damage":0.0,"enemies":"Book of Stabbing","floor":28.0,"turns":1.0},{"damage":31.0,"enemies":"Gremlin Leader","floor":30.0,"turns":4.0},{"damage":33.0,"enemies":"Collector","floor":33.0,"turns":5.0},{"damage":0.0,"enemies":"3 Darklings","floor":35.0,"turns":2.0},{"damage":0.0,"enemies":"Orb Walker","floor":37.0,"turns":1.0},{"damage":0.0,"enemies":"Nemesis","floor":40.0,"turns":1.0},{"damage":0.0,"enemies":"Reptomancer","floor":42.0,"turns":1.0},{"damage":21.0,"enemies":"Jaw Worm Horde","floor":44.0,"turns":4.0},{"damage":4.0,"enemies":"Nemesis","floor":45.0,"turns":3.0},{"damage":0.0,"enemies":"Writhing Mass","floor":47.0,"turns":1.0},{"damage":36.0,"enemies":"Awakened One","floor":50.0,"turns":5.0},{"damage":0.0,"enemies":"Donu and Deca","floor":51.0,"turns":4.0},{"damage":82,"enemies":"Shield and Spear","floor":55,"turns":2}],"seed_played":"1652360409660918006","potions_obtained":[{"floor":6.0,"key":"Fire Potion"},{"floor":7.0,"key":"SkillPotion"},{"floor":12.0,"key":"CalmPotion"},{"floor":22.0,"key":"testmod-SpacePotion"},{"floor":28.0,"key":"Explosive Potion"},{"floor":35.0,"key":"SkillPotion"},{"floor":44.0,"key":"Venom Potion"},{"floor":47.0,"key":"PowerPotion"}],"is_trial":false,"path_per_floor":["M","?","$","M","M","E","M","E","T","E","?","E","?","E","R","B",null,"M","?","?","?","M","R","$","E","T","R","E","T","E","$","R","B",null,"M","$","M","T","?","E","R","E","T","M","E","R","M","?","R","B","B",null,"R","$","E"],"character_chosen":"DEFECT","items_purchased":["Carrot","Crystallizer","Replay:Frozen Program","MerchantsRug","Runic Capacitor","OrangePellets","Apotheosis","PowerPotion","Heatsinks+1","Mirror Shield","SkillPotion"],"campfire_rested":3,"item_purchase_floors":[3,3,3,24,24,31,31,31,54,54,54],"current_hp_per_floor":[64,64,64,64,64,50,39,29,29,23,23,14,14,14,14,4,54,54,33,33,33,33,54,54,48,48,48,48,48,17,17,38,5,55,55,55,55,55,55,55,55,55,55,39,40,40,40,40,40,9,9,56,71,71,0,0],"gold":26,"neow_bonus":"THREE_ENEMY_KILL","is_daily":false,"chose_seed":false,"campfire_upgraded":4,"win_rate":0.0,"timestamp":1611055723,"path_taken":["M","?","$","M","M","E","M","E","T","E","?","E","?","E","R","BOSS","M","?","?","?","M","R","?","E","T","R","E","?","E","$","R","BOSS","M","$","M","?","?","E","R","E","T","M","E","R","M","?","R","BOSS","BOSS","R","$","E"],"items_purchased_type":["Relic","Card","Relic","Relic","Relic","Relic","Card","Potion","Card","Card","Potion"],"build_version":"2020-12-22","purchased_purges":2,"victory":false,"max_hp_per_floor":[71,71,71,71,71,71,71,71,71,71,71,71,71,71,71,71,71,71,71,71,71,71,71,71,71,71,71,71,71,71,71,71,71,71,71,71,71,71,71,71,71,71,71,71,71,71,71,71,71,71,71,71,71,71,71,71],"card_choices":[{"not_picked":["Compile Driver","Fusion"],"picked":"Turbo","floor":1.0},{"not_picked":["Rebound","Steam"],"picked":"Ball Lightning","floor":4.0},{"not_picked":["Doom and Gloom","Sweeping Beam"],"picked":"Time Bomb","floor":5.0},{"not_picked":["Rebound","Hello World"],"picked":"Core Surge","floor":6.0},{"not_picked":["ReplaySolidLightProjector","Hello World"],"picked":"Compile Driver","floor":7.0},{"not_picked":["REME_Whirling","Amplify"],"picked":"Sunder","floor":8.0},{"not_picked":["Cold Snap","Sunder"],"picked":"FIFO Queue","floor":10.0},{"not_picked":["Beam Cell","White Noise"],"picked":"Glacier","floor":12.0},{"not_picked":["Rebound","Turbo"],"picked":"Reinforced Body","floor":14.0},{"not_picked":["Hyperbeam","ReplayTheSpireMod:Omega Cannon"],"picked":"Electrodynamics","floor":16.0},{"not_picked":["Compile Driver","Gash"],"picked":"Time Bomb","floor":18.0},{"not_picked":[],"picked":"Creative AI","floor":20.0},{"not_picked":["Streamline","Go for the Eyes"],"picked":"Chaos","floor":22.0},{"not_picked":["Compile Driver","Hello World"],"picked":"BasicCrystalCard","floor":25.0},{"not_picked":["ReplayTheSpireMod:GoodbyeWorld","Amplify","Stack"],"picked":"SKIP","floor":28.0},{"not_picked":["Streamline","Rebound","Hologram+1"],"picked":"SKIP","floor":30.0},{"not_picked":["REME_Shoggoth","Creative AI+1"],"picked":"Reboot","floor":33.0},{"not_picked":["Coolheaded","Ball Lightning+1"],"picked":"Panic Button+1","floor":35.0},{"not_picked":["Turbo","Undo"],"picked":"Cold Snap+1","floor":37.0},{"not_picked":["Hello World+1","Redo+1"],"picked":"Consume","floor":40.0},{"not_picked":["Beam Cell","BootSequence"],"picked":"ReplayTheSpireMod:Calculation Training","floor":42.0},{"not_picked":["Creative AI+1","REME_SelfUpgrade+1","Streamline"],"picked":"SKIP","floor":44.0},{"not_picked":["Machine Learning+1","Leap","BootSequence"],"picked":"SKIP","floor":45.0},{"not_picked":["Loop+1","Force Field+1","Panic Button+1"],"picked":"SKIP","floor":47.0}],"player_experience":657977,"relics_obtained":[{"floor":6.0,"key":"Quantum Egg"},{"floor":8.0,"key":"ReplayTheSpireMod:Shallot"},{"floor":9.0,"key":"Replay:Bottled Eggs"},{"floor":10.0,"key":"testmod-Nyarlathotep"},{"floor":12.0,"key":"REME_ArchaeologicalTools"},{"floor":14.0,"key":"PreservedInsect"},{"floor":19.0,"key":"aspiration:Stabinomicon"},{"floor":25.0,"key":"testmod-OneHitWonder"},{"floor":28.0,"key":"testmod-FatalChain"},{"floor":29.0,"key":"REME_PuzzleBoxRelic"},{"floor":30.0,"key":"Frozen Egg 2"},{"floor":38.0,"key":"REME_HandOfSuture"},{"floor":40.0,"key":"Omamori"},{"floor":42.0,"key":"aspiration:HiddenCompartment"},{"floor":43.0,"key":"Toy Ornithopter"},{"floor":45.0,"key":"Bag of Preparation"}],"event_choices":[{"damage_healed":0.0,"max_hp_gain":0.0,"max_hp_loss":0.0,"gold_gain":400.0,"event_name":"恩洛斯的盘子","player_choice":"Sell","floor":2.0,"relics_lost":["testmod-TestBox"],"gold_loss":0.0,"damage_taken":0.0},{"damage_healed":0.0,"max_hp_gain":0.0,"max_hp_loss":0.0,"gold_gain":0.0,"event_name":"给自己的盒子","player_choice":"Swap Relic","floor":11.0,"relics_lost":["NeowsBlessing"],"gold_loss":0.0,"damage_taken":0.0,"relics_obtained":["REME_ComplimentaryCards"]},{"damage_healed":0.0,"max_hp_gain":0.0,"max_hp_loss":0.0,"gold_gain":0.0,"cards_transformed":["Strike_B"],"event_name":"Living Wall","player_choice":"Change","floor":13.0,"gold_loss":0.0,"damage_taken":0.0,"cards_obtained":["Meteor Strike"]},{"damage_healed":0.0,"max_hp_gain":0.0,"max_hp_loss":0.0,"gold_gain":0.0,"event_name":"Cursed Tome","player_choice":"Obtained Book","floor":19.0,"gold_loss":0.0,"damage_taken":21.0},{"damage_healed":0.0,"max_hp_gain":0.0,"max_hp_loss":0.0,"gold_gain":0.0,"event_name":"The Mausoleum","player_choice":"Ignored","floor":21.0,"gold_loss":0.0,"damage_taken":0.0},{"damage_healed":0.0,"max_hp_gain":0.0,"max_hp_loss":0.0,"gold_gain":0.0,"event_name":"SensoryStone","player_choice":"Memory 1","floor":39.0,"gold_loss":0.0,"damage_taken":0.0},{"cards_removed":["Defend_B"],"damage_healed":0.0,"max_hp_gain":0.0,"max_hp_loss":0.0,"gold_gain":0.0,"event_name":"Designer","player_choice":"Upgrade and Remove","floor":48.0,"gold_loss":110.0,"damage_taken":0.0,"cards_upgraded":["Crystallizer"]}],"is_beta":false,"boss_relics":[{"not_picked":["Honey Jar","testmod-BatchProcessingSystem"],"picked":"Kintsugi"},{"not_picked":["testmod-Prudence","testmod-Fanaticism"],"picked":"aspiration:RandomNobGenerator"}],"items_purged_floors":[24,36],"is_endless":false,"potions_floor_spawned":[6,7,12,18,22,28,35,44,47],"killed_by":"Shield and Spear","ascension_level":20}}