{"host":"3twtdwjpiqhvvn5s","time":1611099553,"event":{"mods":["AchievementEnabler","Act Like it!","Aspiration","BaseMod","BetterRewards","Colored Map","Colored Powertips","Downfall","Duelist Mod","Friendly Minions","GifTheSpireLib","Hallownest","Hermit","Hubris","Infinite Spire","Jorbs\u0027s Wanderer Trilogy","Koishi","KomeijiMod","Marisa????????","Minty Spire (QoL Compilation)","Random Character Mod","Rare Cards Sparkle","Shop Mod","StSLib","Td1madao Mod","The Administrix","The Animator","The Bug Knight","The Caster","The Cursed","The Disciple","The Hierophant","The Necromancer","The Poker Player","The Runesmith","The Servant 0.9.4","TheFirefly"],"gold_per_floor":[114,127,146,160,171,171,171],"floor_reached":6,"language":"ENG","playtime":1086,"items_purged":[],"score":40,"play_id":"1216098c-3584-4d82-bfa5-cc56b40c9c87","local_time":"20210119173913","daily_mods":["Chimera","Flight","Binary"],"is_ascension_mode":false,"campfire_choices":[],"circlet_count":0,"master_deck":["Bash","Survivor","Zap","Eruption","Strike_R","Strike_G","Strike_B","Defend_R","Defend_G","Defend_P","Toxic_Smoke_Screen","Summon_Undead","Cloudkill","Negative_Energy_Shield"],"relics":["Vampire_Amulet"],"acts_visited":["Exordium"],"potions_floor_usage":[3],"damage_taken":[{"damage":2,"enemies":"2 Louse","floor":1,"turns":4},{"damage":4,"enemies":"Cultist","floor":2,"turns":3},{"damage":6,"enemies":"Jaw Worm","floor":3,"turns":3},{"damage":43,"enemies":"Exordium Thugs","floor":4,"turns":10},{"damage":9,"enemies":"3 Louse","floor":5,"turns":5},{"damage":27,"enemies":"Lagavulin","floor":6,"turns":6}],"seed_played":"5992613951653303944","potions_obtained":[{"floor":1,"key":"hexamod:SoulburnPotion"},{"floor":5,"key":"GamblersBrew"}],"is_trial":true,"path_per_floor":["M","M","M","M","M","E"],"character_chosen":"NECROMANCER","items_purchased":[],"campfire_rested":0,"item_purchase_floors":[],"current_hp_per_floor":[75,73,69,30,27,0,0],"gold":171,"neow_bonus":"","is_daily":false,"chose_seed":false,"campfire_upgraded":0,"win_rate":0.0,"timestamp":1611099553,"path_taken":["M","M","M","M","M","E"],"items_purchased_type":[],"build_version":"2020-12-22","purchased_purges":0,"victory":false,"max_hp_per_floor":[75,75,75,75,75,75,75],"card_choices":[{"not_picked":["Finger_Of_Death"],"picked":"Toxic_Smoke_Screen","floor":1},{"not_picked":["Negative_Energy_Sphere"],"picked":"Summon_Undead","floor":2},{"not_picked":["Death_March_Dance","Bones_to_Steel"],"picked":"SKIP","floor":3},{"not_picked":["Stop_Heart"],"picked":"Cloudkill","floor":4},{"not_picked":["Negative_Energy_Sphere"],"picked":"Negative_Energy_Shield","floor":5}],"player_experience":1944330,"relics_obtained":[],"event_choices":[],"is_beta":false,"boss_relics":[],"items_purged_floors":[],"is_endless":false,"potions_floor_spawned":[1,5],"killed_by":"Lagavulin","ascension_level":0}}