{"host":"bpkhhmvsfrvlto2l","time":1611085086,"event":{"mods":["2.2 Compatiblity","AchievementEnabler","Act Like it!","AlwaysNeverKeys","Aspiration","BaseMod","Better Silent Start","Challenge The Spire","Colored Map","Colored Powertips","Custom Start","Energized Spire","Friendly Minions","GifTheSpireLib","Halation","Hubris","Infinite Spire","Ironclad Rager","Mimic Mod","Minty Spire (QoL Compilation)","Permanent Neow","Quick Restart","Random Character Button","Relic Sorter","Replay The Spire","Spikes Relics","StSLib","Stuff the Spire","Swap Starting Deck Mod","Trackpad"],"gold_per_floor":[111,111,111,111,124,124,138,138,138,138,166,166,166,166,166,276,276,302,302,401,418,162,204,204,222,245,245,20,20,20,45,45,146,146,159,159,174,174,195,199,199],"floor_reached":40,"language":"ENG","playtime":881,"items_purged":[],"score":568,"play_id":"ec82d020-7bad-4089-8e04-76e656c42361","local_time":"20210119143806","is_ascension_mode":true,"campfire_choices":[{"data":"Fire Breathing","floor":6.0,"key":"SMITH"},{"data":"Power Through","floor":8.0,"key":"SMITH"},{"data":"Power Through","floor":10.0,"key":"SMITH"},{"data":"Power Through","floor":13.0,"key":"SMITH"},{"data":"Power Through","floor":15.0,"key":"SMITH"},{"data":"Offering","floor":24.0,"key":"SMITH"},{"data":"Wild Strike","floor":27.0,"key":"SMITH"},{"floor":32.0,"key":"REST"}],"circlet_count":0,"master_deck":["Reckless Charge+1","Reckless Charge+1","Reckless Charge","Reckless Charge","Wild Strike+1","Power Through+1","Power Through+1","Power Through+1","Power Through+1","Fire Breathing+1","Injury","Power Through+1","Offering+1","Evolve+1","infinitespire:NeuralNetwork+1"],"relics":["Burning Blood","swapstartingdeckmod:DeadBlossom","Frozen Egg 2","Kunai","halation:IllGainedPizza","trackpad:Coffee","Pen Nib","Molten Egg 2","aspiration:HiddenCompartment","MiniBlackHole","Whetstone","GremlinMask","trackpad:Mousetrap"],"acts_visited":["Exordium","TheCity","TheBeyond"],"potions_floor_usage":[],"damage_taken":[{"damage":0.0,"enemies":"2 Louse","floor":1.0,"turns":2.0},{"damage":0.0,"enemies":"Jaw Worm","floor":5.0,"turns":3.0},{"damage":0.0,"enemies":"Cultist","floor":7.0,"turns":3.0},{"damage":20.0,"enemies":"Lagavulin","floor":11.0,"turns":4.0},{"damage":10.0,"enemies":"Hexaghost","floor":16.0,"turns":9.0},{"damage":18.0,"enemies":"Shell Parasite","floor":18.0,"turns":5.0},{"damage":6.0,"enemies":"Spheric Guardian","floor":21.0,"turns":4.0},{"damage":24.0,"enemies":"Gremlin Leader","floor":23.0,"turns":7.0},{"damage":6.0,"enemies":"Centurion and Healer","floor":25.0,"turns":3.0},{"damage":4.0,"enemies":"Shelled Parasite and Fungi","floor":31.0,"turns":3.0},{"damage":29.0,"enemies":"hubris:MusketHawk","floor":33.0,"turns":6.0},{"damage":6.0,"enemies":"Orb Walker","floor":35.0,"turns":2.0},{"damage":6.0,"enemies":"3 Shapes","floor":37.0,"turns":3.0},{"damage":15,"enemies":"Spire Growth","floor":39,"turns":4},{"damage":63,"enemies":"R_Hoarder","floor":40,"turns":6}],"seed_played":"-981773353160468973","potions_obtained":[{"floor":5.0,"key":"Weak Potion"},{"floor":7.0,"key":"SkillPotion"},{"floor":14.0,"key":"EssenceOfSteel"},{"floor":14.0,"key":"LifebloodPotion"},{"floor":31.0,"key":"SpeedPotion"},{"floor":35.0,"key":"Elixir"}],"is_trial":false,"path_per_floor":["M","$","?","$","M","R","M","R","T","R","E","?","R","?","R","B",null,"M","T","?","M","$","E","R","M","T","R","$","$","?","M","R","B",null,"M","?","M","AVR","M","E"],"character_chosen":"IRONCLAD","items_purchased":["Molten Egg 2","Evolve+1","Whetstone"],"campfire_rested":1,"item_purchase_floors":[22,28,28],"current_hp_per_floor":[80,80,80,80,80,80,80,80,80,80,63,63,63,63,63,56,80,65,65,65,62,62,41,41,38,38,38,38,38,38,37,49,23,63,60,60,57,57,45,0,0],"gold":199,"neow_bonus":"","is_daily":false,"chose_seed":false,"campfire_upgraded":7,"win_rate":0.0,"timestamp":1611085086,"path_taken":["M","$","?","$","M","R","M","R","T","R","E","?","R","?","R","BOSS","M","?","?","M","$","E","R","M","T","R","?","$","?","M","R","BOSS","M","?","M","AVR","M","E"],"items_purchased_type":["Relic","Card","Relic"],"build_version":"2020-12-22","purchased_purges":0,"victory":false,"max_hp_per_floor":[80,80,80,80,80,80,80,80,80,80,80,80,80,80,80,80,80,80,80,80,80,80,80,80,80,80,80,80,80,80,80,80,80,80,80,80,80,80,80,80,80],"card_choices":[{"not_picked":["Feed","Run Through"],"picked":"Power Through","floor":7.0},{"not_picked":["hubris:StunningStrike","Brutality+1"],"picked":"Offering","floor":16.0}],"player_experience":92460,"relics_obtained":[{"floor":9.0,"key":"Kunai"},{"floor":11.0,"key":"halation:IllGainedPizza"},{"floor":19.0,"key":"Pen Nib"},{"floor":23.0,"key":"aspiration:HiddenCompartment"},{"floor":26.0,"key":"MiniBlackHole"}],"event_choices":[{"damage_healed":0.0,"max_hp_gain":0.0,"max_hp_loss":0.0,"gold_gain":0.0,"event_name":"Living Wall","player_choice":"Grow","floor":12.0,"gold_loss":0.0,"damage_taken":0.0,"cards_upgraded":["Power Through"]},{"damage_healed":0.0,"max_hp_gain":0.0,"max_hp_loss":0.0,"gold_gain":0.0,"event_name":"Lab","player_choice":"Got Potions","floor":14.0,"gold_loss":0.0,"damage_taken":0.0},{"damage_healed":0.0,"max_hp_gain":0.0,"max_hp_loss":0.0,"gold_gain":99.0,"event_name":"Nest","player_choice":"Stole From Cult","floor":20.0,"gold_loss":0.0,"damage_taken":0.0},{"damage_healed":0.0,"max_hp_gain":0.0,"max_hp_loss":0.0,"gold_gain":0.0,"event_name":"FaceTrader","player_choice":"Trade","floor":30.0,"gold_loss":0.0,"damage_taken":0.0,"relics_obtained":["GremlinMask"]}],"is_beta":false,"boss_relics":[{"not_picked":["Electric Blood","hubris:Stopwatch"],"picked":"trackpad:Coffee"},{"not_picked":["Honey Jar","energizedSpire:HugeHouse","aspiration:RitualDagger"]}],"items_purged_floors":[],"is_endless":false,"potions_floor_spawned":[5,7,16,18,31,35,37],"killed_by":"R_Hoarder","ascension_level":3}}