{"host":"k5yjj86hwv5qv2gx","time":1611021186,"event":{"mods":["BaseMod","BetterRewards","Downfall","Hermit","Minty Spire (QoL Compilation)","StSLib"],"gold_per_floor":[119,119,44,63,82,107,107,72,72,72,100,100,120,155,155,232,232,252,264,279,279,41,73,73,103,149,167,198,212,242,257,257,333,333,347,21,0,0,11,36,51,79,106,116,150,170,170,189,189,189,189,189,189,50,75,75],"floor_reached":57,"language":"ENG","playtime":3081,"items_purged":["Strike_B"],"score":3709,"play_id":"4b75bb4e-d8f9-43c3-baaf-a9f6decfa7bd","local_time":"20210118175306","is_ascension_mode":true,"campfire_choices":[{"floor":10,"key":"RECALL"},{"floor":12,"key":"REST"},{"data":"Coolheaded","floor":15,"key":"SMITH"},{"floor":24,"key":"REST"},{"floor":32,"key":"REST"},{"floor":47,"key":"REST"},{"floor":49,"key":"REST"},{"floor":53,"key":"REST"}],"circlet_count":0,"master_deck":["AscendersBane","Strike_B","Strike_B","Strike_B","Defend_B+1","Defend_B","Defend_B","Defend_B","Zap","Dualcast","Doom and Gloom","Ball Lightning","Core Surge","Hologram","Cold Snap","Coolheaded+1","Echo Form","Gash","Capacitor","Gash","Hologram+1","Gash","Cold Snap","Defragment","Defragment","Fission+1","Heatsinks+1","Steam+1","Core Surge","Conserve Battery+1","Gash","Recycle+1","Conserve Battery+1","Coolheaded+1","Defragment+1"],"relics":["Cracked Core","Strawberry","HandDrill","Anchor","Unceasing Top","FossilizedHelix","Turnip","Vajra","Pen Nib","Bottled Flame","TungstenRod","Guardian:PocketSentry","Fusion Hammer","Potion Belt","Toxic Egg 2","Guardian:GemstoneGun","Bag of Marbles","Bird Faced Urn","Blue Candle","Black Star","War Paint","Toy Ornithopter","Red Mask","Gremlin Horn","Pear","Pantograph","StoneCalendar","Emotion Chip","Bag of Preparation","Calipers","Regal Pillow","Centennial Puzzle","Blood Vial"],"acts_visited":["Exordium","TheCity","TheBeyond","TheEnding"],"potions_floor_usage":[11,16,16,19,20,20,28,33,42,50,51,55,55,56,56,56,56,56,56],"damage_taken":[{"damage":0.0,"enemies":"2 Louse","floor":1.0,"turns":2.0},{"damage":0.0,"enemies":"Cultist","floor":4.0,"turns":3.0},{"damage":0.0,"enemies":"Small Slimes","floor":5.0,"turns":2.0},{"damage":20.0,"enemies":"Lagavulin","floor":6.0,"turns":5.0},{"damage":15,"enemies":"3 Sentries","floor":11,"turns":5},{"damage":0,"enemies":"Looter","floor":13,"turns":2},{"damage":16,"enemies":"Gremlin Nob","floor":14,"turns":4},{"damage":4,"enemies":"Hexaghost","floor":16,"turns":9},{"damage":0,"enemies":"3 Byrds","floor":18,"turns":3},{"damage":6,"enemies":"Shell Parasite","floor":19,"turns":4},{"damage":5,"enemies":"3 Cultists","floor":20,"turns":3},{"damage":22,"enemies":"Slavers","floor":23,"turns":5},{"damage":0,"enemies":"Gremlin Leader","floor":25,"turns":7},{"damage":6,"enemies":"Snake Plant","floor":27,"turns":3},{"damage":20,"enemies":"Book of Stabbing","floor":28,"turns":5},{"damage":0,"enemies":"Centurion and Healer","floor":29,"turns":7},{"damage":20,"enemies":"Slavers","floor":30,"turns":4},{"damage":0,"enemies":"Snecko","floor":31,"turns":4},{"damage":46,"enemies":"Automaton","floor":33,"turns":8},{"damage":0,"enemies":"Orb Walker","floor":35,"turns":2},{"damage":0,"enemies":"3 Darklings","floor":39,"turns":3},{"damage":37,"enemies":"Nemesis","floor":40,"turns":9},{"damage":0,"enemies":"Sphere and 2 Shapes","floor":41,"turns":3},{"damage":36,"enemies":"Giant Head","floor":42,"turns":8},{"damage":0,"enemies":"4 Shapes","floor":44,"turns":5},{"damage":0,"enemies":"Nemesis","floor":45,"turns":7},{"damage":0,"enemies":"3 Darklings","floor":46,"turns":4},{"damage":0,"enemies":"Writhing Mass","floor":48,"turns":5},{"damage":0,"enemies":"Awakened One","floor":50,"turns":9},{"damage":18,"enemies":"Time Eater","floor":51,"turns":12},{"damage":41,"enemies":"Shield and Spear","floor":55,"turns":9},{"damage":20,"enemies":"The Heart","floor":56,"turns":11}],"seed_played":"-4607722518797965786","potions_obtained":[{"floor":2.0,"key":"SkillPotion"},{"floor":4.0,"key":"Fire Potion"},{"floor":11,"key":"sneckomod:MuddlingPotion"},{"floor":14,"key":"bronze:BurnAndBuffPotion"},{"floor":16,"key":"Regen Potion"},{"floor":18,"key":"AttackPotion"},{"floor":19,"key":"champ:CounterPotion"},{"floor":27,"key":"champ:CounterPotion"},{"floor":29,"key":"DistilledChaos"},{"floor":39,"key":"Fire Potion"},{"floor":40,"key":"Weak Potion"},{"floor":41,"key":"DistilledChaos"},{"floor":44,"key":"EntropicBrew"},{"floor":45,"key":"Strength Potion"}],"is_trial":false,"path_per_floor":["M","?","$","M","M","E","?","?","T","R","E","R","M","E","R","B",null,"M","M","M","?","$","E","R","E","T","M","E","M","E","M","R","B",null,"M","$","?","?","M","E","M","E","T","M","E","M","R","M","R","B","B",null,"R","$","E","B",null],"character_chosen":"DEFECT","items_purchased":["Strawberry","HandDrill","Anchor","FossilizedHelix","Vajra","Pen Nib","Doom and Gloom","ColorlessPotion","Gash","Potion Belt","Hologram","War Paint","Toy Ornithopter","Dexterity Potion","LiquidMemories"],"campfire_rested":6,"item_purchase_floors":[0,0,0,0,0,0,0,0,22,22,22,36,36,54,54],"current_hp_per_floor":[29,29,29,29,29,9,9,28,28,28,13,36,36,20,20,16,63,63,69,64,64,64,42,65,65,65,59,39,39,19,27,50,16,63,65,65,65,65,73,51,59,38,38,46,58,66,88,88,88,88,72,84,88,88,53,87],"gold":75,"neow_bonus":"","is_daily":false,"chose_seed":false,"campfire_upgraded":1,"win_rate":0.0,"timestamp":1611021186,"path_taken":["M","?","?","M","M","E","?","?","T","R","E","R","M","E","R","BOSS","M","M","M","?","$","E","R","E","T","M","E","M","E","M","R","BOSS","M","$","?","?","M","E","M","E","T","M","E","?","R","M","R","BOSS","BOSS","R","$","E","BOSS"],"items_purchased_type":["Relic","Relic","Relic","Relic","Relic","Relic","Card","Potion","Card","Relic","Card","Relic","Relic","Potion","Potion"],"build_version":"2020-12-22","purchased_purges":1,"victory":true,"max_hp_per_floor":[78,78,78,78,78,78,78,78,78,78,78,78,78,78,78,78,78,78,78,78,78,78,78,78,78,78,78,78,78,78,78,78,78,78,78,78,78,78,78,88,88,88,88,88,88,88,88,88,88,88,88,88,88,88,88,88],"card_choices":[{"not_picked":["Beam Cell","Storm"],"picked":"Ball Lightning","floor":1.0},{"not_picked":["Sweeping Beam","Streamline","Beam Cell"],"picked":"SKIP","floor":4.0},{"not_picked":["Darkness","Streamline","Rebound"],"picked":"SKIP","floor":5.0},{"not_picked":["Force Field","Chill"],"picked":"Core Surge","floor":6.0},{"not_picked":["Double Energy","Force Field"],"picked":"Hologram","floor":11},{"not_picked":["White Noise","Hello World"],"picked":"Cold Snap","floor":13},{"not_picked":["Ball Lightning","Stack"],"picked":"Coolheaded","floor":14},{"not_picked":["All For One","Creative AI"],"picked":"Echo Form","floor":16},{"not_picked":["Steam","Force Field"],"picked":"Gash","floor":18},{"not_picked":["Redo+1","Sunder","Go for the Eyes"],"picked":"SKIP","floor":19},{"not_picked":["Barrage","Glacier"],"picked":"Capacitor","floor":20},{"not_picked":["Coolheaded+1","Cold Snap"],"picked":"Gash","floor":23},{"not_picked":["Hello World","FTL"],"picked":"Multi-Cast+1","floor":25},{"not_picked":["Go for the Eyes","Sweeping Beam"],"picked":"Cold Snap","floor":27},{"not_picked":["Redo+1","Auto Shields+1","Rip and Tear+1"],"picked":"SKIP","floor":28},{"not_picked":["Sweeping Beam","Barrage","Streamline"],"picked":"SKIP","floor":29},{"not_picked":["Heatsinks","Sweeping Beam"],"picked":"Defragment","floor":30},{"not_picked":["Barrage","Stack+1"],"picked":"Defragment","floor":31},{"not_picked":["Rainbow+1","Amplify+1"],"picked":"Fission+1","floor":33},{"not_picked":["Ball Lightning","Reprogram+1"],"picked":"Heatsinks+1","floor":35},{"not_picked":["Sweeping Beam","Darkness+1"],"picked":"Steam+1","floor":39},{"not_picked":["Double Energy+1","Reboot+1"],"picked":"Core Surge","floor":40},{"not_picked":["Compile Driver","Recycle+1"],"picked":"Conserve Battery+1","floor":41},{"not_picked":["Consume+1","Streamline"],"picked":"Gash","floor":42},{"not_picked":["Compile Driver","Reinforced Body+1"],"picked":"Recycle+1","floor":44},{"not_picked":["Hologram+1","Coolheaded+1"],"picked":"Conserve Battery+1","floor":45},{"not_picked":["Steam+1","Streamline+1"],"picked":"Coolheaded+1","floor":46},{"not_picked":["Streamline","Barrage+1","Ball Lightning"],"picked":"SKIP","floor":48},{"not_picked":["Thunder Strike","Sweeping Beam"],"picked":"Defragment+1","floor":55}],"player_experience":1281157,"relics_obtained":[{"floor":6.0,"key":"Bottled Flame"},{"floor":11,"key":"TungstenRod"},{"floor":14,"key":"Guardian:PocketSentry"},{"floor":23,"key":"Toxic Egg 2"},{"floor":25,"key":"Guardian:GemstoneGun"},{"floor":26,"key":"Bag of Marbles"},{"floor":28,"key":"Bird Faced Urn"},{"floor":30,"key":"Blue Candle"},{"floor":40,"key":"Pear"},{"floor":40,"key":"Pantograph"},{"floor":42,"key":"StoneCalendar"},{"floor":42,"key":"Emotion Chip"},{"floor":43,"key":"Bag of Preparation"},{"floor":45,"key":"Calipers"},{"floor":45,"key":"Regal Pillow"},{"floor":55,"key":"Centennial Puzzle"},{"floor":55,"key":"Blood Vial"}],"event_choices":[{"damage_healed":0.0,"max_hp_gain":0.0,"max_hp_loss":0.0,"gold_gain":0.0,"event_name":"Lab","player_choice":"Got Potions","floor":2.0,"gold_loss":0.0,"damage_taken":0.0},{"damage_healed":0,"gold_gain":0,"player_choice":"Searched \u00270\u0027 times","damage_taken":0,"max_hp_gain":0,"max_hp_loss":0,"event_name":"Dead Adventurer","floor":7,"gold_loss":0},{"damage_healed":19,"gold_gain":0,"player_choice":"Healed","damage_taken":0,"max_hp_gain":0,"max_hp_loss":0,"event_name":"The Cleric","floor":8,"gold_loss":35},{"damage_healed":0,"gold_gain":0,"player_choice":"Paid","damage_taken":0,"relics_obtained":["Red Mask"],"max_hp_gain":0,"max_hp_loss":0,"event_name":"Tomb of Lord Red Mask","floor":37,"gold_loss":21},{"cards_removed":["Multi-Cast"],"damage_healed":0,"gold_gain":0,"player_choice":"Gave Card","damage_taken":0,"relics_obtained":["Gremlin Horn"],"max_hp_gain":0,"max_hp_loss":0,"event_name":"WeMeetAgain","floor":38,"gold_loss":0}],"is_beta":false,"boss_relics":[{"not_picked":["Snecko Eye","Coffee Dripper"],"picked":"Fusion Hammer"},{"not_picked":["Sozu","SlaversCollar"],"picked":"Black Star"}],"items_purged_floors":[3],"is_endless":false,"potions_floor_spawned":[4,11,14,16,18,19,27,29,39,40,41,44,45],"ascension_level":20}}