{"host":"oyq9h5a7rmsgs855","time":1611018113,"event":{"mods":["2.2 Compatiblity","Act Like it!","Aspiration","BaseMod","Block Reminder","Challenge The Spire","Conspire","Energized Spire","Glutton Mod","Hermit","Hubris","Infinite Spire","Jorbs\u0027s Wanderer Trilogy","Marisa????????","Minty Spire (QoL Compilation)","Replay The Spire","SIMod","Shop Mod","StSLib","The Cursed","The Disciple","The Hierophant","The Jungle","The Runesmith"],"gold_per_floor":[114,114,139,182,213,237,237],"floor_reached":6,"language":"ENG","playtime":358,"items_purged":[],"score":43,"play_id":"025d36bb-2967-41ef-ada0-7b85ce0e84e4","local_time":"20210118170153","is_ascension_mode":true,"campfire_choices":[],"circlet_count":0,"master_deck":["Strike_MRS","Strike_MRS","Strike_MRS","Defend_MRS","Defend_MRS","Defend_MRS","Defend_MRS","MasterSpark","UpSweep","EscapeVelocity","Robbery","SuperPerseids","DoubleSpark","ChargeUpSpray"],"relics":["MiniHakkero","Blue Candle"],"acts_visited":["Exordium"],"potions_floor_usage":[],"damage_taken":[{"damage":1,"enemies":"Cultist","floor":1,"turns":3},{"damage":6,"enemies":"Small Slimes","floor":3,"turns":3},{"damage":31,"enemies":"conspire:MimicChest","floor":4,"turns":7},{"damage":7,"enemies":"Jaw Worm","floor":5,"turns":4},{"damage":30,"enemies":"3 Sentries","floor":6,"turns":4}],"seed_played":"8189666967051152180","potions_obtained":[{"floor":3,"key":"Venom Potion"}],"is_trial":false,"path_per_floor":["M","?","M","?","M","E"],"character_chosen":"MARISA","items_purchased":[],"campfire_rested":0,"item_purchase_floors":[],"current_hp_per_floor":[74,67,61,30,23,0,0],"gold":237,"neow_bonus":"ONE_RANDOM_RARE_CARD","is_daily":false,"chose_seed":false,"campfire_upgraded":0,"win_rate":0.0,"timestamp":1611018113,"path_taken":["M","?","M","?","M","E"],"items_purchased_type":[],"build_version":"2020-12-22","purchased_purges":0,"victory":false,"max_hp_per_floor":[75,75,75,75,75,75,75],"card_choices":[{"not_picked":["BlazeAway","Acceleration"],"picked":"Robbery","floor":1},{"not_picked":["DragonMeteor","OortCloud"],"picked":"SuperPerseids","floor":3},{"not_picked":["LuminesStrike","UnstableBomb"],"picked":"DoubleSpark","floor":4},{"not_picked":["EnergyRecoil","PropBag"],"picked":"ChargeUpSpray","floor":5}],"player_experience":313699,"relics_obtained":[{"floor":4,"key":"Blue Candle"}],"event_choices":[{"cards_removed":["Strike_MRS"],"damage_healed":0,"gold_gain":0,"player_choice":"Card Removal","damage_taken":7,"max_hp_gain":0,"max_hp_loss":0,"event_name":"Golden Wing","floor":2,"gold_loss":0}],"is_beta":false,"boss_relics":[],"items_purged_floors":[],"is_endless":false,"potions_floor_spawned":[3],"killed_by":"3 Sentries","ascension_level":4}}