{"host":"bm1qfstn98p1odmu","time":1611094797,"event":{"mods":["AchievementEnabler","BaseMod","Bestiary","Block Reminder","Colored Map","Colored Powertips","DeckTracker","Highlight Path","Minty Spire (QoL Compilation)","Relic Stats","Replay The Spire","StSLib"],"gold_per_floor":[109,26,26,51,51,51,66,79,132,132,152,77,93,113,113,113,113],"floor_reached":16,"language":"ENG","playtime":2100,"items_purged":["Strike_B"],"score":94,"play_id":"2b572855-6c45-4046-a62a-90981d6b6070","local_time":"20210120001957","is_ascension_mode":false,"campfire_choices":[{"data":"Zap","floor":6,"key":"SMITH"},{"data":"Dualcast","floor":10,"key":"SMITH"},{"data":"Bandage Up","floor":15,"key":"SMITH"}],"circlet_count":0,"master_deck":["Strike_B","Strike_B","Strike_B","Defend_B","Defend_B","Defend_B","Defend_B","Zap+1","Dualcast+1","Bandage Up+1","Gash","Beam Cell","BootSequence"],"relics":["Cracked Core","Golden Idol","Replay:Rubber Ducky"],"acts_visited":["Exordium"],"potions_floor_usage":[16,16,16],"damage_taken":[{"damage":1,"enemies":"Cultist","floor":1,"turns":3},{"damage":10,"enemies":"Small Slimes","floor":4,"turns":2},{"damage":0,"enemies":"2 Louse","floor":7,"turns":2},{"damage":20,"enemies":"Exordium Wildlife","floor":8,"turns":4},{"damage":4,"enemies":"Blue Slaver","floor":11,"turns":3},{"damage":8,"enemies":"Red Slaver","floor":13,"turns":2},{"damage":1,"enemies":"3 Louse","floor":14,"turns":4},{"damage":55,"enemies":"Hexaghost","floor":16,"turns":10}],"seed_played":"-3584055708028504196","potions_obtained":[{"floor":4,"key":"FearPotion"},{"floor":11,"key":"FocusPotion"},{"floor":13,"key":"Elixir"}],"is_trial":false,"path_per_floor":["M","$","?","M","?","R","M","M","T","R","M","$","M","M","R","B"],"character_chosen":"DEFECT","items_purchased":["Bandage Up"],"campfire_rested":0,"item_purchase_floors":[2],"current_hp_per_floor":[81,81,76,66,66,66,66,50,50,50,50,50,46,49,49,0,0],"gold":113,"neow_bonus":"TEN_PERCENT_HP_BONUS","is_daily":false,"chose_seed":false,"campfire_upgraded":3,"win_rate":0.0,"timestamp":1611094797,"path_taken":["M","?","?","M","?","R","?","M","T","R","M","$","M","M","R","BOSS"],"items_purchased_type":["Card"],"build_version":"2020-12-22","purchased_purges":1,"victory":false,"max_hp_per_floor":[82,82,76,76,76,76,76,76,76,76,76,76,76,76,76,76,76],"relic_stats":{"counters":[8,30],"Golden Idol":22,"obtain_stats":[{"Golden Idol":3,"Cracked Core":0,"Replay:Rubber Ducky":9},{"Golden Idol":1,"Cracked Core":0,"Replay:Rubber Ducky":4},{"Golden Idol":3,"Cracked Core":0,"Replay:Rubber Ducky":11}]},"card_choices":[{"not_picked":["Turbo","Hologram","Go for the Eyes"],"picked":"SKIP","floor":1},{"not_picked":["Compile Driver","Turbo"],"picked":"Gash","floor":4},{"not_picked":["Leap","ReplayGash","BasicCrystalCard"],"picked":"SKIP","floor":7},{"not_picked":["Turbo","Leap","Stack"],"picked":"SKIP","floor":8},{"not_picked":["Doom and Gloom","Electrodynamics"],"picked":"Beam Cell","floor":11},{"not_picked":["Hologram","Ball Lightning","Barrage"],"picked":"SKIP","floor":13},{"not_picked":["Lockon","Beam Cell"],"picked":"BootSequence","floor":14}],"player_experience":61753,"relics_obtained":[{"floor":9,"key":"Replay:Rubber Ducky"}],"event_choices":[{"damage_healed":0,"gold_gain":0,"player_choice":"Lose Max HP","damage_taken":0,"relics_obtained":["Golden Idol"],"max_hp_gain":0,"max_hp_loss":6,"event_name":"Golden Idol","floor":3,"gold_loss":0},{"damage_healed":0,"gold_gain":0,"player_choice":"Ignored","damage_taken":0,"max_hp_gain":0,"max_hp_loss":0,"event_name":"Shining Light","floor":5,"gold_loss":0}],"is_beta":false,"boss_relics":[],"items_purged_floors":[12],"is_endless":false,"potions_floor_spawned":[4,11,13],"killed_by":"Hexaghost","ascension_level":0}}