{"host":"2t0ddmgeopc3yqug","time":1611032806,"event":{"mods":["AchievementEnabler","BaseMod","BetterRewards","Colored Map","Colored Powertips","Hermit","Marisa£¨Ùöéë¡¡Øª×âÞÞ£©","Minty Spire (QoL Compilation)","Rare Cards Sparkle","Shop Mod","StSLib","SuperFastMode","The Cursed","The Poker Player","everything is the same but u backflip on backflip"],"gold_per_floor":[109,109,9,23,33,33,63,78,78,97,124,124,86,113,113,212,262,272,286,286,286,46,81,91,91,91,191,191,217,227,553,553,655,655,668,688,704,704,54,54,54,54,54,105,136,136,186,197,197,197],"floor_reached":51,"language":"KOR","playtime":4539,"items_purged":["hermit:Defend_Hermit","hermit:Defend_Hermit","hermit:Strike_Hermit"],"score":862,"play_id":"9d551205-cff9-4171-99ce-f02d8c9f65b6","local_time":"20210119140646","is_ascension_mode":true,"campfire_choices":[{"floor":6.0,"key":"REST"},{"floor":12.0,"key":"REST"},{"floor":15.0,"key":"REST"},{"floor":25.0,"key":"REST"},{"floor":28.0,"key":"REST"},{"floor":32.0,"key":"REST"},{"floor":40,"key":"REST"},{"floor":42,"key":"REST"},{"floor":46,"key":"REST"},{"floor":49,"key":"REST"}],"circlet_count":0,"master_deck":["hermit:Strike_Hermit+1","hermit:Strike_Hermit","hermit:Defend_Hermit","hermit:Defend_Hermit","hermit:Snapshot+1","hermit:Covet","hermit:Enervate","hermit:CursedWeapon","hermit:Quickdraw","hermit:Midnight","hermit:Deadeye","hermit:TakeAim","hermit:EternalForm","hermit:ShadowCloak","hermit:Headshot+1","hermit:Deadeye","hermit:CursedWeapon","hermit:Gestalt+1","hermit:BigShot","hermit:OverwhelmingPower","hermit:Cheat","hermit:Determination","hermit:TakeAim","hermit:Determination","hermit:Combo","hermit:CalledShot+1","hermit:CalledShot"],"relics":["hermit:Momento","StoneCalendar","TheAbacus","FossilizedHelix","Question Card","The Courier","Mummified Hand","WingedGreaves","Tiny House","Nilry\u0027s Codex","Lee\u0027s Waffle","Toy Ornithopter","Nunchaku","Lantern","Bird Faced Urn","Mercury Hourglass","hermit:Spyglass","Old Coin","Runic Pyramid","DollysMirror","Juzu Bracelet","Sundial","Letter Opener","Incense Burner","Bag of Preparation","Lizard Tail"],"acts_visited":["Exordium","TheCity","TheBeyond"],"potions_floor_usage":[47,50,50,50],"damage_taken":[{"damage":0.0,"enemies":"Small Slimes","floor":1.0,"turns":3.0},{"damage":0.0,"enemies":"Cultist","floor":4.0,"turns":2.0},{"damage":0.0,"enemies":"Jaw Worm","floor":5.0,"turns":2.0},{"damage":19.0,"enemies":"Lagavulin","floor":7.0,"turns":4.0},{"damage":2.0,"enemies":"3 Louse","floor":8.0,"turns":2.0},{"damage":4.0,"enemies":"Exordium Thugs","floor":10.0,"turns":3.0},{"damage":16.0,"enemies":"3 Sentries","floor":11.0,"turns":5.0},{"damage":0.0,"enemies":"Gremlin Nob","floor":14.0,"turns":2.0},{"damage":55.0,"enemies":"Hexaghost","floor":16.0,"turns":7.0},{"damage":8.0,"enemies":"Chosen","floor":18.0,"turns":3.0},{"damage":17.0,"enemies":"2 Thieves","floor":19.0,"turns":4.0},{"damage":32.0,"enemies":"Book of Stabbing","floor":23.0,"turns":4.0},{"damage":13.0,"enemies":"Chosen and Byrds","floor":24.0,"turns":4.0},{"damage":2.0,"enemies":"Colosseum Slavers","floor":27.0,"turns":2.0},{"damage":22.0,"enemies":"Colosseum Nobs","floor":27.0,"turns":4.0},{"damage":3.0,"enemies":"Gremlin Leader","floor":29.0,"turns":5.0},{"damage":7.0,"enemies":"Cultist and Chosen","floor":30.0,"turns":4.0},{"damage":38.0,"enemies":"Slavers","floor":31.0,"turns":5.0},{"damage":32.0,"enemies":"Collector","floor":33.0,"turns":7.0},{"damage":11.0,"enemies":"Orb Walker","floor":35.0,"turns":2.0},{"damage":25.0,"enemies":"3 Darklings","floor":36.0,"turns":3.0},{"damage":44.0,"enemies":"4 Shapes","floor":37.0,"turns":4.0},{"damage":51,"enemies":"2 Orb Walkers","floor":44,"turns":3},{"damage":19,"enemies":"Giant Head","floor":45,"turns":6},{"damage":38,"enemies":"Mind Bloom Boss Battle","floor":47,"turns":3},{"damage":12,"enemies":"Transient","floor":48,"turns":5},{"damage":156,"enemies":"Awakened One","floor":50,"turns":7}],"seed_played":"1551307375680159708","potions_obtained":[{"floor":5.0,"key":"DistilledChaos"},{"floor":10.0,"key":"LiquidMemories"},{"floor":11.0,"key":"AttackPotion"},{"floor":14.0,"key":"FairyPotion"},{"floor":17.0,"key":"SpeedPotion"},{"floor":19.0,"key":"BlessingOfTheForge"},{"floor":21.0,"key":"Strength Potion"},{"floor":21.0,"key":"AttackPotion"},{"floor":23.0,"key":"Ancient Potion"},{"floor":27.0,"key":"hermit:Tonic"},{"floor":36.0,"key":"EntropicBrew"},{"floor":44,"key":"hermit:Tonic"},{"floor":47,"key":"Fruit Juice"},{"floor":48,"key":"Block Potion"}],"is_trial":false,"path_per_floor":["M","?","$","M","M","R","E","M","T","M","E","R","?","E","R","B",null,"M","M","?","?","$","E","M","R","T","?","R","E","M","E","R","B",null,"M","M","M","?","$","R","$","R","T","?","E","R","?","M","R","B",null],"character_chosen":"HERMIT","items_purchased":["StoneCalendar","TheAbacus","Lee\u0027s Waffle","Toy Ornithopter","DollysMirror","hermit:Determination","hermit:Combo","Juzu Bracelet","Sundial"],"campfire_rested":10,"item_purchase_floors":[0,0,22,22,39,39,39,39,39],"current_hp_per_floor":[51,51,51,51,51,73,54,52,52,48,32,54,54,54,75,20,80,72,55,39,39,87,60,47,73,73,54,80,85,84,52,78,66,87,78,59,29,29,29,55,55,81,81,42,47,73,59,67,92,7],"gold":197,"neow_bonus":"","is_daily":false,"chose_seed":false,"campfire_upgraded":0,"win_rate":0.0,"timestamp":1611032806,"path_taken":["M","?","?","M","M","R","E","M","T","M","E","R","?","E","R","BOSS","M","M","?","?","$","E","?","R","T","?","R","E","M","E","R","BOSS","M","M","M","?","$","R","?","R","T","?","E","R","?","M","R","BOSS"],"items_purchased_type":["Relic","Relic","Relic","Relic","Relic","Card","Card","Relic","Relic"],"build_version":"2020-12-22","purchased_purges":3,"victory":true,"max_hp_per_floor":[75,75,75,75,75,75,75,75,75,75,75,75,75,75,75,75,80,80,80,80,80,87,87,87,87,87,87,87,87,87,87,87,87,87,87,87,87,87,87,87,87,87,87,87,87,87,92,92,92,92],"card_choices":[{"not_picked":["hermit:Manifest","hermit:Shortfuse","hermit:Feint"],"picked":"SKIP","floor":1.0},{"not_picked":["hermit:Vantage","hermit:Manifest"],"picked":"hermit:Enervate","floor":4.0},{"not_picked":["hermit:Snipe","hermit:Magnum"],"picked":"hermit:CursedWeapon","floor":5.0},{"not_picked":["hermit:Shortfuse","hermit:Gestalt"],"picked":"hermit:Quickdraw","floor":7.0},{"not_picked":["hermit:Dive","hermit:LowProfile","hermit:Spite","hermit:Scavenge"],"picked":"SKIP","floor":8.0},{"not_picked":["hermit:Dive","hermit:GhostlyPresence","hermit:FromBeyond"],"picked":"hermit:Midnight","floor":10.0},{"not_picked":["hermit:HighCaliber","hermit:Maintenance","hermit:Malice"],"picked":"hermit:Deadeye","floor":11.0},{"not_picked":["hermit:Snipe","hermit:HoleUp","hermit:Brawl"],"picked":"hermit:TakeAim","floor":14.0},{"not_picked":["hermit:Roughhouse","hermit:HighNoon","hermit:Reprieve"],"picked":"hermit:EternalForm","floor":16.0},{"not_picked":["hermit:Feint","hermit:LoneWolf","hermit:Spite"],"picked":"hermit:ShadowCloak","floor":18.0},{"not_picked":["hermit:Enervate","hermit:Feint","hermit:Misfire+1"],"picked":"hermit:Headshot+1","floor":19.0},{"not_picked":["hermit:BigShot","hermit:PistolWhip","hermit:Purgatory"],"picked":"hermit:Deadeye","floor":23.0},{"not_picked":["hermit:SprayPray","hermit:Coalescence+1","hermit:LowProfile","hermit:Quickdraw"],"picked":"SKIP","floor":24.0},{"not_picked":["hermit:FlashPowder","hermit:TakeCover","hermit:PistolWhip"],"picked":"hermit:CursedWeapon","floor":27.0},{"not_picked":["hermit:Dive","hermit:WideOpen+1","hermit:Snipe","hermit:Coalescence+1"],"picked":"SKIP","floor":29.0},{"not_picked":["hermit:Feint","hermit:ItchyTrigger","hermit:TrackingShot"],"picked":"hermit:Gestalt+1","floor":30.0},{"not_picked":["hermit:LowProfile","hermit:Spite","hermit:LoneWolf"],"picked":"hermit:BigShot","floor":31.0},{"not_picked":["hermit:FinalCanter","hermit:HighNoon","hermit:BlackWind"],"picked":"hermit:OverwhelmingPower","floor":33.0},{"not_picked":["hermit:LowProfile","hermit:TrackingShot","hermit:Quickdraw","hermit:ItchyTrigger+1"],"picked":"SKIP","floor":35.0},{"not_picked":["hermit:WideOpen+1","hermit:SprayPray+1","hermit:LowProfile"],"picked":"hermit:Cheat","floor":36.0},{"not_picked":["hermit:Vantage","hermit:Feint","hermit:Glare"],"picked":"hermit:Determination","floor":37},{"not_picked":["hermit:Snipe","hermit:EternalForm","hermit:Determination+1"],"picked":"hermit:CalledShot+1","floor":45},{"not_picked":["hermit:FlashPowder","hermit:PistolWhip+1","hermit:Spite+1"],"picked":"hermit:CalledShot","floor":48}],"player_experience":96208,"relics_obtained":[{"floor":7.0,"key":"Question Card"},{"floor":9.0,"key":"The Courier"},{"floor":11.0,"key":"Mummified Hand"},{"floor":14.0,"key":"WingedGreaves"},{"floor":20.0,"key":"Nilry\u0027s Codex"},{"floor":23.0,"key":"Nunchaku"},{"floor":26.0,"key":"Lantern"},{"floor":27.0,"key":"Bird Faced Urn"},{"floor":27.0,"key":"Mercury Hourglass"},{"floor":29.0,"key":"hermit:Spyglass"},{"floor":31.0,"key":"Old Coin"},{"floor":43,"key":"Letter Opener"},{"floor":44,"key":"Incense Burner"},{"floor":45,"key":"Bag of Preparation"},{"floor":47,"key":"Lizard Tail"}],"event_choices":[{"damage_healed":0.0,"max_hp_gain":0.0,"max_hp_loss":0.0,"gold_gain":0.0,"event_name":"Upgrade Shrine","player_choice":"Upgraded","floor":2.0,"gold_loss":0.0,"damage_taken":0.0,"cards_upgraded":["hermit:Snapshot"]},{"damage_healed":0.0,"max_hp_gain":0.0,"max_hp_loss":0.0,"gold_gain":0.0,"event_name":"World of Goop","player_choice":"Left Gold","floor":13.0,"gold_loss":38.0,"damage_taken":0.0},{"damage_healed":0.0,"max_hp_gain":0.0,"max_hp_loss":0.0,"gold_gain":0.0,"event_name":"Cursed Tome","player_choice":"Obtained Book","floor":20.0,"gold_loss":0.0,"damage_taken":16.0},{"damage_healed":0.0,"max_hp_gain":0.0,"max_hp_loss":0.0,"gold_gain":0.0,"event_name":"Lab","player_choice":"Got Potions","floor":21.0,"gold_loss":0.0,"damage_taken":0.0},{"damage_healed":0.0,"max_hp_gain":0.0,"max_hp_loss":0.0,"gold_gain":0.0,"event_name":"Colosseum","player_choice":"Fight","floor":27.0,"gold_loss":0.0,"damage_taken":0.0},{"damage_healed":0.0,"max_hp_gain":0.0,"max_hp_loss":0.0,"gold_gain":0.0,"event_name":"Colosseum","player_choice":"Fought Nobs","floor":27.0,"gold_loss":0.0,"damage_taken":0.0},{"cards_removed":["hermit:Strike_Hermit"],"damage_healed":0,"gold_gain":0,"player_choice":"Card Removal","damage_taken":0,"max_hp_gain":0,"max_hp_loss":0,"event_name":"Wheel of Change","floor":38,"gold_loss":0},{"damage_healed":0,"gold_gain":0,"player_choice":"Fight","damage_taken":0,"max_hp_gain":0,"max_hp_loss":0,"event_name":"Mysterious Sphere","floor":44,"gold_loss":0},{"damage_healed":0,"gold_gain":0,"player_choice":"Fight","damage_taken":0,"max_hp_gain":0,"max_hp_loss":0,"event_name":"MindBloom","floor":47,"gold_loss":0}],"is_beta":false,"boss_relics":[{"not_picked":["Velvet Choker","Snecko Eye"],"picked":"Tiny House"},{"not_picked":["Philosopher\u0027s Stone","Astrolabe"],"picked":"Runic Pyramid"}],"items_purged_floors":[0,3,39],"is_endless":false,"potions_floor_spawned":[5,10,11,14,19,23,27,27,36,44,47,48],"ascension_level":1}}