{"host":"8d3fefv2347kqkpz","time":1611061496,"event":{"mods":["100% Spire Juice","AchievementEnabler","Act Like it!","Aspiration","BaseMod","Better Vampires","Colored Map","Colored Powertips","Conspire","Gensokyo","GifTheSpireLib","Highlight Path","KomeijiMod","Mimic Mod","Minty Spire (QoL Compilation)","Pale of the Ancients","Quick Restart","Rare Cards Sparkle","Reimu£¨²©ÀöÁéÃÎ£©","Relic Stats","Remilia_Scarlet Moed£¨ÀÙÃ×ÀòÑÇ¡¤Ë¹¿¨À×ÌØ£©3.3.5","Remilia£¨ÀÙÃ×ÀòÑÇ£©","Replay The Spire","RumiaBox-Â¶Ã×æ«µÄÉñÃØºÐ×Ó","Spicy Shops","StSLib","The Animator","The Gatherer","The Jungle","The Servant 0.9.4","Waifu the Spire","Youmu£¨»êÆÇÑýÃÎ£©","vexMod"],"gold_per_floor":[110,185,110,127,146,174,174,189,189,189,199,28,41,53,53,53,53],"floor_reached":16,"language":"ZHS","playtime":357,"items_purged":["Defend_R","Defend_R"],"score":104,"play_id":"5da9ba8f-dba5-4160-bd0b-fe4ca7378397","local_time":"20210119210456","is_ascension_mode":false,"campfire_choices":[{"floor":7,"key":"REST"},{"data":"Demon Form","floor":10,"key":"SMITH"},{"data":"Rampage","floor":15,"key":"SMITH"}],"circlet_count":0,"master_deck":["Strike_R","Strike_R","Strike_R","Strike_R","Strike_R","Defend_R","Defend_R","Bash","Perfected Strike","Demon Form+1","Rampage+1","Rampage"],"relics":["Burning Blood","Replay:Ringing Soul"],"acts_visited":["Exordium"],"potions_floor_usage":[16],"damage_taken":[{"damage":1,"enemies":"Jaw Worm","floor":1,"turns":5},{"damage":0,"enemies":"Cultist","floor":4,"turns":2},{"damage":12,"enemies":"Small Slimes","floor":5,"turns":3},{"damage":34,"enemies":"Gremlin Nob","floor":6,"turns":5},{"damage":12,"enemies":"3 Louse","floor":8,"turns":3},{"damage":10,"enemies":"Looter","floor":11,"turns":3},{"damage":21,"enemies":"Red Slaver","floor":13,"turns":3},{"damage":1,"enemies":"2 Fungi Beasts","floor":14,"turns":3},{"damage":64,"enemies":"Hexaghost","floor":16,"turns":7}],"seed_played":"8945572243275077814","potions_obtained":[{"floor":4,"key":"Swift Potion"},{"floor":5,"key":"SkillPotion"},{"floor":11,"key":"Milkshake"}],"is_trial":false,"path_per_floor":["M","?","$","M","M","E","R","M","T","R","M","$","M","M","R","B"],"character_chosen":"IRONCLAD","items_purchased":["Rampage"],"campfire_rested":1,"item_purchase_floors":[12],"current_hp_per_floor":[88,80,80,86,80,52,78,72,72,72,71,74,59,64,64,0,0],"gold":53,"neow_bonus":"TEN_PERCENT_HP_BONUS","is_daily":false,"chose_seed":false,"campfire_upgraded":2,"win_rate":0.0,"timestamp":1611061496,"path_taken":["M","?","$","?","M","E","R","?","T","R","M","$","M","M","R","BOSS"],"items_purchased_type":["Card"],"build_version":"2020-12-22","purchased_purges":2,"victory":false,"max_hp_per_floor":[88,88,88,88,88,88,88,88,88,88,91,94,94,94,94,94,94],"relic_stats":{"counters":[9,34],"obtain_stats":[{"Replay:Ringing Soul":6,"Burning Blood":0},{"Replay:Ringing Soul":4,"Burning Blood":0},{"Replay:Ringing Soul":15,"Burning Blood":0}],"Burning Blood":43},"card_choices":[{"not_picked":["Run Through","Clash"],"picked":"Perfected Strike","floor":1},{"not_picked":["Iron Wave","Rage"],"picked":"Demon Form","floor":4},{"not_picked":["Thunderclap","Bloodletting","ReplayTheSpireMod:Strike From Hell"],"picked":"SKIP","floor":5},{"not_picked":["Clash","Body Slam","Iron Wave"],"picked":"SKIP","floor":6},{"not_picked":["Abandon","Uppercut","Warcry"],"picked":"SKIP","floor":8},{"not_picked":["Power Through","Flex"],"picked":"Rampage","floor":11},{"not_picked":["Bludgeon","Rupture","Thunderclap"],"picked":"SKIP","floor":13},{"not_picked":["Anger","Seeing Red","Havoc"],"picked":"SKIP","floor":14}],"player_experience":149671,"relics_obtained":[{"floor":6,"key":"Replay:Ringing Soul"}],"event_choices":[{"damage_healed":0,"gold_gain":75,"player_choice":"Touch","damage_taken":8,"max_hp_gain":0,"max_hp_loss":0,"event_name":"FaceTrader","floor":2,"gold_loss":0}],"is_beta":false,"boss_relics":[],"items_purged_floors":[3,12],"is_endless":false,"potions_floor_spawned":[4,5,11],"killed_by":"Hexaghost","ascension_level":0}}