{"host":"axuns55dzq466eei","time":1611063549,"event":{"mods":["BaseMod","Colored Map","Keyboard Shortcuts","Minty Spire (QoL Compilation)","StSLib","SuperFastMode"],"gold_per_floor":[111,127,127,127,146,146,71,71,122,138,156,16,26,42,42,116,166,177,227,142,92,106,106,106,106],"floor_reached":24,"language":"KOR","playtime":506,"items_purged":["Strike_B","Strike_B"],"score":476,"play_id":"e8f3193d-7986-4a4d-a7c1-4a37fbf5ab82","local_time":"20210119223909","is_ascension_mode":true,"campfire_choices":[{"data":"Zap","floor":6,"key":"SMITH"},{"floor":15,"key":"REST"},{"floor":23,"key":"REST"}],"circlet_count":0,"master_deck":["AscendersBane","Defend_B","Defend_B","Defend_B","Zap+1","Dualcast","Coolheaded+1","Barrage","Rip and Tear","Reboot","Ball Lightning","FTL","Capacitor","Ball Lightning","Biased Cognition","Self Repair","Conserve Battery"],"relics":["Cracked Core","Smiling Mask","Tiny House","Shuriken"],"acts_visited":["Exordium","TheCity"],"potions_floor_usage":[10,14,16,16,22],"damage_taken":[{"damage":11,"enemies":"Small Slimes","floor":1,"turns":3},{"damage":4,"enemies":"Jaw Worm","floor":2,"turns":4},{"damage":8,"enemies":"2 Louse","floor":5,"turns":2},{"damage":15,"enemies":"Exordium Thugs","floor":10,"turns":4},{"damage":11,"enemies":"Looter","floor":11,"turns":2},{"damage":0,"enemies":"2 Fungi Beasts","floor":13,"turns":2},{"damage":11,"enemies":"Lots of Slimes","floor":14,"turns":3},{"damage":0,"enemies":"Slime Boss","floor":16,"turns":5},{"damage":33,"enemies":"Shell Parasite","floor":18,"turns":4},{"damage":15,"enemies":"3 Byrds","floor":22,"turns":3},{"damage":62,"enemies":"Slavers","floor":24,"turns":3}],"seed_played":"8681562608895627","potions_obtained":[{"floor":5,"key":"Explosive Potion"},{"floor":10,"key":"ColorlessPotion"},{"floor":11,"key":"DistilledChaos"},{"floor":14,"key":"SkillPotion"},{"floor":16,"key":"BlessingOfTheForge"},{"floor":17,"key":"SpeedPotion"}],"is_trial":false,"path_per_floor":["M","M","?","?","M","R","?","$","T","M","M","$","M","M","R","B",null,"M","?","?","$","M","R","E"],"character_chosen":"DEFECT","items_purchased":["Capacitor"],"campfire_rested":2,"item_purchase_floors":[12],"current_hp_per_floor":[53,49,49,54,46,46,46,46,46,31,20,20,20,9,31,31,70,44,44,44,44,36,60,0,0],"gold":106,"neow_bonus":"REMOVE_CARD","is_daily":false,"chose_seed":false,"campfire_upgraded":1,"win_rate":0.0,"timestamp":1611063549,"path_taken":["M","M","?","?","M","R","?","?","T","M","?","$","M","M","R","BOSS","M","?","?","$","M","R","E"],"items_purchased_type":["Card"],"build_version":"2020-12-22","purchased_purges":2,"victory":false,"max_hp_per_floor":[71,71,71,76,76,76,76,76,76,76,76,76,76,76,76,76,81,81,81,81,81,81,81,81,81],"card_choices":[{"not_picked":["Conserve Battery","Go for the Eyes"],"picked":"Coolheaded","floor":1},{"not_picked":["Gash","Leap"],"picked":"Barrage","floor":2},{"not_picked":["Hologram","Beam Cell"],"picked":"Reboot","floor":5},{"not_picked":["Beam Cell","Hologram"],"picked":"Ball Lightning","floor":10},{"not_picked":["Leap","Force Field"],"picked":"FTL","floor":11},{"not_picked":["Chill","Gash"],"picked":"Ball Lightning","floor":13},{"not_picked":["Ball Lightning","Leap","Scrape"],"picked":"SKIP","floor":14},{"not_picked":["Amplify","Creative AI"],"picked":"Biased Cognition","floor":16},{"not_picked":["Ball Lightning","Skim"],"picked":"Self Repair","floor":17},{"not_picked":["Rebound","Steam","Conserve Battery"],"picked":"SKIP","floor":18},{"not_picked":["Rebound","Steam"],"picked":"Conserve Battery","floor":18},{"not_picked":["Conserve Battery","Doom and Gloom","Redo"],"picked":"SKIP","floor":22}],"player_experience":1085928,"relics_obtained":[{"floor":9,"key":"Smiling Mask"}],"event_choices":[{"damage_healed":0,"gold_gain":0,"cards_transformed":["Strike_B"],"player_choice":"Change","damage_taken":0,"max_hp_gain":0,"max_hp_loss":0,"event_name":"Living Wall","floor":3,"gold_loss":0,"cards_obtained":["Rip and Tear"]},{"damage_healed":0,"gold_gain":0,"player_choice":"Donut","damage_taken":0,"max_hp_gain":5,"max_hp_loss":0,"event_name":"Big Fish","floor":4,"gold_loss":0},{"cards_removed":["Strike_B"],"damage_healed":0,"gold_gain":0,"player_choice":"Card Removal","damage_taken":0,"max_hp_gain":0,"max_hp_loss":0,"event_name":"The Cleric","floor":7,"gold_loss":75},{"damage_healed":0,"gold_gain":50,"player_choice":"Stole From Cult","damage_taken":0,"max_hp_gain":0,"max_hp_loss":0,"event_name":"Nest","floor":19,"gold_loss":0},{"damage_healed":0,"gold_gain":0,"player_choice":"Obtained Relic","damage_taken":0,"relics_obtained":["Shuriken"],"max_hp_gain":0,"max_hp_loss":0,"event_name":"Addict","floor":20,"gold_loss":85}],"is_beta":false,"boss_relics":[{"not_picked":["Ectoplasm","SlaversCollar"],"picked":"Tiny House"}],"items_purged_floors":[12,21],"is_endless":false,"potions_floor_spawned":[5,10,11,14,16],"killed_by":"Slavers","ascension_level":20}}