{"host":"uv231blk40vjdojr","time":1611064112,"event":{"mods":["AchievementEnabler","BaseMod","Bestiary","Minty Spire (QoL Compilation)","Relic Stats"],"gold_per_floor":[113,113,38,55,55,55,99,111,123,169,202,238,250,281,293,399,411,444,469,43,66,66,66],"floor_reached":22,"language":"ENG","playtime":1081,"items_purged":[],"score":388,"play_id":"3b4ef8a0-d341-49d1-ba26-f04d98d73c75","local_time":"20210119144832","is_ascension_mode":true,"campfire_choices":[{"data":"Eruption","floor":6,"key":"SMITH"},{"data":"CutThroughFate","floor":8,"key":"SMITH"},{"data":"LikeWater","floor":13,"key":"SMITH"},{"data":"Perseverance","floor":15,"key":"SMITH"}],"circlet_count":0,"master_deck":["AscendersBane","Strike_P","Strike_P","Defend_P","Defend_P","Defend_P","Eruption+1","Vigilance","ReachHeaven","CutThroughFate+1","Pray","LikeWater+1","SandsOfTime","Perseverance+1","Conclude","Vault","FearNoEvil","Brilliance"],"relics":["Runic Dome","Golden Idol","MawBank","GoldenEye","Lantern","Empty Cage","Gremlin Horn","Bag of Marbles"],"acts_visited":["Exordium","TheCity"],"potions_floor_usage":[10,12,16,22],"damage_taken":[{"damage":5,"enemies":"Small Slimes","floor":1,"turns":3},{"damage":3,"enemies":"2 Louse","floor":4,"turns":3},{"damage":9,"enemies":"Lagavulin","floor":7,"turns":6},{"damage":3,"enemies":"Gremlin Nob","floor":10,"turns":3},{"damage":7,"enemies":"Jaw Worm","floor":11,"turns":3},{"damage":4,"enemies":"Lots of Slimes","floor":12,"turns":3},{"damage":0,"enemies":"Large Slime","floor":14,"turns":3},{"damage":8,"enemies":"The Guardian","floor":16,"turns":7},{"damage":3,"enemies":"Spheric Guardian","floor":18,"turns":6},{"damage":22,"enemies":"2 Thieves","floor":19,"turns":4},{"damage":34,"enemies":"Chosen and Byrds","floor":22,"turns":6}],"seed_played":"8419919654761009098","potions_obtained":[{"floor":1,"key":"Energy Potion"},{"floor":7,"key":"Swift Potion"},{"floor":11,"key":"FearPotion"},{"floor":12,"key":"SkillPotion"},{"floor":19,"key":"SmokeBomb"}],"is_trial":false,"path_per_floor":["M","?","?","M","?","R","E","R","T","E","M","M","R","M","R","B",null,"M","M","$","T","M"],"character_chosen":"WATCHER","items_purchased":["Gremlin Horn","FearNoEvil","Brilliance"],"campfire_rested":0,"item_purchase_floors":[20,20,20],"current_hp_per_floor":[56,56,56,53,53,53,44,44,44,41,34,30,30,30,30,22,52,49,27,27,27,0,0],"gold":66,"neow_bonus":"BOSS_RELIC","is_daily":false,"chose_seed":false,"campfire_upgraded":4,"win_rate":0.0,"timestamp":1611064112,"path_taken":["M","?","?","M","?","R","E","R","T","E","?","M","R","M","R","BOSS","M","M","$","?","M"],"items_purchased_type":["Relic","Card","Card"],"build_version":"2020-12-22","purchased_purges":0,"victory":false,"max_hp_per_floor":[68,68,68,68,62,62,62,62,62,62,62,62,62,62,62,62,62,62,62,62,62,62,62],"relic_stats":{"Gremlin Horn":[1,1],"counters":[11,47],"Golden Idol":55,"MawBank":156,"GoldenEye":[14],"obtain_stats":[{"Runic Dome":0,"Lantern":10,"Gremlin Horn":20,"Golden Idol":5,"Bag of Marbles":21,"PureWater":0,"MawBank":7,"GoldenEye":9,"Empty Cage":17},{"Runic Dome":0,"Lantern":4,"Gremlin Horn":10,"Golden Idol":2,"Bag of Marbles":10,"PureWater":0,"MawBank":3,"GoldenEye":3,"Empty Cage":8},{"Runic Dome":0,"Lantern":15,"Gremlin Horn":41,"Golden Idol":6,"Bag of Marbles":41,"PureWater":0,"MawBank":12,"GoldenEye":12,"Empty Cage":31}]},"card_choices":[{"not_picked":["Vengeance","Crescendo"],"picked":"ReachHeaven","floor":1},{"not_picked":["InnerPeace","BowlingBash"],"picked":"CutThroughFate","floor":4},{"not_picked":["Wireheading","CrushJoints"],"picked":"Pray","floor":7},{"not_picked":["DeceiveReality","JustLucky"],"picked":"LikeWater","floor":10},{"not_picked":["EmptyBody","ThirdEye"],"picked":"SandsOfTime","floor":11},{"not_picked":["WheelKick","Swivel"],"picked":"Perseverance","floor":12},{"not_picked":["Perseverance","Protect"],"picked":"Conclude","floor":14},{"not_picked":["Scrawl","Judgement"],"picked":"Vault","floor":16},{"not_picked":["FlyingSleeves","SignatureMove+1","Vengeance"],"picked":"SKIP","floor":18},{"not_picked":["Halt+1","MentalFortress","Evaluate"],"picked":"SKIP","floor":19}],"player_experience":704543,"relics_obtained":[{"floor":7,"key":"MawBank"},{"floor":9,"key":"GoldenEye"},{"floor":10,"key":"Lantern"},{"floor":21,"key":"Bag of Marbles"}],"event_choices":[{"damage_healed":0,"gold_gain":0,"player_choice":"Ignored","damage_taken":0,"max_hp_gain":0,"max_hp_loss":0,"event_name":"Liars Game","floor":2,"gold_loss":0},{"cards_removed":["Strike_P"],"damage_healed":0,"gold_gain":0,"player_choice":"Card Removal","damage_taken":0,"max_hp_gain":0,"max_hp_loss":0,"event_name":"The Cleric","floor":3,"gold_loss":75},{"damage_healed":0,"gold_gain":0,"player_choice":"Lose Max HP","damage_taken":0,"relics_obtained":["Golden Idol"],"max_hp_gain":0,"max_hp_loss":6,"event_name":"Golden Idol","floor":5,"gold_loss":0}],"is_beta":false,"boss_relics":[{"not_picked":["Velvet Choker","Fusion Hammer"],"picked":"Empty Cage"}],"items_purged_floors":[],"is_endless":false,"potions_floor_spawned":[1,7,11,12,19],"killed_by":"Chosen and Byrds","ascension_level":20}}