{"host":"19r1ww88x2tc73i0","time":1611066317,"event":{"mods":["BaseMod","BetterRewards","Colored Map","Minty Spire (QoL Compilation)","Relic Stats","StSLib","SuperFastMode","slay the spire mod where everything is the same but ironclad has a cowboy hat"],"gold_per_floor":[111,29,43,54,66,66,91,91,91,91,121,121,121,121,121,200,200,220,233,11,21,38,38,38,38,38,38,70,70,93,134,146,241,253,294,306,77,97,117,117,141,172,172,207,224,253,264,123,123,123,123,123,123,8,52,52],"floor_reached":57,"language":"ENG","playtime":2768,"items_purged":["Strike_R","Strike_R","Strike_R","Strike_R"],"score":4049,"play_id":"8418af5a-c380-4357-a092-d27839a93750","local_time":"25640119212517","is_ascension_mode":true,"campfire_choices":[{"floor":6.0,"key":"DIG"},{"floor":8.0,"key":"DIG"},{"floor":10.0,"key":"DIG"},{"floor":13.0,"key":"DIG"},{"floor":15.0,"key":"DIG"},{"floor":23.0,"key":"DIG"},{"floor":25.0,"key":"DIG"},{"floor":27.0,"key":"DIG"},{"floor":29.0,"key":"DIG"},{"floor":32.0,"key":"DIG"},{"floor":40.0,"key":"DIG"},{"floor":49.0,"key":"RECALL"},{"data":"Battle Trance","floor":53,"key":"SMITH"}],"circlet_count":0,"master_deck":["AscendersBane","Strike_R","Defend_R+1","Defend_R","Defend_R","Defend_R","Bash","Barricade","Battle Trance+1","Twin Strike","Sword Boomerang","Whirlwind","Burning Pact+1","Fire Breathing+1","Iron Wave","Inflame+1","Immolate+1","Juggernaut+1","Shrug It Off","Uppercut+1","Metallicize+1","Impervious","Body Slam+1","Reaper+1","Necronomicurse","Impervious","Dark Embrace+1","Shockwave+1","Feel No Pain+1","Second Wind+1","Entrench","The Bomb","Limit Break"],"relics":["Burning Blood","Gambling Chip","Membership Card","Kunai","Pocketwatch","Strange Spoon","TungstenRod","Potion Belt","Incense Burner","Vajra","Torii","Prayer Wheel","Happy Flower","CaptainsWheel","Shovel","Medical Kit","Frozen Egg 2","Anchor","Nunchaku","Eternal Feather","Ancient Tea Set","Art of War","War Paint","Molten Egg 2","Meat on the Bone","Bag of Marbles","MealTicket","Snecko Eye","Self Forming Clay","Letter Opener","Necronomicon","Toy Ornithopter","CeramicFish","Magic Flower","MawBank","Bronze Scales","Dream Catcher","SacredBark","Unceasing Top","Darkstone Periapt","Bottled Lightning","Mummified Hand","Strawberry","Bottled Tornado","Bottled Flame"],"acts_visited":["Exordium","TheCity","TheBeyond","TheEnding"],"potions_floor_usage":[55,56,56],"damage_taken":[{"damage":0.0,"enemies":"Cultist","floor":1.0,"turns":3.0},{"damage":0.0,"enemies":"Jaw Worm","floor":3.0,"turns":3.0},{"damage":0.0,"enemies":"Small Slimes","floor":4.0,"turns":2.0},{"damage":0.0,"enemies":"Looter","floor":5.0,"turns":3.0},{"damage":9.0,"enemies":"3 Sentries","floor":7.0,"turns":3.0},{"damage":0.0,"enemies":"Gremlin Nob","floor":11.0,"turns":2.0},{"damage":0.0,"enemies":"Slime Boss","floor":16.0,"turns":4.0},{"damage":0.0,"enemies":"2 Thieves","floor":18.0,"turns":1.0},{"damage":0.0,"enemies":"Spheric Guardian","floor":19.0,"turns":3.0},{"damage":0.0,"enemies":"Centurion and Healer","floor":21.0,"turns":2.0},{"damage":0.0,"enemies":"Snecko","floor":22.0,"turns":3.0},{"damage":0.0,"enemies":"Gremlin Leader","floor":28.0,"turns":2.0},{"damage":0.0,"enemies":"Snake Plant","floor":30.0,"turns":1.0},{"damage":0.0,"enemies":"Slavers","floor":31.0,"turns":1.0},{"damage":0.0,"enemies":"Collector","floor":33.0,"turns":4.0},{"damage":3.0,"enemies":"3 Shapes","floor":35.0,"turns":1.0},{"damage":0.0,"enemies":"3 Darklings","floor":38.0,"turns":1.0},{"damage":0.0,"enemies":"Maw","floor":39.0,"turns":6.0},{"damage":0.0,"enemies":"Sphere and 2 Shapes","floor":41.0,"turns":1.0},{"damage":0.0,"enemies":"Nemesis","floor":42.0,"turns":5.0},{"damage":0.0,"enemies":"Reptomancer","floor":44.0,"turns":4.0},{"damage":0.0,"enemies":"Transient","floor":45.0,"turns":6.0},{"damage":0.0,"enemies":"Maw","floor":46.0,"turns":5.0},{"damage":0.0,"enemies":"3 Darklings","floor":47.0,"turns":3.0},{"damage":0.0,"enemies":"Awakened One","floor":50.0,"turns":14.0},{"damage":0.0,"enemies":"Donu and Deca","floor":51.0,"turns":6.0},{"damage":0,"enemies":"Shield and Spear","floor":55,"turns":5},{"damage":22,"enemies":"The Heart","floor":56,"turns":9}],"seed_played":"-166418991181647932","potions_obtained":[{"floor":1.0,"key":"GamblersBrew"},{"floor":4.0,"key":"Swift Potion"},{"floor":16.0,"key":"Fire Potion"},{"floor":22.0,"key":"ElixirPotion"},{"floor":30.0,"key":"BloodPotion"},{"floor":38.0,"key":"Ancient Potion"}],"is_trial":false,"path_per_floor":["M","$","M","M","M","R","E","R","T","R","E","T","R","?","R","B",null,"M","M","$","M","M","R","?","R","T","R","E","R","M","E","R","B",null,"M","?","$","M","M","R","M","E","T","E","M","M","M","$","R","B","B",null,"R","$","E","B",null],"character_chosen":"IRONCLAD","items_purchased":["Barricade","Membership Card","Kunai","Strange Spoon","Potion Belt","Vajra","Prayer Wheel","Happy Flower","Medical Kit","Frozen Egg 2","Battle Trance","Anchor","Metallicize+1","Self Forming Clay","Unceasing Top","Bottled Tornado","The Bomb","Swift Potion"],"campfire_rested":0,"item_purchase_floors":[0,0,0,0,0,0,0,0,0,0,0,2,20,20,37,48,54,54],"current_hp_per_floor":[74,74,75,75,75,75,72,75,75,75,75,75,75,80,80,80,80,80,80,80,80,80,80,63,78,78,80,80,80,80,80,80,80,80,80,80,80,80,80,80,80,80,80,87,87,87,87,87,87,87,87,87,87,87,87,82],"gold":52,"neow_bonus":"","is_daily":false,"chose_seed":false,"campfire_upgraded":1,"win_rate":0.0,"timestamp":1611066317,"path_taken":["M","$","M","?","M","R","E","R","T","R","E","?","R","?","R","BOSS","M","M","$","M","M","R","?","R","T","R","E","R","M","E","R","BOSS","M","?","$","M","M","R","M","E","T","E","M","M","M","$","R","BOSS","BOSS","R","$","E","BOSS"],"items_purchased_type":["Card","Relic","Relic","Relic","Relic","Relic","Relic","Relic","Relic","Relic","Card","Relic","Card","Relic","Relic","Relic","Card","Potion"],"build_version":"2020-12-22","purchased_purges":4,"victory":true,"max_hp_per_floor":[75,75,75,75,75,75,75,75,75,75,75,75,75,80,80,80,80,80,80,80,80,80,80,80,80,80,80,80,80,80,80,80,80,80,80,80,80,80,80,80,80,80,80,87,87,87,87,87,87,87,87,87,87,87,87,87],"relic_stats":{"Darkstone Periapt":0,"Torii":1,"CeramicFish":270,"Magic Flower":[6],"Burning Blood":1762,"Nunchaku":[29],"Dream Catcher":0,"Shovel":16,"Mummified Hand":[92],"Gambling Chip":[88],"Prayer Wheel":16,"MealTicket":36,"Necronomicon":[19],"Kunai":[27],"Happy Flower":[34],"counters":[400,1753],"Self Forming Clay":[87],"Eternal Feather":71,"Letter Opener":[135],"War Paint":["Auto Shields","Leap","Defend_R","Burning Pact"],"Medical Kit":[32],"MawBank":480,"Strange Spoon":[89],"Bronze Scales":[1305],"Snecko Eye":[168,186,219,164],"Art of War":[15],"obtain_stats":[{"Ginger":0,"Bottled Tornado":54,"Boot":6,"Sling":0,"Old Coin":23,"Blood Vial":12,"Sundial":27,"MealTicket":40,"Fusion Hammer":17,"HandDrill":0,"Necronomicon":24,"Kunai":44,"Runic Cube":17,"Pear":43,"Velvet Choker":17,"Eternal Feather":46,"Pen Nib":0,"Akabeko":0,"SlaversCollar":34,"Bird Faced Urn":11,"Snecko Eye":17,"Mark of Pain":34,"CultistMask":13,"StrikeDummy":26,"Unceasing Top":0,"Regal Pillow":14,"Lantern":0,"Torii":0,"Singing Bowl":0,"Magic Flower":0,"StoneCalendar":47,"Bag of Preparation":31,"Cursed Key":17,"Smiling Mask":24,"Ancient Tea Set":28,"Burning Blood":0,"Matryoshka":13,"Shovel":0,"Toolbox":45,"WingedGreaves":0,"Chemical X":0,"InkBottle":6,"Paper Frog":4,"Potion Belt":47,"Lee\u0027s Waffle":48,"Self Forming Clay":3,"Golden Idol":5,"Thread and Needle":0,"PreservedInsect":0,"The Courier":26,"Omamori":26,"Frozen Egg 2":7,"MawBank":23,"Busted Crown":34,"Ornamental Fan":6,"Orrery":54,"Turnip":0,"Art of War":0,"Bottled Lightning":42,"Champion Belt":43,"Toy Ornithopter":27,"Ice Cream":0,"Calipers":25,"Gremlin Horn":48,"CeramicFish":0,"Vajra":46,"Sozu":34,"Lizard Tail":23,"Centennial Puzzle":48,"HornCleat":11,"DollysMirror":27,"Strawberry":8,"Prayer Wheel":45,"Philosopher\u0027s Stone":17,"Toxic Egg 2":9,"Girya":0,"Happy Flower":28,"Dead Branch":7,"Oddly Smooth Stone":26,"Charon\u0027s Ashes":0,"Letter Opener":13,"War Paint":9,"Question Card":13,"WarpedTongs":3,"Du-Vu Doll":0,"OrangePellets":0,"Bottled Flame":55,"Shuriken":8,"Bronze Scales":43,"Molten Egg 2":45,"Pocketwatch":0,"Meat on the Bone":23,"Darkstone Periapt":26,"SacredBark":34,"Black Blood":17,"Juzu Bracelet":0,"Incense Burner":0,"ClockworkSouvenir":45,"Dream Catcher":9,"Nunchaku":24,"Mummified Hand":0,"Pantograph":9,"Gambling Chip":19,"Tiny Chest":0,"Red Mask":21,"Red Skull":22,"Runic Pyramid":34,"Odd Mushroom":10,"Orichalcum":3,"Medical Kit":31,"White Beast Statue":11,"Mercury Hourglass":6,"Peace Pipe":14,"Calling Bell":34,"Strange Spoon":38,"Anchor":0,"CaptainsWheel":8,"Bag of Marbles":0,"Coffee Dripper":34,"Membership Card":0,"TungstenRod":0,"FossilizedHelix":0},{"Ginger":11,"Bottled Tornado":280,"Boot":67,"Sling":88,"Old Coin":74,"Blood Vial":4,"Sundial":159,"MealTicket":58,"Fusion Hammer":47,"HandDrill":313,"Necronomicon":383,"Kunai":60,"Runic Cube":7,"Pear":192,"Velvet Choker":127,"Eternal Feather":112,"Pen Nib":134,"Akabeko":0,"SlaversCollar":81,"Bird Faced Urn":69,"Snecko Eye":154,"Mark of Pain":242,"CultistMask":320,"StrikeDummy":52,"Unceasing Top":64,"Regal Pillow":70,"Lantern":88,"Torii":11,"Singing Bowl":88,"Magic Flower":255,"StoneCalendar":35,"Bag of Preparation":28,"Cursed Key":20,"Smiling Mask":25,"Ancient Tea Set":26,"Burning Blood":0,"Matryoshka":69,"Shovel":196,"Toolbox":193,"WingedGreaves":64,"Chemical X":255,"InkBottle":41,"Paper Frog":1,"Potion Belt":85,"Lee\u0027s Waffle":169,"Self Forming Clay":1,"Golden Idol":149,"Thread and Needle":88,"PreservedInsect":0,"The Courier":296,"Omamori":25,"Frozen Egg 2":258,"MawBank":10,"Busted Crown":162,"Ornamental Fan":2,"Orrery":311,"Turnip":88,"Art of War":0,"Bottled Lightning":60,"Champion Belt":84,"Toy Ornithopter":133,"Ice Cream":64,"Calipers":25,"Gremlin Horn":35,"CeramicFish":0,"Vajra":34,"Sozu":55,"Lizard Tail":51,"Centennial Puzzle":169,"HornCleat":18,"DollysMirror":101,"Strawberry":3,"Prayer Wheel":33,"Philosopher\u0027s Stone":178,"Toxic Egg 2":122,"Girya":37,"Happy Flower":26,"Dead Branch":228,"Oddly Smooth Stone":75,"Charon\u0027s Ashes":64,"Letter Opener":45,"War Paint":16,"Question Card":231,"WarpedTongs":65,"Du-Vu Doll":37,"OrangePellets":0,"Bottled Flame":399,"Shuriken":16,"Bronze Scales":33,"Molten Egg 2":33,"Pocketwatch":37,"Meat on the Bone":158,"Darkstone Periapt":10,"SacredBark":387,"Black Blood":71,"Juzu Bracelet":0,"Incense Burner":0,"ClockworkSouvenir":33,"Dream Catcher":68,"Nunchaku":100,"Mummified Hand":116,"Pantograph":3,"Gambling Chip":48,"Tiny Chest":11,"Red Mask":24,"Red Skull":325,"Runic Pyramid":29,"Odd Mushroom":17,"Orichalcum":226,"Medical Kit":216,"White Beast Statue":152,"Mercury Hourglass":201,"Peace Pipe":6,"Calling Bell":332,"Strange Spoon":244,"Anchor":88,"CaptainsWheel":92,"Bag of Marbles":0,"Coffee Dripper":104,"Membership Card":11,"TungstenRod":11,"FossilizedHelix":64},{"Ginger":62,"Bottled Tornado":1293,"Boot":260,"Sling":363,"Old Coin":294,"Blood Vial":15,"Sundial":653,"MealTicket":229,"Fusion Hammer":194,"HandDrill":1418,"Necronomicon":1679,"Kunai":234,"Runic Cube":36,"Pear":794,"Velvet Choker":517,"Eternal Feather":451,"Pen Nib":559,"Akabeko":0,"SlaversCollar":330,"Bird Faced Urn":267,"Snecko Eye":641,"Mark of Pain":1076,"CultistMask":1438,"StrikeDummy":210,"Unceasing Top":250,"Regal Pillow":270,"Lantern":363,"Torii":62,"Singing Bowl":363,"Magic Flower":1151,"StoneCalendar":146,"Bag of Preparation":124,"Cursed Key":96,"Smiling Mask":112,"Ancient Tea Set":116,"Burning Blood":0,"Matryoshka":267,"Shovel":810,"Toolbox":800,"WingedGreaves":250,"Chemical X":1151,"InkBottle":172,"Paper Frog":2,"Potion Belt":344,"Lee\u0027s Waffle":686,"Self Forming Clay":2,"Golden Idol":616,"Thread and Needle":363,"PreservedInsect":0,"The Courier":1360,"Omamori":112,"Frozen Egg 2":1167,"MawBank":57,"Busted Crown":664,"Ornamental Fan":7,"Orrery":1409,"Turnip":363,"Art of War":0,"Bottled Lightning":234,"Champion Belt":339,"Toy Ornithopter":552,"Ice Cream":250,"Calipers":112,"Gremlin Horn":146,"CeramicFish":0,"Vajra":143,"Sozu":221,"Lizard Tail":209,"Centennial Puzzle":686,"HornCleat":87,"DollysMirror":407,"Strawberry":12,"Prayer Wheel":140,"Philosopher\u0027s Stone":730,"Toxic Egg 2":494,"Girya":159,"Happy Flower":116,"Dead Branch":992,"Oddly Smooth Stone":300,"Charon\u0027s Ashes":250,"Letter Opener":184,"War Paint":79,"Question Card":1003,"WarpedTongs":254,"Du-Vu Doll":159,"OrangePellets":0,"Bottled Flame":1744,"Shuriken":79,"Bronze Scales":140,"Molten Egg 2":140,"Pocketwatch":159,"Meat on the Bone":649,"Darkstone Periapt":57,"SacredBark":1687,"Black Blood":280,"Juzu Bracelet":0,"Incense Burner":0,"ClockworkSouvenir":140,"Dream Catcher":263,"Nunchaku":404,"Mummified Hand":467,"Pantograph":12,"Gambling Chip":199,"Tiny Chest":62,"Red Mask":109,"Red Skull":1454,"Runic Pyramid":129,"Odd Mushroom":83,"Orichalcum":980,"Medical Kit":917,"White Beast Statue":633,"Mercury Hourglass":833,"Peace Pipe":23,"Calling Bell":1472,"Strange Spoon":1084,"Anchor":363,"CaptainsWheel":373,"Bag of Marbles":0,"Coffee Dripper":421,"Membership Card":62,"TungstenRod":62,"FossilizedHelix":250}],"TungstenRod":75,"Toy Ornithopter":8,"Unceasing Top":[15],"Pocketwatch":[315],"Meat on the Bone":0},"card_choices":[{"not_picked":["Infernal Blade","Heavy Blade"],"picked":"Twin Strike","floor":1.0},{"not_picked":["Headbutt","Pommel Strike"],"picked":"Sword Boomerang","floor":1.0},{"not_picked":["Warcry","Hemokinesis"],"picked":"Whirlwind","floor":3.0},{"not_picked":["Headbutt","Whirlwind"],"picked":"Burning Pact","floor":3.0},{"not_picked":["Spot Weakness","Twin Strike"],"picked":"Fire Breathing+1","floor":4.0},{"not_picked":["Seeing Red","Rage"],"picked":"Pummel","floor":4.0},{"not_picked":["Rupture+1","Evolve+1"],"picked":"Iron Wave","floor":5.0},{"not_picked":["Cleave","Immolate"],"picked":"Inflame+1","floor":5.0},{"not_picked":["Perfected Strike","Anger","Blood for Blood"],"picked":"SKIP","floor":7.0},{"not_picked":["Intimidate","Heavy Blade+1"],"picked":"Immolate+1","floor":11.0},{"not_picked":["Corruption+1","Double Tap"],"picked":"Juggernaut+1","floor":16.0},{"not_picked":["Clash+1","Warcry"],"picked":"Shrug It Off","floor":18.0},{"not_picked":["Perfected Strike+1","Whirlwind+1","Wild Strike+1"],"picked":"SKIP","floor":18.0},{"not_picked":["Anger+1","Blood for Blood+1"],"picked":"Uppercut+1","floor":19.0},{"not_picked":["Twin Strike+1","Shrug It Off","Heavy Blade+1"],"picked":"SKIP","floor":19.0},{"not_picked":["Thunderclap+1","Combust+1"],"picked":"Impervious","floor":21.0},{"not_picked":["Pommel Strike+1","Clash+1"],"picked":"Body Slam+1","floor":21.0},{"not_picked":["Flex","Rampage+1"],"picked":"Reaper+1","floor":22.0},{"not_picked":["Spot Weakness","Infernal Blade","Sword Boomerang+1"],"picked":"SKIP","floor":22.0},{"not_picked":["Iron Wave+1","Body Slam+1","Wild Strike+1"],"picked":"SKIP","floor":28.0},{"not_picked":["Headbutt+1","Intimidate","Reckless Charge+1"],"picked":"SKIP","floor":30.0},{"not_picked":["Power Through","Uppercut+1","Flex+1"],"picked":"SKIP","floor":30.0},{"not_picked":["Headbutt+1","Intimidate","Reckless Charge+1"],"picked":"SKIP","floor":30.0},{"not_picked":["Power Through","Uppercut+1","Flex+1"],"picked":"SKIP","floor":30.0},{"not_picked":["Wild Strike+1","Twin Strike+1","Cleave+1"],"picked":"SKIP","floor":31.0},{"not_picked":["Barricade+1","Bludgeon+1"],"picked":"Impervious","floor":33.0},{"not_picked":["Havoc","Wild Strike+1"],"picked":"Dark Embrace+1","floor":35.0},{"not_picked":["Heavy Blade+1","Body Slam+1","Perfected Strike+1"],"picked":"SKIP","floor":35.0},{"not_picked":["Uppercut+1","Reckless Charge+1"],"picked":"Shockwave+1","floor":38.0},{"not_picked":["Clash+1","Shrug It Off+1","Warcry"],"picked":"SKIP","floor":38.0},{"not_picked":["Heavy Blade+1","Hemokinesis+1","Rupture+1"],"picked":"SKIP","floor":39.0},{"not_picked":["Reckless Charge+1","Fire Breathing+1","Heavy Blade+1"],"picked":"SKIP","floor":39.0},{"not_picked":["Dark Embrace+1","Spot Weakness+1"],"picked":"Feel No Pain+1","floor":41.0},{"not_picked":["Spot Weakness+1","Body Slam+1","Shockwave"],"picked":"SKIP","floor":41.0},{"not_picked":["Battle Trance+1","True Grit","Anger+1"],"picked":"SKIP","floor":42.0},{"not_picked":["Perfected Strike+1","Pummel+1"],"picked":"Second Wind+1","floor":44.0},{"not_picked":["Anger+1","Perfected Strike+1","Twin Strike+1"],"picked":"SKIP","floor":45.0},{"not_picked":["Wild Strike+1","Iron Wave+1","Uppercut+1"],"picked":"SKIP","floor":45.0},{"not_picked":["Clash+1","Headbutt+1"],"picked":"Entrench","floor":46.0},{"not_picked":["Headbutt+1","Sword Boomerang+1","Flex+1"],"picked":"SKIP","floor":46.0},{"not_picked":["True Grit","Twin Strike+1","Wild Strike+1"],"picked":"SKIP","floor":47.0},{"not_picked":["True Grit+1","Rampage+1","Perfected Strike+1"],"picked":"SKIP","floor":47.0},{"not_picked":["Iron Wave+1","Body Slam+1"],"picked":"Limit Break","floor":55}],"player_experience":914678,"relics_obtained":[{"floor":6.0,"key":"Nunchaku"},{"floor":7.0,"key":"Eternal Feather"},{"floor":8.0,"key":"Ancient Tea Set"},{"floor":9.0,"key":"Art of War"},{"floor":10.0,"key":"War Paint"},{"floor":11.0,"key":"Molten Egg 2"},{"floor":12.0,"key":"Meat on the Bone"},{"floor":13.0,"key":"Bag of Marbles"},{"floor":15.0,"key":"MealTicket"},{"floor":23.0,"key":"Letter Opener"},{"floor":24.0,"key":"Necronomicon"},{"floor":25.0,"key":"Toy Ornithopter"},{"floor":27.0,"key":"CeramicFish"},{"floor":28.0,"key":"Magic Flower"},{"floor":29.0,"key":"MawBank"},{"floor":31.0,"key":"Bronze Scales"},{"floor":32.0,"key":"Dream Catcher"},{"floor":40.0,"key":"Darkstone Periapt"},{"floor":42.0,"key":"Bottled Lightning"},{"floor":43.0,"key":"Mummified Hand"},{"floor":44.0,"key":"Strawberry"},{"floor":55,"key":"Bottled Flame"}],"event_choices":[{"damage_healed":0.0,"max_hp_gain":5.0,"max_hp_loss":0.0,"gold_gain":0.0,"event_name":"Big Fish","player_choice":"Donut","floor":14.0,"gold_loss":0.0,"damage_taken":0.0},{"damage_healed":0.0,"max_hp_gain":0.0,"max_hp_loss":0.0,"gold_gain":0.0,"event_name":"Cursed Tome","player_choice":"Obtained Book","floor":24.0,"gold_loss":0.0,"damage_taken":21.0},{"cards_removed":["Pummel"],"damage_healed":0.0,"max_hp_gain":0.0,"max_hp_loss":0.0,"gold_gain":0.0,"event_name":"Falling","player_choice":"Removed Attack","floor":36.0,"gold_loss":0.0,"damage_taken":0.0}],"is_beta":false,"boss_relics":[{"not_picked":["Coffee Dripper","Sozu"],"picked":"Snecko Eye"},{"not_picked":["Cursed Key","Velvet Choker"],"picked":"SacredBark"}],"items_purged_floors":[0,0,20,37],"is_endless":false,"potions_floor_spawned":[1,4,16,22,30,38,41,42,46],"ascension_level":20}}