{"host":"zsm7bdfo51n66z45","time":1611091332,"event":{"mods":["AchievementEnabler","BaseMod","Bestiary","Better Skull","Better Third Choice","Colored Powertips","DeckTracker","Mimic Mod","Minty Spire (QoL Compilation)","MostiFishMod","Quick Restart","Relic Stats","Spicy Shops","StSLib","Waifu the Spire"],"gold_per_floor":[119,119,47,59,77,77,77,77,77,77,105,121,164,114,114,240,240,240,240],"floor_reached":18,"language":"ENG","playtime":555,"items_purged":["Zap"],"score":158,"play_id":"af89ec29-37fb-4ce0-99cf-da577eca7546","local_time":"20210119152212","is_ascension_mode":false,"campfire_choices":[{"data":"Blizzard","floor":6,"key":"SMITH"},{"data":"Coolheaded","floor":8,"key":"SMITH"},{"data":"Dualcast","floor":10,"key":"SMITH"},{"data":"Consume","floor":15,"key":"SMITH"}],"circlet_count":0,"master_deck":["Strike_B","Strike_B","Strike_B","Strike_B","Defend_B","Defend_B","Defend_B","Defend_B","Dualcast+1","Apotheosis+1","Blizzard+1","Coolheaded+1","Cold Snap","Consume+1","Glacier"],"relics":["Cracked Core","DaveBox","MetatronsCube","SynthV:TestCard","Sling","Golden Idol","Smiling Mask","Odd Mushroom","Pen Nib","Black Star"],"acts_visited":["Exordium","TheCity"],"potions_floor_usage":[13],"damage_taken":[{"damage":0,"enemies":"2 Louse","floor":1,"turns":2},{"damage":0,"enemies":"Small Slimes","floor":4,"turns":2},{"damage":1,"enemies":"Jaw Worm","floor":5,"turns":2},{"damage":4,"enemies":"The Mushroom Lair","floor":11,"turns":4},{"damage":9,"enemies":"Exordium Wildlife","floor":12,"turns":2},{"damage":7,"enemies":"Lagavulin","floor":13,"turns":4},{"damage":39,"enemies":"The Guardian","floor":16,"turns":11},{"damage":0,"enemies":"Chosen","floor":18,"turns":1}],"seed_played":"2305936298566669494","potions_obtained":[{"floor":4,"key":"Regen Potion"},{"floor":11,"key":"FearPotion"},{"floor":16,"key":"ColorlessPotion"}],"is_trial":false,"path_per_floor":["M","?","$","M","M","R","?","R","T","R","?","M","E","$","R","B",null,"M"],"character_chosen":"DEFECT","items_purchased":["Sling"],"campfire_rested":0,"item_purchase_floors":[3],"current_hp_per_floor":[82,82,82,82,81,81,76,76,76,76,72,63,56,56,56,17,76,76,76],"gold":240,"neow_bonus":"TEN_PERCENT_HP_BONUS","is_daily":false,"chose_seed":false,"campfire_upgraded":4,"win_rate":0.0,"timestamp":1611091332,"path_taken":["M","?","$","M","M","R","?","R","T","R","?","?","E","$","R","BOSS","M"],"items_purchased_type":["Relic"],"build_version":"2020-12-22","purchased_purges":1,"victory":false,"max_hp_per_floor":[82,82,82,82,82,82,76,76,76,76,76,76,76,76,76,76,76,76,76],"relic_stats":{"counters":[8,28],"Golden Idol":43,"Pen Nib":[2],"Black Star":0,"Smiling Mask":25,"obtain_stats":[{"SynthV:TestCard":1,"DaveBox":0,"Golden Idol":7,"Pen Nib":13,"Black Star":17,"Odd Mushroom":11,"Cracked Core":0,"Sling":3,"Smiling Mask":9,"MetatronsCube":0},{"SynthV:TestCard":1,"DaveBox":0,"Golden Idol":3,"Pen Nib":6,"Black Star":7,"Odd Mushroom":4,"Cracked Core":0,"Sling":1,"Smiling Mask":3,"MetatronsCube":0},{"SynthV:TestCard":2,"DaveBox":0,"Golden Idol":6,"Pen Nib":16,"Black Star":27,"Odd Mushroom":10,"Cracked Core":0,"Sling":2,"Smiling Mask":6,"MetatronsCube":0}]},"card_choices":[{"not_picked":["Compile Driver","Beam Cell","Redo"],"picked":"SKIP","floor":1},{"not_picked":["MostiFishMod:PushDownKick","Go for the Eyes","Compile Driver","Beam Cell"],"picked":"Blizzard","floor":4},{"not_picked":["Blizzard","Sweeping Beam","Doom and Gloom","Skim"],"picked":"Coolheaded","floor":5},{"not_picked":["Coolheaded","Streamline","Hologram","Go for the Eyes"],"picked":"Cold Snap","floor":11},{"not_picked":["Sweeping Beam","Fusion","Undo","Self Repair"],"picked":"Consume","floor":12},{"not_picked":["MostiFishMod:LinkProtocol","Seek","Auto Shields","Streamline"],"picked":"Glacier","floor":13}],"player_experience":153200,"relics_obtained":[{"floor":1,"key":"SynthV:TestCard"},{"floor":9,"key":"Smiling Mask"},{"floor":11,"key":"Odd Mushroom"},{"floor":13,"key":"Pen Nib"}],"event_choices":[{"damage_healed":82,"gold_gain":0,"player_choice":"Embrace","damage_taken":0,"max_hp_gain":0,"max_hp_loss":82,"event_name":"betterThird:BetterShining","floor":2,"gold_loss":0},{"damage_healed":0,"gold_gain":0,"player_choice":"Lose Max HP","damage_taken":0,"relics_obtained":["Golden Idol"],"max_hp_gain":0,"max_hp_loss":6,"event_name":"Golden Idol","floor":7,"gold_loss":0},{"damage_healed":0,"gold_gain":0,"player_choice":"Fought Mushrooms","damage_taken":0,"max_hp_gain":0,"max_hp_loss":0,"event_name":"Mushrooms","floor":11,"gold_loss":0}],"is_beta":false,"boss_relics":[{"not_picked":["ChiXiaoBlade","RhineFirstAidKit"],"picked":"Black Star"}],"items_purged_floors":[14],"is_endless":false,"potions_floor_spawned":[4,11,16],"killed_by":"Chosen","ascension_level":0}}