{"host":"ockkdcgl3b18tfz9","time":1611074235,"event":{"mods":["2.2 Compatiblity","BaseMod","Better Skull","Better Third Choice","BetterRewards","Hermit","Minty Spire (QoL Compilation)","Quick Restart","Replay The Spire","Spicy Shops","StSLib","SuperFastMode","The Jungle"],"gold_per_floor":[118,118,118,132,132,132,167,97,97,140,165,179,179,203,203,292,292,313,333,608,608,608,608],"floor_reached":22,"language":"ENG","playtime":397,"items_purged":[],"score":340,"play_id":"3f54e639-face-4087-b62a-f80f20e3fc74","local_time":"20210119233715","is_ascension_mode":true,"campfire_choices":[{"data":"Zap","floor":6,"key":"SMITH"},{"floor":15,"key":"REST"}],"circlet_count":0,"master_deck":["AscendersBane","Strike_B","Strike_B","Strike_B","Strike_B","Defend_B","Defend_B","Defend_B","Defend_B","Zap+1","Dualcast","Hologram","Injury","Loop","Crystallizer","Self Repair+1","Heatsinks","Conserve Battery","Ball Lightning","Ball Lightning","Biased Cognition","Coolheaded","FTL","Regret"],"relics":["Cracked Core","Oddly Smooth Stone","Golden Idol","Thread and Needle","Mummified Hand","Turnip","Inserter"],"acts_visited":["Exordium","TheCity"],"potions_floor_usage":[7,16],"damage_taken":[{"damage":0,"enemies":"Cultist","floor":1,"turns":4},{"damage":0,"enemies":"Small Slimes","floor":4,"turns":3},{"damage":36,"enemies":"Gremlin Nob","floor":7,"turns":5},{"damage":25,"enemies":"3 Sentries","floor":10,"turns":7},{"damage":0,"enemies":"2 Louse","floor":11,"turns":3},{"damage":0,"enemies":"2 Fungi Beasts","floor":12,"turns":2},{"damage":6,"enemies":"Red Slaver","floor":14,"turns":4},{"damage":25,"enemies":"Slime Boss","floor":16,"turns":10},{"damage":7,"enemies":"Shell Parasite","floor":18,"turns":5},{"damage":6,"enemies":"Spheric Guardian","floor":19,"turns":4},{"damage":11,"enemies":"Centurion and Healer","floor":22,"turns":6}],"seed_played":"-8813528665299198070","potions_obtained":[{"floor":4,"key":"Fire Potion"},{"floor":12,"key":"Block Potion"},{"floor":19,"key":"Energy Potion"}],"is_trial":false,"path_per_floor":["M","?","?","M","?","R","E","$","T","E","M","M","?","M","R","B",null,"M","M","?","$","M"],"character_chosen":"DEFECT","items_purchased":["Self Repair"],"campfire_rested":1,"item_purchase_floors":[8],"current_hp_per_floor":[64,64,64,64,64,64,28,28,28,10,17,17,17,21,42,27,60,63,57,57,57,46,46],"gold":608,"neow_bonus":"RANDOM_COMMON_RELIC","is_daily":false,"chose_seed":false,"campfire_upgraded":1,"win_rate":0.0,"timestamp":1611074235,"path_taken":["M","?","?","M","?","R","E","$","T","E","M","M","?","?","R","BOSS","M","M","?","$","?"],"items_purchased_type":["Card"],"build_version":"2020-12-22","purchased_purges":0,"victory":false,"max_hp_per_floor":[71,71,71,71,71,71,71,71,71,71,71,71,71,71,71,71,71,71,71,71,71,71,71],"card_choices":[{"not_picked":["Panic Button","Gash"],"picked":"Hologram","floor":1},{"not_picked":["Turbo","Aggregate"],"picked":"Loop","floor":4},{"not_picked":["ReplayTheSpireMod:Reroute Power","Sweeping Beam"],"picked":"Crystallizer","floor":7},{"not_picked":["Streamline","Ball Lightning"],"picked":"Heatsinks","floor":10},{"not_picked":["Redo","FTL"],"picked":"Conserve Battery","floor":11},{"not_picked":["Coolheaded","Glacier"],"picked":"Ball Lightning","floor":12},{"not_picked":["Panic Button","Beam Cell"],"picked":"Ball Lightning","floor":14},{"not_picked":["Buffer","ReplayTheSpireMod:Omega Cannon"],"picked":"Biased Cognition","floor":16},{"not_picked":["Go for the Eyes","Conserve Battery"],"picked":"Coolheaded","floor":18},{"not_picked":["BasicCrystalCard","Streamline"],"picked":"FTL","floor":19}],"player_experience":294985,"relics_obtained":[{"floor":7,"key":"Thread and Needle"},{"floor":9,"key":"Mummified Hand"},{"floor":10,"key":"Turnip"}],"event_choices":[{"damage_healed":0,"gold_gain":0,"player_choice":"Take Wound","damage_taken":0,"relics_obtained":["Golden Idol"],"max_hp_gain":0,"max_hp_loss":0,"event_name":"Golden Idol","floor":2,"gold_loss":0,"cards_obtained":["Injury"]},{"damage_healed":64,"gold_gain":0,"player_choice":"Leave","damage_taken":0,"max_hp_gain":0,"max_hp_loss":71,"event_name":"betterThird:BetterShining","floor":3,"gold_loss":0},{"damage_healed":0,"gold_gain":0,"player_choice":"Ignored","damage_taken":0,"max_hp_gain":0,"max_hp_loss":0,"event_name":"Golden Wing","floor":5,"gold_loss":0},{"damage_healed":0,"gold_gain":0,"player_choice":"Upgraded","damage_taken":0,"max_hp_gain":0,"max_hp_loss":0,"event_name":"Upgrade Shrine","floor":13,"gold_loss":0,"cards_upgraded":["Self Repair"]},{"damage_healed":0,"gold_gain":275,"player_choice":"Desecrate","damage_taken":0,"max_hp_gain":0,"max_hp_loss":0,"event_name":"Golden Shrine","floor":20,"gold_loss":0,"cards_obtained":["Regret"]}],"is_beta":false,"boss_relics":[{"not_picked":["SacredBark","Replay:Wanted Poster"],"picked":"Inserter"}],"items_purged_floors":[],"is_endless":false,"potions_floor_spawned":[4,12,19],"killed_by":"Centurion and Healer","ascension_level":15}}