{"host":"gzk4gkgy3zij1c51","time":1611087268,"event":{"mods":["BaseMod","Colored Map","Downfall","Highlight Path","Marked Mod","Minty Spire (QoL Compilation)","Relic Stats","StSLib","everything is the same but u backflip on backflip"],"gold_per_floor":[99,116,129,143,143,33,56,74,74,91,119,119,147,166,183,183,183,183],"floor_reached":16,"language":"ENG","playtime":1672,"items_purged":[],"score":139,"play_id":"51c2f04d-c883-49b9-b27a-657c16cb718a","local_time":"20210119201428","is_ascension_mode":false,"campfire_choices":[{"data":"bronze:AlphaBuild","floor":1.0,"key":"SMITH"},{"floor":12,"key":"REST"}],"circlet_count":0,"master_deck":["bronze:Strike","bronze:Strike","bronze:Strike","bronze:Defend","bronze:Defend","bronze:Defend","bronze:Defend","bronze:Replicate+1","bronze:Goto","bronze:AlphaBuild+1","bronze:Optimize+1","bronze:Repulsor","bronze:Deprecate","bronze:Frontload","bronze:Shell","bronze:DigitalCarnage+1","bronze:Constructor","bronze:Return","bronze:Break","bronze:Virus","bronze:Separator","bronze:Philosophize"],"relics":["bronze:BronzeCore","Bag of Marbles","Whetstone","champ:DeflectingBracers"],"acts_visited":["Exordium"],"potions_floor_usage":[11,16,16],"damage_taken":[{"damage":0.0,"enemies":"Small Slimes","floor":2.0,"turns":4.0},{"damage":7.0,"enemies":"Cultist","floor":3.0,"turns":5.0},{"damage":6.0,"enemies":"2 Louse","floor":4.0,"turns":3.0},{"damage":0.0,"enemies":"downfall:FleeingMerchant","floor":6.0,"turns":4.0},{"damage":7.0,"enemies":"Exordium Thugs","floor":8.0,"turns":9.0},{"damage":20,"enemies":"Gremlin Gang","floor":10,"turns":10},{"damage":19,"enemies":"3 Sentries","floor":11,"turns":13},{"damage":0,"enemies":"Lagavulin","floor":13,"turns":7},{"damage":3,"enemies":"Large Slime","floor":14,"turns":5},{"damage":12,"enemies":"Blue Slaver","floor":15,"turns":2},{"damage":17,"enemies":"SI_SHIV_ARCHETYPE","floor":16,"turns":8}],"seed_played":"-4799685199694848528","potions_obtained":[{"floor":4.0,"key":"Weak Potion"},{"floor":11,"key":"Dexterity Potion"},{"floor":13,"key":"LiquidMemories"}],"is_trial":false,"path_per_floor":["R","M","M","M","?","$","T","M","?","M","E","R","E","M","M","B"],"character_chosen":"THE_AUTOMATON","items_purchased":["bronze:DigitalCarnage","bronze:Constructor"],"campfire_rested":1,"item_purchase_floors":[6,6],"current_hp_per_floor":[70,70,63,57,57,57,57,50,50,30,11,32,32,29,17,0,0,0],"gold":183,"neow_bonus":"ONE_RANDOM_RARE_CARD","is_daily":false,"chose_seed":false,"campfire_upgraded":1,"win_rate":0.0,"timestamp":1611087268,"path_taken":["R","M","M","M","?","?","T","M","?","M","E","R","E","M","M","BOSS"],"items_purchased_type":["Card","Card"],"build_version":"2020-12-22","purchased_purges":0,"victory":false,"max_hp_per_floor":[70,70,70,70,70,70,70,70,70,70,70,70,70,70,70,70,70,70],"relic_stats":{"counters":[11,70],"Whetstone":["bronze:Replicate","bronze:DigitalCarnage"],"obtain_stats":[{"bronze:BronzeCore":0,"champ:DeflectingBracers":13,"Bag of Marbles":7,"Whetstone":11},{"bronze:BronzeCore":0,"champ:DeflectingBracers":8,"Bag of Marbles":4,"Whetstone":7},{"bronze:BronzeCore":0,"champ:DeflectingBracers":55,"Bag of Marbles":16,"Whetstone":48}]},"card_choices":[{"not_picked":["bronze:BuggyMess","bronze:ChildClass"],"picked":"bronze:Optimize","floor":2.0},{"not_picked":["bronze:Backtrace","bronze:BugBarrage"],"picked":"bronze:Repulsor","floor":3.0},{"not_picked":["bronze:Frontload","bronze:DelayedGuard"],"picked":"bronze:Deprecate","floor":4.0},{"not_picked":["bronze:BronzeArmor","bronze:Terminator"],"picked":"bronze:Shell","floor":6.0},{"not_picked":["bronze:OilSpill","bronze:HardenedForm"],"picked":"bronze:Return","floor":8.0},{"not_picked":["bronze:Turbo","bronze:Frontload","bronze:Overheat"],"picked":"SKIP","floor":10},{"not_picked":["bronze:Return","bronze:Deprecate"],"picked":"bronze:Break","floor":11},{"not_picked":["bronze:BitShift","bronze:FineTuning"],"picked":"bronze:Virus","floor":13},{"not_picked":["bronze:Repulsor","bronze:Shield"],"picked":"bronze:Separator","floor":14},{"not_picked":["bronze:Shield","bronze:BugBarrage"],"picked":"bronze:Philosophize","floor":15}],"player_experience":1022641,"relics_obtained":[{"floor":7.0,"key":"Bag of Marbles"},{"floor":11,"key":"Whetstone"},{"floor":13,"key":"champ:DeflectingBracers"}],"event_choices":[{"damage_healed":0,"gold_gain":0,"player_choice":"Grow","damage_taken":0,"max_hp_gain":0,"max_hp_loss":0,"event_name":"Living Wall","floor":9,"gold_loss":0,"cards_upgraded":["bronze:Optimize"]}],"is_beta":false,"boss_relics":[],"items_purged_floors":[],"is_endless":false,"potions_floor_spawned":[4,11,13],"killed_by":"SI_SHIV_ARCHETYPE","ascension_level":0}}