{"host":"61r95uy0hn86b9iu","time":1611020879,"event":{"mods":["AchievementEnabler","BaseMod","Better Vampires","BetterRewards","Colored Powertips","Hubris","Minty Spire (QoL Compilation)","Shop Mod","StSLib"],"gold_per_floor":[118,44,44,55,67,67,100,100,100,100,26,26,59,72,72,151,151,163,163,78,90,90,90,122,122,122,147,160,12,12,12,12,85,85,96,108,433,482,482,482,512,512,512,544,544,544,544,83,83,83],"floor_reached":51,"language":"ENG","playtime":1125,"items_purged":["Strike_B","Pain"],"score":1593,"play_id":"6acb1deb-fc97-45d9-979b-cac950f31ba9","local_time":"20210118194759","is_ascension_mode":true,"campfire_choices":[{"floor":6.0,"key":"REST"},{"floor":8.0,"key":"REST"},{"data":"Tempest","floor":12.0,"key":"SMITH"},{"floor":15.0,"key":"REST"},{"floor":23.0,"key":"REST"},{"data":"Creative AI","floor":25.0,"key":"SMITH"},{"floor":30.0,"key":"REST"},{"floor":32.0,"key":"REST"},{"floor":40,"key":"REST"},{"floor":42,"key":"REST"},{"floor":46,"key":"REST"},{"data":"Echo Form","floor":49,"key":"SMITH"}],"circlet_count":0,"master_deck":["AscendersBane","Zap","Dualcast+1","Static Discharge","Tempest+1","Capacitor","Reinforced Body","Defragment+1","Tempest+1","Leap","Glacier","Creative AI+1","FTL+1","Conserve Battery","Coolheaded+1","Conserve Battery","Consume","Doom and Gloom","Rainbow","Go for the Eyes","Electrodynamics","Conserve Battery","Reboot","FTL","Multi-Cast","Self Repair","Auto Shields","Chaos","Echo Form+1"],"relics":["Cracked Core","PreservedInsect","Chemical X","Bag of Preparation","SlaversCollar","hubris:BallOfYels","hubris:Towel","Juzu Bracelet","Symbiotic Virus","DataDisk","hubris:GlazedTorus","WarpedTongs","Pen Nib","hubris:Icosahedron","MerchantsRug","hubris:PeanutButter"],"acts_visited":["Exordium","TheCity","TheBeyond"],"potions_floor_usage":[],"damage_taken":[{"damage":8.0,"enemies":"2 Louse","floor":1.0,"turns":3.0},{"damage":12.0,"enemies":"Jaw Worm","floor":4.0,"turns":2.0},{"damage":0.0,"enemies":"Cultist","floor":5.0,"turns":2.0},{"damage":18.0,"enemies":"Gremlin Nob","floor":7.0,"turns":3.0},{"damage":30.0,"enemies":"3 Sentries","floor":13.0,"turns":6.0},{"damage":0.0,"enemies":"3 Louse","floor":14.0,"turns":1.0},{"damage":12.0,"enemies":"Hexaghost","floor":16.0,"turns":8.0},{"damage":7.0,"enemies":"Shell Parasite","floor":18.0,"turns":4.0},{"damage":17.0,"enemies":"2 Thieves","floor":21.0,"turns":2.0},{"damage":22.0,"enemies":"Slavers","floor":24.0,"turns":4.0},{"damage":22.0,"enemies":"Book of Stabbing","floor":27.0,"turns":3.0},{"damage":16.0,"enemies":"Sentry and Sphere","floor":28.0,"turns":3.0},{"damage":19.0,"enemies":"Automaton","floor":33.0,"turns":5.0},{"damage":0.0,"enemies":"Orb Walker","floor":35.0,"turns":2.0},{"damage":0.0,"enemies":"3 Shapes","floor":36.0,"turns":2.0},{"damage":0.0,"enemies":"Mind Bloom Boss Battle","floor":37.0,"turns":5.0},{"damage":36.0,"enemies":"2 Orb Walkers","floor":38.0,"turns":3.0},{"damage":11,"enemies":"Nemesis","floor":41,"turns":3},{"damage":32,"enemies":"Reptomancer","floor":44,"turns":3},{"damage":42,"enemies":"Time Eater","floor":50,"turns":6}],"seed_played":"4804200700380947562","potions_obtained":[{"floor":5.0,"key":"Ancient Potion"},{"floor":16.0,"key":"BlessingOfTheForge"},{"floor":28.0,"key":"EntropicBrew"},{"floor":36.0,"key":"Strength Potion"},{"floor":44,"key":"BlessingOfTheForge"}],"is_trial":false,"path_per_floor":["M","$","?","M","M","R","E","R","T","?","$","R","E","M","R","B",null,"M","?","?","M","?","R","E","R","T","E","M","$","R","?","R","B",null,"M","M","?","?","?","R","E","R","T","E","?","R","?","$","R","B",null],"character_chosen":"DEFECT","items_purchased":["PreservedInsect","Chemical X","Static Discharge","Tempest","Capacitor","Swift Potion","Reinforced Body","Glacier","Consume","Echo Form","MerchantsRug","hubris:PeanutButter"],"campfire_rested":9,"item_purchase_floors":[0,0,0,0,0,0,2,11,29,48,48,48],"current_hp_per_floor":[42,42,42,30,30,51,33,54,64,64,64,64,34,34,58,46,72,65,65,65,48,48,72,50,50,50,28,12,12,36,36,60,41,71,71,71,78,42,42,66,62,81,81,56,56,80,80,80,80,38],"gold":83,"neow_bonus":"","is_daily":false,"chose_seed":false,"campfire_upgraded":3,"win_rate":0.0,"timestamp":1611020879,"path_taken":["M","$","?","M","M","R","E","R","T","?","?","R","E","M","R","BOSS","M","?","?","M","?","R","E","R","T","E","M","$","R","?","R","BOSS","M","M","?","?","?","R","E","R","T","E","?","R","?","$","R","BOSS"],"items_purchased_type":["Relic","Relic","Card","Card","Card","Potion","Card","Card","Card","Card","Relic","Relic"],"build_version":"2020-12-22","purchased_purges":2,"victory":true,"max_hp_per_floor":[71,71,71,71,71,71,71,71,81,81,81,81,81,81,81,81,81,81,81,81,81,81,81,81,81,81,81,81,81,81,81,81,81,81,81,81,81,81,81,81,81,81,81,81,81,81,81,81,81,81],"card_choices":[{"not_picked":["Gash","Rebound","Steam"],"picked":"SKIP","floor":1.0},{"not_picked":["Beam Cell","Sweeping Beam","Storm"],"picked":"SKIP","floor":4.0},{"not_picked":["Machine Learning","Steam"],"picked":"Tempest","floor":5.0},{"not_picked":["White Noise","Gash"],"picked":"Leap","floor":7.0},{"not_picked":["Hello World","Chaos","Sweeping Beam"],"picked":"SKIP","floor":13.0},{"not_picked":["Barrage","Coolheaded","Aggregate"],"picked":"SKIP","floor":14.0},{"not_picked":["hubris:Prefetch","Biased Cognition"],"picked":"Creative AI","floor":16.0},{"not_picked":["Compile Driver+1","Fusion+1"],"picked":"FTL+1","floor":18.0},{"not_picked":["Scrape","BootSequence"],"picked":"Conserve Battery","floor":21.0},{"not_picked":["Turbo","Leap+1"],"picked":"Coolheaded+1","floor":24.0},{"not_picked":["Ball Lightning","Coolheaded"],"picked":"Conserve Battery","floor":27.0},{"not_picked":["Streamline","Double Energy","Sweeping Beam"],"picked":"SKIP","floor":28.0},{"not_picked":["Creative AI","Thunder Strike"],"picked":"Electrodynamics","floor":33.0},{"not_picked":["Rip and Tear+1","Coolheaded","BootSequence+1"],"picked":"SKIP","floor":35.0},{"not_picked":["Hello World+1","Cold Snap","Genetic Algorithm"],"picked":"SKIP","floor":36.0},{"not_picked":["Force Field","Redo","Go for the Eyes+1"],"picked":"SKIP","floor":41},{"not_picked":["Beam Cell","Stack+1","Machine Learning"],"picked":"SKIP","floor":44}],"player_experience":3283745,"relics_obtained":[{"floor":7.0,"key":"Bag of Preparation"},{"floor":9.0,"key":"Pear"},{"floor":13.0,"key":"War Paint"},{"floor":24.0,"key":"Juzu Bracelet"},{"floor":26.0,"key":"Symbiotic Virus"},{"floor":27.0,"key":"DataDisk"},{"floor":37.0,"key":"Old Coin"},{"floor":38.0,"key":"hubris:GlazedTorus"},{"floor":41,"key":"Pen Nib"},{"floor":44,"key":"Potion Belt"}],"event_choices":[{"damage_healed":0.0,"max_hp_gain":0.0,"max_hp_loss":0.0,"gold_gain":0.0,"event_name":"Living Wall","player_choice":"Grow","floor":10.0,"gold_loss":0.0,"damage_taken":0.0,"cards_upgraded":["Defragment"]},{"damage_healed":0.0,"max_hp_gain":0.0,"max_hp_loss":0.0,"gold_gain":0.0,"event_name":"Ghosts","player_choice":"Ignored","floor":19.0,"gold_loss":0.0,"damage_taken":0.0},{"damage_healed":0.0,"max_hp_gain":0.0,"max_hp_loss":0.0,"gold_gain":0.0,"event_name":"Addict","player_choice":"Obtained Relic","floor":20.0,"gold_loss":85.0,"damage_taken":0.0,"relics_obtained":["hubris:BallOfYels"]},{"damage_healed":0.0,"max_hp_gain":0.0,"max_hp_loss":0.0,"gold_gain":0.0,"event_name":"Match and Keep!","player_choice":"3 cards matched","floor":31.0,"gold_loss":0.0,"damage_taken":0.0,"cards_obtained":["Doom and Gloom","Rainbow","Go for the Eyes"]},{"damage_healed":0.0,"max_hp_gain":0.0,"max_hp_loss":0.0,"gold_gain":0.0,"event_name":"MindBloom","player_choice":"Fight","floor":37.0,"gold_loss":0.0,"damage_taken":0.0},{"damage_healed":0.0,"max_hp_gain":0.0,"max_hp_loss":0.0,"gold_gain":0.0,"event_name":"Mysterious Sphere","player_choice":"Fight","floor":38.0,"gold_loss":0.0,"damage_taken":0.0},{"damage_healed":0,"gold_gain":0,"player_choice":"Rummage","damage_taken":0,"relics_obtained":["WarpedTongs"],"max_hp_gain":0,"max_hp_loss":0,"event_name":"Accursed Blacksmith","floor":39,"gold_loss":0,"cards_obtained":["Pain"]},{"damage_healed":0,"gold_gain":0,"player_choice":"Ignored","damage_taken":0,"max_hp_gain":0,"max_hp_loss":0,"event_name":"Tomb of Lord Red Mask","floor":45,"gold_loss":0}],"is_beta":false,"boss_relics":[{"not_picked":["hubris:HollowSoul","Sozu"],"picked":"SlaversCollar"},{"not_picked":["Snecko Eye","Velvet Choker"],"picked":"Pandora\u0027s Box"}],"items_purged_floors":[29,48],"is_endless":false,"potions_floor_spawned":[5,7,16,18,28,36,44],"ascension_level":14}}