{"host":"cvjufw5k2cirmttm","time":1611095620,"event":{"mods":["AchievementEnabler","BaseMod","Colored Map","Colored Powertips","Minty Spire (QoL Compilation)"],"gold_per_floor":[129,304,304,339,371,371,426,456,456,456,456,491,548,473,473,603,603,618,618,543,558,71,71,71],"floor_reached":23,"language":"RUS","playtime":840,"items_purged":["Doubt"],"score":189,"play_id":"14c7a718-86fc-477a-a8c8-3e1f452c36ff","local_time":"20210120013340","is_ascension_mode":false,"campfire_choices":[{"floor":6,"key":"REST"},{"floor":10,"key":"REST"},{"floor":15,"key":"REST"}],"circlet_count":0,"master_deck":["Strike_B","Strike_B+1","Strike_B","Strike_B","Defend_B+1","Defend_B","Defend_B","Defend_B","Zap","Dualcast","HandOfGreed","Leap","Echo Form","White Noise","Injury","Seek","Leap+1","Capacitor","Self Repair"],"relics":["Cracked Core","Sundial","Pocketwatch","Golden Idol","Black Star","StoneCalendar","Question Card","Orrery"],"acts_visited":["Exordium","TheCity"],"potions_floor_usage":[4,16,16,18],"damage_taken":[{"damage":2,"enemies":"2 Louse","floor":1,"turns":3},{"damage":11,"enemies":"Jaw Worm","floor":4,"turns":3},{"damage":0,"enemies":"Cultist","floor":5,"turns":3},{"damage":43,"enemies":"Lagavulin","floor":7,"turns":8},{"damage":1,"enemies":"Looter","floor":8,"turns":4},{"damage":1,"enemies":"2 Fungi Beasts","floor":12,"turns":4},{"damage":27,"enemies":"Hexaghost","floor":16,"turns":10},{"damage":8,"enemies":"2 Thieves","floor":18,"turns":4},{"damage":31,"enemies":"Chosen","floor":21,"turns":7},{"damage":40,"enemies":"Slavers","floor":23,"turns":3}],"seed_played":"-2404145897057276684","potions_obtained":[{"floor":1,"key":"Regen Potion"},{"floor":8,"key":"Weak Potion"},{"floor":12,"key":"FocusPotion"},{"floor":16,"key":"LiquidBronze"},{"floor":18,"key":"SteroidPotion"}],"is_trial":false,"path_per_floor":["M","?","?","M","M","R","E","M","T","R","?","M","?","$","R","B",null,"M","?","?","M","$","E"],"character_chosen":"DEFECT","items_purchased":["Capacitor","Question Card","Orrery"],"campfire_rested":3,"item_purchase_floors":[22,22,22],"current_hp_per_floor":[52,52,37,35,35,57,14,13,13,35,35,34,34,34,56,29,75,67,67,67,36,36,0,0],"gold":71,"neow_bonus":"RANDOM_COLORLESS_2","is_daily":false,"chose_seed":false,"campfire_upgraded":0,"win_rate":0.0,"timestamp":1611095620,"path_taken":["M","?","?","M","?","R","E","?","T","R","?","M","?","$","R","BOSS","M","?","?","M","$","E"],"items_purchased_type":["Card","Relic","Relic"],"build_version":"2020-12-22","purchased_purges":1,"victory":false,"max_hp_per_floor":[75,75,75,75,75,75,75,75,75,75,75,75,75,75,75,75,75,75,75,75,75,75,75,75],"card_choices":[{"not_picked":["Metamorphosis","Panache"],"picked":"HandOfGreed","floor":0},{"not_picked":["Steam","Redo","Compile Driver"],"picked":"SKIP","floor":1},{"not_picked":["Redo","Storm"],"picked":"Leap","floor":4},{"not_picked":["FTL","Gash","Ball Lightning"],"picked":"SKIP","floor":5},{"not_picked":["Hologram","Glacier"],"picked":"Echo Form","floor":7},{"not_picked":["Melter","Static Discharge"],"picked":"White Noise","floor":8},{"not_picked":["Steam","Stack","Chill"],"picked":"SKIP","floor":12},{"not_picked":["All For One","Multi-Cast"],"picked":"Seek","floor":16},{"not_picked":["Auto Shields","Melter+1"],"picked":"Leap+1","floor":18},{"not_picked":["Chill","Go for the Eyes","Rip and Tear+1"],"picked":"SKIP","floor":21},{"not_picked":["Rebound","Hologram","Biased Cognition"],"picked":"Self Repair","floor":22}],"player_experience":113723,"relics_obtained":[{"floor":7,"key":"Sundial"},{"floor":9,"key":"Pocketwatch"}],"event_choices":[{"damage_healed":0,"gold_gain":175,"player_choice":"AGREE","damage_taken":0,"max_hp_gain":0,"max_hp_loss":0,"event_name":"Liars Game","floor":2,"gold_loss":0,"cards_obtained":["Doubt"]},{"damage_healed":0,"gold_gain":0,"player_choice":"Entered Light","damage_taken":15,"max_hp_gain":0,"max_hp_loss":0,"event_name":"Shining Light","floor":3,"gold_loss":0,"cards_upgraded":["Strike_B","Defend_B"]},{"damage_healed":0,"gold_gain":0,"player_choice":"Take Wound","damage_taken":0,"relics_obtained":["Golden Idol"],"max_hp_gain":0,"max_hp_loss":0,"event_name":"Golden Idol","floor":11,"gold_loss":0,"cards_obtained":["Injury"]},{"damage_healed":0,"gold_gain":57,"player_choice":"Gained Gold","damage_taken":0,"max_hp_gain":0,"max_hp_loss":0,"event_name":"Golden Wing","floor":13,"gold_loss":0},{"damage_healed":0,"gold_gain":0,"player_choice":"Opened","damage_taken":0,"relics_obtained":["StoneCalendar"],"max_hp_gain":0,"max_hp_loss":0,"event_name":"The Mausoleum","floor":19,"gold_loss":0,"cards_obtained":["Writhe"]},{"cards_removed":["Writhe"],"damage_healed":0,"gold_gain":0,"player_choice":"Gave Gold","damage_taken":0,"max_hp_gain":0,"max_hp_loss":0,"event_name":"Beggar","floor":20,"gold_loss":75}],"is_beta":false,"boss_relics":[{"not_picked":["SacredBark","Astrolabe"],"picked":"Black Star"}],"items_purged_floors":[14],"is_endless":false,"potions_floor_spawned":[1,8,12,16,18],"killed_by":"Slavers","ascension_level":0}}