{"host":"i58uscbei3sy5089","time":1611070207,"event":{"mods":["ATMod(°¢èªMod)","Act Like it!","BaseMod","Challenge The Spire","Colored Powertips","Conspire","Gensokyo","Infinite Spire","KinomotoSakuraMod(Ä¾Ö®±¾Ó£)","Lobotomy","LobotomyExtend","Minty Spire (QoL Compilation)","MostiFishMod","Quick Restart","Remilia£¨ÀÙÃ×ÀòÑÇ£©","Replay The Spire","Shop Mod","Spicy Shops","StSLib","TestMod","The Alterego","UnlockEverythingMod","[IsaacMod]ÒÔÈö¼âËþ","vexMod","¡¾¹¦ÄÜMod¡¿»ìãçÖ®»·ÐÞ¸´²¹¶¡","¡¾ÒÅÎï¿¨ÅÆ¡¿REMEMod","óô»ðÖ¸ÄÏ"],"gold_per_floor":[225,262,286,286,306,306,345,371,371,413,434,459,131,155,155,580,580,580,580,219,246,246,246,281,281,355,588,803,803,821,821],"floor_reached":30,"language":"ZHS","playtime":2111,"items_purged":[],"score":542,"play_id":"22ec0645-44d3-4dad-9a27-64b1a38ce112","local_time":"20210119233007","is_ascension_mode":true,"campfire_choices":[{"data":"AT_LightSaberMaster","floor":6.0,"key":"SMITH"},{"data":"ScarletShoot","floor":23,"key":"SMITH"},{"data":"RedMoon","floor":25,"key":"SMITH"},{"data":"EndlessAdversity","floor":29,"key":"SMITH"}],"circlet_count":0,"master_deck":["Strike_RM","Strike_RM","Strike_RM","Strike_RM","Defend_RM+1","Defend_RM+1","Defend_RM+1","Defend_RM+1","RedMoon+1","ScarletShoot+1","AT_LightSaberMaster+1","ForecastOfChange+1","Ultimatum+1","REME_SelfUpgrade+1","Dazed","UnderTheZenith+1","UnderTheZenith+1","BlasphemousPunishment+1","EternalNight+1","Pain","Dazed","Gensokyo:BlemishedSteel","TransientEternity","EndlessAdversity","EndlessAdversity+1","ScarletImprint+1"],"relics":["ScarletHat","testmod-TestBox","HushsDoor","DaveBox","AT_ATBox","REME_ComplimentaryCards","BookofShadows","ChiXiaoBlade","testmod-DeterminationOfClimber","SynthV:TestCard","LetterFromLob","PreservedInsect","BookOfRevelations","Replay:Bottled Eggs","Prayer Wheel","testmod-IWantAll","Gensokyo:LunaticRedEyes","Ring of Chaos","BirthdayGift-Icosahedron","PillsDrop","testmod-IntensifyImprint","AT_RedTearstoneRing","Shuriken","White Beast Statue","War Paint"],"acts_visited":["Exordium","Gensokyo:Gensokyo"],"potions_floor_usage":[],"damage_taken":[{"damage":1.0,"enemies":"Gensokyo:Gryphon","floor":1.0,"turns":3.0},{"damage":0.0,"enemies":"conspire:MimicChest","floor":2.0,"turns":2.0},{"damage":0.0,"enemies":"Gensokyo:Python","floor":3.0,"turns":4.0},{"damage":0.0,"enemies":"Gensokyo:3_Fairies","floor":5.0,"turns":4.0},{"damage":0.0,"enemies":"Gensokyo:Aya","floor":7.0,"turns":4.0},{"damage":7.0,"enemies":"Gensokyo:3_Kodama","floor":8.0,"turns":4.0},{"damage":0.0,"enemies":"Gensokyo:Cirno","floor":10.0,"turns":5.0},{"damage":0.0,"enemies":"Gensokyo:LivingMonolith","floor":11.0,"turns":3.0},{"damage":0.0,"enemies":"Gensokyo:2_Rabbits","floor":12.0,"turns":3.0},{"damage":2.0,"enemies":"Gensokyo:Kitsune","floor":14.0,"turns":6.0},{"damage":26.0,"enemies":"Gensokyo:Reimu","floor":16.0,"turns":5.0},{"damage":14.0,"enemies":"Gensokyo:3_Dogs","floor":21.0,"turns":1.0},{"damage":4,"enemies":"Gensokyo:Tenshi","floor":24,"turns":2},{"damage":0,"enemies":"Gensokyo:Koishi","floor":27,"turns":1},{"damage":0,"enemies":"Gensokyo:Chomper","floor":28,"turns":1},{"damage":0,"enemies":"Gensokyo:Wraith","floor":30,"turns":2}],"seed_played":"-5834675977067371456","potions_obtained":[{"floor":3.0,"key":"SkillPotion"},{"floor":7.0,"key":"Elixir"},{"floor":10.0,"key":"Fire Potion"}],"is_trial":false,"path_per_floor":["M","?","M","?","M","R","E","M","T","E","M","M","COS","M","R","B",null,"M","?","COS","M","?","R","E","R","T","E","M","R","M"],"character_chosen":"REMILIA","items_purchased":[],"campfire_rested":0,"item_purchase_floors":[],"current_hp_per_floor":[75,75,75,75,75,75,75,73,73,75,75,75,75,75,75,72,75,25,32,32,29,29,29,27,27,27,33,37,37,39,39],"gold":821,"neow_bonus":"HUNDRED_GOLD","is_daily":false,"chose_seed":false,"campfire_upgraded":4,"win_rate":0.0,"timestamp":1611070207,"path_taken":["M","?","M","?","?","R","E","M","T","E","M","?","COS","M","R","BOSS","M","?","COS","M","?","R","E","R","T","E","M","R","M"],"items_purchased_type":[],"build_version":"2020-12-22","purchased_purges":0,"victory":false,"max_hp_per_floor":[75,75,75,75,75,75,75,75,75,75,75,75,75,75,75,75,75,75,75,75,75,69,69,69,69,69,69,69,69,69,69],"card_choices":[{"not_picked":[],"picked":"Bomb","floor":0.0},{"not_picked":["ScarletImprint","Maim","EndlessAdversity"],"picked":"SKIP","floor":1.0},{"not_picked":["CharismaGuard","BloodyTrap","VampireSweep","FavorOfDestiny"],"picked":"ForecastOfChange","floor":3.0},{"not_picked":["ScarletImprint","StarOfDavid","UnstableMagic","ForbiddenFruit"],"picked":"Ultimatum","floor":5.0},{"not_picked":["ForbiddenFruit","BloodAndWine","HeartBreak","EmergencyRegeneration","BloodyTrap"],"picked":"EquivalentExchange","floor":7.0},{"not_picked":["VampireFantasy","CharismaGuard","BloodHunter","StarOfDavid","VampireClaw","VampireSweep"],"picked":"SKIP","floor":7.0},{"not_picked":["HunterOfTheNight","Stigmanizer","DevilSight","StarOfDavid","SuperhumanBloodyKnife","MastersStateliness"],"picked":"SKIP","floor":8.0},{"not_picked":["ScarletDevilSign","CeilingFear","ScarletDream","EndlessAdversity","RedRainbow"],"picked":"UnderTheZenith","floor":10.0},{"not_picked":["UltimateOffering","EndlessAdversity","UnstableMagic","Septette","NightLord","VampireKiss"],"picked":"SKIP","floor":11.0},{"not_picked":["NightDance","UnstableMagic","ReincarnationDial","SuperhumanBloodyKnife","ChainGang","AfternoonTea"],"picked":"SKIP","floor":11.0},{"not_picked":["LeisurelyOfLord","ScarletDevil","HunterOfTheNight","FitfulNightmare","RedRainbow","DiffusionOfMisfortune"],"picked":"SKIP","floor":11.0},{"not_picked":["DiffusionOfMisfortune","NightDance","FavorOfDestiny","StarOfDavid","RedRainbow"],"picked":"UnderTheZenith","floor":12.0},{"not_picked":["EndlessAdversity","DevilSight","ScarletDevil","CharismaGuard","BombardNight","StarOfDavid"],"picked":"SKIP","floor":12.0},{"not_picked":["ScarletMeister","RedRainbow","Stigmanizer","NightLord","StarOfDavid","ScarletImprint"],"picked":"SKIP","floor":12.0},{"not_picked":["VampireKiss+1","ScarletImprint+1","DiffusionOfMisfortune+1","ChainGang+1","ScarletDevil+1"],"picked":"BlasphemousPunishment+1","floor":14.0},{"not_picked":["NightDance","DiffusionOfMisfortune","RedMagic","Septette","Ultimatum"],"picked":"EternalNight","floor":14.0},{"not_picked":["BadLadyScramble","StarOfDavid","RedMagic","VampireClaw","BombardNight","NightDance"],"picked":"SKIP","floor":14.0},{"not_picked":["HellCatastrophe","BloodySeventeenLaser","CurseOfVladTepes","BloodRain","TricksterDevil"],"picked":"ChaoticDestiny","floor":16.0},{"not_picked":["UnderTheZenith","RedRainbow","BloodHunter+1","ScarletNetherworld+1"],"picked":"TransientEternity","floor":21},{"not_picked":["BombardNight","FavorOfDestiny+1","StarOfDavid","ScarletImprint","RedRainbow+1"],"picked":"SKIP","floor":21},{"not_picked":["QueenOfMidnight","FavorOfDestiny","BombardNight","FitfulNightmare","ScarletMeister","BlasphemousPunishment","UnderTheZenith+1"],"picked":"SKIP","floor":24},{"not_picked":["Stigmanizer","EternalNight","BadLadyScramble","VampireFantasy"],"picked":"EndlessAdversity","floor":27},{"not_picked":["Stigmanizer","EternalNight","BadLadyScramble","VampireFantasy"],"picked":"EndlessAdversity","floor":27},{"not_picked":["ScarletSymphony","AfternoonTea","Stigmanizer","RedMagic+1","VampireKiss+1"],"picked":"SKIP","floor":27},{"not_picked":["ScarletSymphony","AfternoonTea","Stigmanizer","RedMagic+1","VampireKiss+1"],"picked":"SKIP","floor":27},{"not_picked":["ScarletGensokyo+1","NightDance+1","DevilSight","FavorOfDestiny","BloodHunter+1","VampireKiss"],"picked":"ScarletImprint+1","floor":28},{"not_picked":["DiffusionOfMisfortune+1","TricksterDevil","CharismaGuard","SuperhumanBloodyKnife+1","RedMagic","ScarletSymphony","BombardNight"],"picked":"SKIP","floor":28}],"player_experience":638143,"relics_obtained":[{"floor":1.0,"key":"SynthV:TestCard"},{"floor":1.0,"key":"LetterFromLob"},{"floor":2.0,"key":"PreservedInsect"},{"floor":7.0,"key":"BookOfRevelations"},{"floor":9.0,"key":"Replay:Bottled Eggs"},{"floor":10.0,"key":"Prayer Wheel"},{"floor":24,"key":"AT_RedTearstoneRing"},{"floor":26,"key":"Shuriken"},{"floor":27,"key":"White Beast Statue"}],"event_choices":[],"is_beta":false,"boss_relics":[{"not_picked":["testmod-Recursion","TakeMeEscape"],"picked":"Ring of Chaos"},{"not_picked":[]}],"items_purged_floors":[],"is_endless":false,"potions_floor_spawned":[3,7,10,12,16,28,30],"killed_by":"Gensokyo:Wraith","ascension_level":2}}