{"host":"jik2t8ix0jx4gxjb","time":1611047613,"event":{"mods":["AchievementEnabler","BaseMod","Colored Map","Colored Powertips","Hermit","Highlight Path","Minty Spire (QoL Compilation)","Shop Mod","StSLib","SuperFastMode"],"gold_per_floor":[1000000,1000000,1000011,1000011,1000011,1000011,1000011,1000011,1000011,1000011,1000026,1000026,999197,999215,999215,999316,999316,999326,998473,998484,998484,998509,998509,998536,998536,998583,998583,998583,997738,997766,997792,997792,997896,997896,997910,997417,997442,997060,997060,997079,996775,996775,996775,996821,996839,996839,996839,996867,996867,996872,996872,996872,996486,996555,996555],"floor_reached":56,"language":"KOR","playtime":2336,"items_purged":["hermit:Strike_Hermit","hermit:Strike_Hermit","hermit:Defend_Hermit","hermit:Strike_Hermit","hermit:Strike_Hermit"],"score":1371,"play_id":"28b647cd-1ce4-46d5-93d8-948d936c9752","local_time":"20210119181333","is_ascension_mode":false,"campfire_choices":[{"data":"hermit:HighCaliber","floor":6,"key":"SMITH"},{"floor":10,"key":"RECALL"},{"data":"hermit:CursedWeapon","floor":15,"key":"SMITH"},{"floor":23,"key":"REST"},{"floor":27,"key":"REST"},{"data":"hermit:Midnight","floor":32,"key":"SMITH"},{"floor":46,"key":"REST"},{"data":"hermit:Combo","floor":49,"key":"SMITH"},{"data":"Master of Strategy","floor":52,"key":"SMITH"}],"circlet_count":0,"master_deck":["hermit:Snapshot+1","hermit:Covet","hermit:Headshot","hermit:TakeAim","hermit:Virtue","hermit:HighCaliber+1","hermit:CursedWeapon+1","hermit:Brawl+1","hermit:Headshot","hermit:TakeAim","hermit:Manifest","hermit:Spite","hermit:TakeCover","hermit:Combo","hermit:TakeCover","hermit:BlackWind","hermit:CalledShot","hermit:Malice","hermit:DeadOrAlive+1","hermit:Combo","Master of Strategy+1","hermit:Brawl","hermit:Dive","hermit:Midnight+1","hermit:WideOpen","hermit:Roughhouse","hermit:TakeAim","hermit:Manifest","hermit:Scavenge","hermit:HighCaliber","hermit:ShadowCloak","hermit:Headshot","hermit:Purgatory","hermit:Ricochet+1","hermit:Combo+1","hermit:Snipe","hermit:Malice","hermit:TrackingShot+1","hermit:Brawl","hermit:Quickdraw","hermit:Dive","hermit:GoldenBullet","hermit:Brawl","hermit:WideOpen","hermit:Quickdraw","hermit:Brawl","Discovery","hermit:BigShot","hermit:Glare+1"],"relics":["hermit:Momento","NeowsBlessing","Frozen Eye","Tiny Chest","Lantern","HandDrill","Kunai","Omamori","Shuriken","FaceOfCleric","Toy Ornithopter","Bottled Flame","Strange Spoon","Letter Opener","hermit:Horseshoe","Empty Cage","Lee\u0027s Waffle","Singing Bowl","Pen Nib","hermit:RyeStalk","Chemical X","Centennial Puzzle","Juzu Bracelet","Runic Pyramid","Membership Card","Boot","Whetstone","TungstenRod","Torii","TheAbacus","Gambling Chip","InkBottle","Regal Pillow","Toolbox","Blood Vial","Pantograph","Bag of Preparation"],"acts_visited":["Exordium","TheCity","TheBeyond","TheEnding"],"potions_floor_usage":[30,50,55,55],"damage_taken":[{"damage":0,"enemies":"2 Louse","floor":1,"turns":1},{"damage":0,"enemies":"Jaw Worm","floor":3,"turns":1},{"damage":2,"enemies":"Cultist","floor":11,"turns":1},{"damage":2,"enemies":"Red Slaver","floor":14,"turns":2},{"damage":7,"enemies":"The Guardian","floor":16,"turns":4},{"damage":2,"enemies":"Chosen","floor":18,"turns":1},{"damage":20,"enemies":"Shell Parasite","floor":20,"turns":3},{"damage":19,"enemies":"Snecko","floor":22,"turns":4},{"damage":20,"enemies":"Book of Stabbing","floor":24,"turns":3},{"damage":2,"enemies":"Slavers","floor":30,"turns":1},{"damage":2,"enemies":"Chosen and Byrds","floor":31,"turns":1},{"damage":6,"enemies":"Automaton","floor":33,"turns":4},{"damage":2,"enemies":"Orb Walker","floor":35,"turns":1},{"damage":15,"enemies":"3 Shapes","floor":37,"turns":2},{"damage":16,"enemies":"Sphere and 2 Shapes","floor":40,"turns":2},{"damage":1,"enemies":"Writhing Mass","floor":45,"turns":2},{"damage":1,"enemies":"Maw","floor":48,"turns":2},{"damage":31,"enemies":"Awakened One","floor":50,"turns":5},{"damage":1,"enemies":"Shield and Spear","floor":54,"turns":2},{"damage":37,"enemies":"The Heart","floor":55,"turns":4}],"seed_played":"-6913313625248955249","potions_obtained":[{"floor":3,"key":"Energy Potion"},{"floor":16,"key":"PowerPotion"},{"floor":22,"key":"Swift Potion"},{"floor":24,"key":"DuplicationPotion"}],"is_trial":false,"path_per_floor":["M","$","M","?","$","R","?","?","T","R","M","T","$","M","R","B",null,"M","$","M","?","M","R","E","?","T","R","T","$","E","M","R","B",null,"M","$","M","$","?","M","$","?","T","T","M","R","?","M","R","B",null,"R","$","E","B",null],"character_chosen":"HERMIT","items_purchased":["Frozen Eye","Tiny Chest","Lantern","hermit:TakeAim","hermit:Virtue","hermit:HighCaliber","hermit:CursedWeapon","HandDrill","Kunai","Omamori","hermit:Headshot","hermit:TakeAim","hermit:Manifest","hermit:Spite","Strange Spoon","Letter Opener","hermit:Horseshoe","hermit:Combo","hermit:TakeCover","hermit:BlackWind","hermit:CalledShot","Master of Strategy","Lee\u0027s Waffle","Singing Bowl","hermit:Brawl","hermit:Dive","hermit:RyeStalk","Chemical X","Centennial Puzzle","hermit:TakeAim","hermit:Manifest","hermit:Scavenge","hermit:HighCaliber","hermit:Combo","Membership Card","Boot","Whetstone","hermit:Snipe","hermit:Malice","FairyPotion","TungstenRod","Torii","hermit:Brawl","hermit:Quickdraw","hermit:Dive","TheAbacus","Gambling Chip","hermit:Brawl","hermit:WideOpen","hermit:Quickdraw","Discovery","hermit:BigShot","Toolbox","Blood Vial","Pantograph","Dexterity Potion"],"campfire_rested":3,"item_purchase_floors":[2,2,2,2,2,2,2,5,5,5,5,5,5,5,13,13,13,13,13,13,13,19,19,19,19,19,29,29,29,29,29,29,29,36,36,36,36,36,36,36,38,38,38,38,38,41,41,41,41,41,53,53,53,53,53,53],"current_hp_per_floor":[75,75,75,75,75,75,75,75,75,75,74,74,74,73,73,67,78,77,86,67,67,49,75,56,56,56,82,82,82,86,85,85,80,92,91,91,77,77,77,62,62,64,64,64,64,98,93,95,95,67,97,97,97,97,72],"gold":996555,"neow_bonus":"THREE_ENEMY_KILL","is_daily":false,"chose_seed":false,"campfire_upgraded":5,"win_rate":0.0,"timestamp":1611047613,"path_taken":["M","$","M","?","$","R","?","?","T","R","M","?","$","M","R","BOSS","M","$","M","?","?","R","E","?","T","R","?","$","E","M","R","BOSS","M","$","M","$","?","M","?","?","T","?","M","R","?","M","R","BOSS","R","$","E","BOSS"],"items_purchased_type":["Relic","Relic","Relic","Card","Card","Card","Card","Relic","Relic","Relic","Card","Card","Card","Card","Relic","Relic","Relic","Card","Card","Card","Card","Card","Relic","Relic","Card","Card","Relic","Relic","Relic","Card","Card","Card","Card","Card","Relic","Relic","Relic","Card","Card","Potion","Relic","Relic","Card","Card","Card","Relic","Relic","Card","Card","Card","Card","Card","Relic","Relic","Relic","Potion"],"build_version":"2020-12-22","purchased_purges":5,"victory":true,"max_hp_per_floor":[75,75,75,75,75,75,75,75,75,75,76,76,76,77,77,78,78,79,86,87,87,88,88,89,89,89,89,89,89,90,91,91,92,92,93,93,94,94,94,95,95,97,97,97,98,98,93,96,96,97,97,97,97,98,99],"card_choices":[{"not_picked":["hermit:Roulette","hermit:FullyLoaded"],"picked":"hermit:Headshot","floor":1},{"not_picked":["hermit:Headshot","hermit:Grudge"],"picked":"hermit:Brawl","floor":3},{"not_picked":["hermit:Glare","hermit:BodyArmor"],"picked":"hermit:TakeCover","floor":11},{"not_picked":["hermit:Roulette","hermit:EyeOfTheStorm"],"picked":"hermit:Malice","floor":14},{"not_picked":["hermit:Reprieve","hermit:FatalDesire"],"picked":"hermit:DeadOrAlive","floor":16},{"not_picked":["hermit:Malice","hermit:Manifest"],"picked":"hermit:Combo","floor":18},{"not_picked":["hermit:Spite","hermit:Deadeye"],"picked":"hermit:Midnight","floor":20},{"not_picked":["hermit:LowProfile","hermit:SprayPray"],"picked":"hermit:WideOpen","floor":22},{"not_picked":["hermit:TakeCover","hermit:ItchyTrigger"],"picked":"hermit:Roughhouse","floor":24},{"not_picked":["hermit:Manifest+1","hermit:ItchyTrigger+1"],"picked":"hermit:ShadowCloak","floor":30},{"not_picked":["hermit:Snipe+1","hermit:Coalescence"],"picked":"hermit:Headshot","floor":31},{"not_picked":["hermit:Roughhouse","hermit:HeroicBravado"],"picked":"hermit:Purgatory","floor":33},{"not_picked":["hermit:Snipe","hermit:Combo"],"picked":"hermit:Ricochet+1","floor":35},{"not_picked":["hermit:Feint+1","hermit:FlashPowder+1"],"picked":"hermit:TrackingShot+1","floor":37},{"not_picked":["hermit:Midnight+1","hermit:TrackingShot"],"picked":"hermit:GoldenBullet","floor":40},{"not_picked":["Enlightenment","Deep Breath","PanicButton"],"picked":"Singing Bowl","floor":42},{"not_picked":["hermit:Coalescence","hermit:CalledShot"],"picked":"hermit:Brawl","floor":45},{"not_picked":["hermit:LuckOfTheDraw","hermit:Scavenge","hermit:Dive+1"],"picked":"Singing Bowl","floor":48},{"not_picked":["hermit:Headshot","hermit:Snipe"],"picked":"hermit:Glare+1","floor":54}],"player_experience":75051,"relics_obtained":[{"floor":9,"key":"Toy Ornithopter"},{"floor":12,"key":"Bottled Flame"},{"floor":26,"key":"Pen Nib"},{"floor":30,"key":"Juzu Bracelet"},{"floor":43,"key":"InkBottle"},{"floor":44,"key":"Regal Pillow"},{"floor":54,"key":"Bag of Preparation"}],"event_choices":[{"damage_healed":0,"gold_gain":0,"player_choice":"Grow","damage_taken":0,"max_hp_gain":0,"max_hp_loss":0,"event_name":"Living Wall","floor":4,"gold_loss":0,"cards_upgraded":["hermit:Brawl"]},{"damage_healed":0,"gold_gain":0,"player_choice":"Box","damage_taken":0,"relics_obtained":["Shuriken"],"max_hp_gain":0,"max_hp_loss":0,"event_name":"Big Fish","floor":7,"gold_loss":0,"cards_obtained":["Regret"]},{"damage_healed":0,"gold_gain":0,"player_choice":"Trade","damage_taken":0,"relics_obtained":["FaceOfCleric"],"max_hp_gain":0,"max_hp_loss":0,"event_name":"FaceTrader","floor":8,"gold_loss":0},{"cards_removed":["hermit:Defend_Hermit"],"damage_healed":0,"gold_gain":0,"player_choice":"Offered Basic","damage_taken":0,"max_hp_gain":0,"max_hp_loss":0,"event_name":"Bonfire Elementals","floor":21,"gold_loss":0},{"damage_healed":0,"gold_gain":0,"player_choice":"Ignored","damage_taken":0,"max_hp_gain":0,"max_hp_loss":0,"event_name":"Ghosts","floor":25,"gold_loss":0},{"damage_healed":0,"gold_gain":0,"player_choice":"Got Potions","damage_taken":0,"max_hp_gain":0,"max_hp_loss":0,"event_name":"Lab","floor":39,"gold_loss":0},{"damage_healed":0,"gold_gain":0,"player_choice":"Memory 1","damage_taken":0,"max_hp_gain":0,"max_hp_loss":0,"event_name":"SensoryStone","floor":42,"gold_loss":0},{"damage_healed":0,"gold_gain":0,"player_choice":"Max HP","damage_taken":0,"max_hp_gain":0,"max_hp_loss":5,"event_name":"Winding Halls","floor":47,"gold_loss":0}],"is_beta":false,"boss_relics":[{"not_picked":["Astrolabe","Busted Crown"],"picked":"Empty Cage"},{"not_picked":["Velvet Choker","Cursed Key"],"picked":"Runic Pyramid"}],"items_purged_floors":[2,5,13,19,29],"is_endless":false,"potions_floor_spawned":[3,16,22,24,40,45,48],"ascension_level":0}}