{"host":"7xu95vgv3ii4fnvo","time":1611050316,"event":{"mods":["100% Spire Juice","ATMod(°¢èªMod)","Arknights The Spire","BaseMod","Challenge The Spire","Colored Powertips","Dota2Spire","HololiveMod","Lobotomy","Minty Spire (QoL Compilation)","MostiFishMod","Quick Restart","Relic Stats","Replay The Spire","Spicy Shops","StSLib","The Invoker Mod","¡¾ÒÅÎï¿¨ÅÆ¡¿REMEMod"],"gold_per_floor":[117,13,26,26,46,71,84,116,116,130,25,25,25,60,111,111,111],"floor_reached":16,"language":"ZHS","playtime":3323,"items_purged":[],"score":149,"play_id":"1c90f50e-e4da-4fa4-ba41-7fb075fe93ea","local_time":"20210119175836","is_ascension_mode":false,"campfire_choices":[{"floor":13,"key":"RECALL"}],"circlet_count":0,"master_deck":["Moonworks:Strike","Moonworks:Strike","Moonworks:Strike","Moonworks:Strike","Moonworks:Defend","Moonworks:Defend","Moonworks:Defend","Moonworks:Defend","Moonworks:Ambush","Moonworks:LongDistanceShot","GoldRush","AT_Dispersion","Bloodbath","Moonworks:SakisCookie","Moonworks:NicePresent","Moonworks:CompletionReward","Moonworks:Assault","Moonworks:EvilSpyWorkPreparation","Moonworks:Flamethrower","Moonworks:CloudOfSeagulls","Moonworks:EvilSpyWorkPreparation","Moonworks:Heat300Percent"],"relics":["Moonworks:BrokenBomb","Moonworks:Homemark","REME_ComplimentaryCards","AT_ATBox","DaveBox","Transparent","CogitoBucket","SynthV:TestCard","Dota2Spire:MaskOfMadness","Pantograph","Dota2Spire:ArmletOfMordiggian"],"acts_visited":["Exordium"],"potions_floor_usage":[],"damage_taken":[{"damage":6,"enemies":"Small Slimes","floor":1,"turns":1},{"damage":18,"enemies":"Cultist","floor":2,"turns":3},{"damage":6,"enemies":"Jaw Worm","floor":3,"turns":1},{"damage":6,"enemies":"Looter","floor":5,"turns":1},{"damage":24,"enemies":"3 Sentries","floor":6,"turns":3},{"damage":30,"enemies":"Exordium Wildlife","floor":7,"turns":2},{"damage":12,"enemies":"Replay:BlueRogue","floor":8,"turns":2},{"damage":6,"enemies":"Blue Slaver","floor":10,"turns":1},{"damage":12,"enemies":"Exordium Thugs","floor":11,"turns":2},{"damage":14,"enemies":"Gremlin Nob","floor":14,"turns":2},{"damage":66,"enemies":"The Guardian","floor":16,"turns":4}],"seed_played":"6485894155357705580","potions_obtained":[{"floor":1,"key":"EssenceOfSteel"},{"floor":3,"key":"Venom Potion"},{"floor":6,"key":"Dota2Spire:HealingSalve"}],"is_trial":false,"path_per_floor":["M","M","M","$","M","E","M","E","T","M","M","$","R","E","R","B"],"character_chosen":"THE_STARBREAKER","items_purchased":[],"campfire_rested":0,"item_purchase_floors":[],"current_hp_per_floor":[60,60,60,60,60,60,60,60,60,60,60,60,60,60,60,0,0],"gold":111,"neow_bonus":"","is_daily":false,"chose_seed":false,"campfire_upgraded":0,"win_rate":0.0,"timestamp":1611050316,"path_taken":["M","M","M","$","M","E","M","E","T","M","M","$","R","E","R","BOSS"],"items_purchased_type":[],"build_version":"2020-12-22","purchased_purges":0,"victory":false,"max_hp_per_floor":[60,60,60,60,60,60,60,60,60,60,60,60,60,60,60,60,60],"relic_stats":{"counters":[12,22],"Pantograph":0,"obtain_stats":[{"Dota2Spire:MaskOfMadness":6,"CogitoBucket":0,"AT_ATBox":0,"SynthV:TestCard":1,"DaveBox":0,"Transparent":0,"Moonworks:Homemark":0,"Pantograph":8,"Dota2Spire:ArmletOfMordiggian":14,"Moonworks:BrokenBomb":0,"REME_ComplimentaryCards":0},{"Dota2Spire:MaskOfMadness":5,"CogitoBucket":0,"AT_ATBox":0,"SynthV:TestCard":1,"DaveBox":0,"Transparent":0,"Moonworks:Homemark":0,"Pantograph":8,"Dota2Spire:ArmletOfMordiggian":11,"Moonworks:BrokenBomb":0,"REME_ComplimentaryCards":0},{"Dota2Spire:MaskOfMadness":9,"CogitoBucket":0,"AT_ATBox":0,"SynthV:TestCard":1,"DaveBox":0,"Transparent":0,"Moonworks:Homemark":0,"Pantograph":14,"Dota2Spire:ArmletOfMordiggian":19,"Moonworks:BrokenBomb":0,"REME_ComplimentaryCards":0}]},"card_choices":[{"not_picked":["PunishingBird","Murderer"],"picked":"Bloodbath","floor":1},{"not_picked":["Moonworks:CloudOfSeagulls","Moonworks:Assault"],"picked":"Moonworks:SakisCookie","floor":1},{"not_picked":["Moonworks:ImOnFire","Moonworks:RagingMadness","Moonworks:SelfDestruct","Moonworks:IndiscriminateFireSupport"],"picked":"Moonworks:NicePresent","floor":2},{"not_picked":["Moonworks:IndiscriminateFireSupport","Moonworks:DeployBits","Moonworks:ImOnFire","Moonworks:WindyEnchantment"],"picked":"Moonworks:CompletionReward","floor":3},{"not_picked":["Moonworks:BigMagnum","Moonworks:GoAway","Moonworks:NicePresent","Moonworks:CloudOfSeagulls"],"picked":"Moonworks:Assault","floor":5},{"not_picked":["Moonworks:ExtendedPhotonRifle","Moonworks:ImOnFire","Moonworks:NicePresent","Moonworks:BigMagnum"],"picked":"Moonworks:EvilSpyWorkPreparation","floor":6},{"not_picked":["Moonworks:TreasureThief","Moonworks:BigMagnum","Moonworks:CloudOfSeagulls","Moonworks:DeployBits"],"picked":"Moonworks:Flamethrower","floor":7},{"not_picked":["Moonworks:LulusLuckyEgg","Moonworks:CloudOfSeagulls","Moonworks:SinkOrSwim","Moonworks:OutOfAmmo","Moonworks:EvilSpyWorkPreparation"],"picked":"SKIP","floor":8},{"not_picked":["Moonworks:EvilSpyWorkPreparation","Moonworks:NicePresent","Moonworks:ImOnFire","Moonworks:LuckyCharm"],"picked":"Moonworks:CloudOfSeagulls","floor":10},{"not_picked":["Moonworks:ReflectiveShell","Moonworks:SakisCookie","Moonworks:BigMagnum","Moonworks:Assault"],"picked":"Moonworks:EvilSpyWorkPreparation","floor":11},{"not_picked":["Moonworks:CloudOfSeagulls","Moonworks:SakisCookie","Moonworks:ImmovableObject","Moonworks:BeyondHell"],"picked":"Moonworks:Heat300Percent","floor":14}],"player_experience":103945,"relics_obtained":[{"floor":1,"key":"SynthV:TestCard"},{"floor":6,"key":"Dota2Spire:MaskOfMadness"},{"floor":8,"key":"Pantograph"},{"floor":14,"key":"Dota2Spire:ArmletOfMordiggian"}],"event_choices":[],"is_beta":false,"boss_relics":[],"items_purged_floors":[],"is_endless":false,"potions_floor_spawned":[1,3,6,8],"killed_by":"The Guardian","ascension_level":0}}