{"host":"pf47v7h0307523iy","time":1611083685,"event":{"mods":["BaseMod","Minty Spire (QoL Compilation)"],"gold_per_floor":[111,111,125,135,145,145,70,70,70,70,98,98,114,145,145,224,224,202,14,14,24,36,36,36],"floor_reached":23,"language":"ENG","playtime":1851,"items_purged":["Pain","Strike_G"],"score":452,"play_id":"11e4f040-bd4d-45a1-97c9-8ebdb7f86d0a","local_time":"20210119211445","is_ascension_mode":true,"campfire_choices":[{"data":"Footwork","floor":6,"key":"SMITH"},{"data":"Dash","floor":8,"key":"SMITH"},{"data":"Footwork","floor":15,"key":"SMITH"}],"circlet_count":0,"master_deck":["AscendersBane","Strike_G","Strike_G","Strike_G","Defend_G","Defend_G","Defend_G","Defend_G","Defend_G","Survivor","Neutralize","Poisoned Stab","Dash+1","Footwork+1","Acrobatics","After Image","Footwork+1","After Image","Footwork","Dodge and Roll","Blur"],"relics":["Runic Pyramid","WarpedTongs","The Specimen","Torii","FossilizedHelix","Runic Dome"],"acts_visited":["Exordium","TheCity"],"potions_floor_usage":[11,23],"damage_taken":[{"damage":0,"enemies":"2 Louse","floor":1,"turns":4},{"damage":2,"enemies":"Cultist","floor":3,"turns":4},{"damage":6,"enemies":"Small Slimes","floor":4,"turns":5},{"damage":4,"enemies":"2 Fungi Beasts","floor":5,"turns":4},{"damage":0,"enemies":"Lagavulin","floor":11,"turns":7},{"damage":0,"enemies":"Red Slaver","floor":13,"turns":4},{"damage":8,"enemies":"3 Sentries","floor":14,"turns":12},{"damage":10,"enemies":"Hexaghost","floor":16,"turns":16},{"damage":1,"enemies":"2 Thieves","floor":18,"turns":4},{"damage":0,"enemies":"Shell Parasite","floor":21,"turns":8},{"damage":0,"enemies":"Chosen and Byrds","floor":22,"turns":12},{"damage":71,"enemies":"Gremlin Leader","floor":23,"turns":6}],"seed_played":"-8945373760919097852","potions_obtained":[{"floor":4,"key":"FearPotion"},{"floor":11,"key":"GamblersBrew"},{"floor":13,"key":"Explosive Potion"},{"floor":18,"key":"CultistPotion"}],"is_trial":false,"path_per_floor":["M","?","M","M","M","R","$","R","T","?","E","?","M","E","R","B",null,"M","$","?","M","M","E"],"character_chosen":"THE_SILENT","items_purchased":["Footwork"],"campfire_rested":0,"item_purchase_floors":[19],"current_hp_per_floor":[59,59,57,51,47,47,47,47,47,66,66,66,66,58,58,48,62,61,61,61,61,61,0,0],"gold":36,"neow_bonus":"BOSS_RELIC","is_daily":false,"chose_seed":false,"campfire_upgraded":3,"win_rate":0.0,"timestamp":1611083685,"path_taken":["M","?","M","M","?","R","$","R","T","?","E","?","M","E","R","BOSS","M","$","?","?","M","E"],"items_purchased_type":["Card"],"build_version":"2020-12-22","purchased_purges":2,"victory":false,"max_hp_per_floor":[66,66,66,66,66,66,66,66,66,66,66,66,66,66,66,66,66,66,66,66,66,66,66,66],"card_choices":[{"not_picked":["Deflect","Slice"],"picked":"Poisoned Stab","floor":1},{"not_picked":["Quick Slash","Reflex","Underhanded Strike"],"picked":"SKIP","floor":3},{"not_picked":["Distraction","Quick Slash"],"picked":"Dash","floor":4},{"not_picked":["Blade Dance","Slice"],"picked":"Footwork","floor":5},{"not_picked":["Infinite Blades","Prepared"],"picked":"Acrobatics","floor":11},{"not_picked":["Sucker Punch","Blade Dance"],"picked":"After Image","floor":13},{"not_picked":["Deadly Poison","Cloak And Dagger"],"picked":"Footwork","floor":14},{"not_picked":["Wraith Form v2","Grand Finale"],"picked":"After Image","floor":16},{"not_picked":["Infinite Blades","Sucker Punch","Dagger Throw"],"picked":"SKIP","floor":18},{"not_picked":["Predator","Bouncing Flask"],"picked":"Dodge and Roll","floor":21},{"not_picked":["Backflip","Terror"],"picked":"Blur","floor":22}],"player_experience":1671826,"relics_obtained":[{"floor":9,"key":"The Specimen"},{"floor":11,"key":"Torii"},{"floor":14,"key":"FossilizedHelix"}],"event_choices":[{"damage_healed":0,"gold_gain":0,"player_choice":"Rummage","damage_taken":0,"relics_obtained":["WarpedTongs"],"max_hp_gain":0,"max_hp_loss":0,"event_name":"Accursed Blacksmith","floor":2,"gold_loss":0,"cards_obtained":["Pain"]},{"damage_healed":22,"gold_gain":0,"player_choice":"Banana","damage_taken":0,"max_hp_gain":0,"max_hp_loss":0,"event_name":"Big Fish","floor":10,"gold_loss":0},{"damage_healed":0,"gold_gain":0,"player_choice":"Ignored","damage_taken":0,"max_hp_gain":0,"max_hp_loss":0,"event_name":"Liars Game","floor":12,"gold_loss":0},{"cards_removed":["Strike_G"],"damage_healed":0,"gold_gain":0,"player_choice":"Purged","damage_taken":0,"max_hp_gain":0,"max_hp_loss":0,"event_name":"Purifier","floor":20,"gold_loss":0}],"is_beta":false,"boss_relics":[{"not_picked":["SacredBark","Snecko Eye"],"picked":"Runic Dome"}],"items_purged_floors":[7,19],"is_endless":false,"potions_floor_spawned":[4,11,13,18,21],"killed_by":"Gremlin Leader","ascension_level":20}}