{"host":"gk9qdtkqd8dwfeg2","time":1611053088,"event":{"mods":["Act Like it!","Aspiration","BaseMod","Colored Powertips","KomeijiMod","Minty Spire (QoL Compilation)","Quick Restart","Replay The Spire","Shop Mod","StSLib","TestMod","The Gatherer","The Servant 0.9.4","Waifu the Spire","WarShipGirlsR/战舰少女R mod","Yuri Mod","【遗物卡牌】REMEMod"],"gold_per_floor":[117,117,127,127,146,178,178,204,204,232,232,232,244,260,260,333,333,351,34,49,49,66,66,66,66],"floor_reached":24,"language":"ZHS","playtime":721,"items_purged":["Strike_R"],"score":482,"play_id":"ad67412b-61b7-450e-8cfd-762fae1512b0","local_time":"20210119184448","is_ascension_mode":true,"campfire_choices":[{"data":"Armaments","floor":7,"key":"SMITH"},{"data":"REME_PuzzleBox","floor":12,"key":"SMITH"},{"floor":15,"key":"REST"},{"data":"Rupture","floor":23,"key":"SMITH"}],"circlet_count":0,"master_deck":["AscendersBane","Strike_R","Strike_R","Strike_R","Defend_R","Defend_R","Defend_R","Defend_R","Bash","rmod:seals","Armaments+1","ReplayTheSpireMod:Muscle Training","Languid","Body Slam","Shrug It Off","Rupture+1","REME_Fury","REME_PuzzleBox+1","Entrench","Limit Break","REME_FearOfPain"],"relics":["Burning Blood","testmod-TestBox","testmod-ConstraintPeriapt","aspiration:Nostalgia","KomeijisEye","ThirstyCross","ReplayTheSpireMod:Ring of Exchange","Ring of Panic","testmod-TurbochargingSystem","testmod-BalancedPeriapt","Replay:Bottled Flurry","REME_ComplimentaryCards","aspiration:PoetsPen","MerchantsRug"],"acts_visited":["Exordium","TheCity"],"potions_floor_usage":[24],"damage_taken":[{"damage":2,"enemies":"Small Slimes","floor":1,"turns":3},{"damage":2,"enemies":"Jaw Worm","floor":3,"turns":3},{"damage":0,"enemies":"2 Louse","floor":5,"turns":1},{"damage":32,"enemies":"Gremlin Nob","floor":6,"turns":4},{"damage":15,"enemies":"Lagavulin","floor":8,"turns":4},{"damage":43,"enemies":"Gremlin Nob","floor":10,"turns":4},{"damage":0,"enemies":"Looter","floor":13,"turns":2},{"damage":4,"enemies":"Large Slime","floor":14,"turns":2},{"damage":19,"enemies":"Slime Boss","floor":16,"turns":6},{"damage":0,"enemies":"Chosen","floor":18,"turns":2},{"damage":10,"enemies":"3 Byrds","floor":20,"turns":2},{"damage":30,"enemies":"Snake Plant","floor":22,"turns":3},{"damage":187,"enemies":"Book of Stabbing","floor":24,"turns":2}],"seed_played":"8947868808661825844","potions_obtained":[{"floor":3,"key":"ElixirPotion"},{"floor":8,"key":"CalmPotion"},{"floor":22,"key":"BloodPotion"}],"is_trial":false,"path_per_floor":["M","?","M","?","M","E","R","E","T","E","?","R","M","M","R","B",null,"M","$","M","?","M","R","E"],"character_chosen":"IRONCLAD","items_purchased":["MerchantsRug","REME_FearOfPain"],"campfire_rested":1,"item_purchase_floors":[19,19],"current_hp_per_floor":[75,75,75,75,75,49,49,43,43,9,9,9,17,21,43,34,65,72,72,70,70,52,52,0,0],"gold":66,"neow_bonus":"NOSTALGIA","is_daily":false,"chose_seed":false,"campfire_upgraded":3,"win_rate":0.0,"timestamp":1611053088,"path_taken":["M","?","M","?","M","E","R","E","T","E","?","R","?","M","R","BOSS","M","$","M","?","M","R","E"],"items_purchased_type":["Relic","Card"],"build_version":"2020-12-22","purchased_purges":1,"victory":false,"max_hp_per_floor":[75,75,75,75,75,75,75,75,75,75,75,75,75,75,75,75,75,75,75,75,75,75,75,75,75],"card_choices":[{"not_picked":["ReplayTheSpireMod:LeadingStrike","ReplayTheSpireMod:Stacked"],"picked":"Armaments","floor":1},{"not_picked":["Perfected Strike","Twin Strike"],"picked":"ReplayTheSpireMod:Muscle Training","floor":3},{"not_picked":["ReplayTheSpireMod:Corrosion Curse","Havoc"],"picked":"Body Slam","floor":5},{"not_picked":["Cleave","Life Link"],"picked":"Shrug It Off","floor":6},{"not_picked":["Twin Strike","Reaper"],"picked":"Rupture","floor":8},{"not_picked":["Rampage","Sword Boomerang"],"picked":"REME_Fury","floor":10},{"not_picked":["ReplayTheSpireMod:Strike From Hell","Armaments","True Grit"],"picked":"SKIP","floor":13},{"not_picked":["Replay:Undeath\u0027s Touch","Flame Barrier"],"picked":"Entrench","floor":14},{"not_picked":["Corruption","Eclipse"],"picked":"Limit Break","floor":16},{"not_picked":["Armaments","Blood for Blood","Intimidate"],"picked":"SKIP","floor":18},{"not_picked":["Run Through","Sword Boomerang","Flex"],"picked":"SKIP","floor":20},{"not_picked":["Armaments","Blood for Blood","Pommel Strike+1"],"picked":"SKIP","floor":22}],"player_experience":657133,"relics_obtained":[{"floor":4,"key":"ReplayTheSpireMod:Ring of Exchange"},{"floor":4,"key":"Ring of Panic"},{"floor":6,"key":"testmod-TurbochargingSystem"},{"floor":8,"key":"testmod-BalancedPeriapt"},{"floor":10,"key":"Replay:Bottled Flurry"}],"event_choices":[{"damage_healed":0,"gold_gain":0,"player_choice":"Swap Relic","damage_taken":0,"relics_obtained":["REME_ComplimentaryCards"],"max_hp_gain":0,"max_hp_loss":0,"event_name":"给自己的盒子","floor":11,"relics_lost":["REME_ComplimentaryCards"],"gold_loss":0},{"cards_removed":["Strike_R"],"damage_healed":0,"gold_gain":0,"player_choice":"Elegance","damage_taken":0,"max_hp_gain":0,"max_hp_loss":0,"event_name":"Back to Basics","floor":21,"gold_loss":0}],"is_beta":false,"boss_relics":[{"not_picked":["testmod-Recursion","Replay:Drink Me"],"picked":"aspiration:PoetsPen"}],"items_purged_floors":[19],"is_endless":false,"potions_floor_spawned":[3,8,10,14,16,20,22],"killed_by":"Book of Stabbing","ascension_level":20}}