{"host":"y193d0agu1dp5x1y","time":1611054309,"event":{"mods":["AchievementEnabler","BaseMod","Googly Eyes","Minty Spire (QoL Compilation)"],"gold_per_floor":[118,43,55,20,20,20,20,20,20,30,43,8,8,22,22,127,127,127],"floor_reached":17,"language":"ENG","playtime":907,"items_purged":["Strike_P"],"score":145,"play_id":"bbd0798c-8ee8-45cd-b952-30b76f8efdae","local_time":"20210119050509","is_ascension_mode":false,"campfire_choices":[{"data":"CrushJoints","floor":6.0,"key":"SMITH"},{"floor":8.0,"key":"RECALL"},{"data":"EmptyFist","floor":15.0,"key":"SMITH"}],"circlet_count":0,"master_deck":["Strike_P","Defend_P","Defend_P","Defend_P","Defend_P","Eruption","Vigilance","CrushJoints+1","Study+1","Conclude","EmptyFist+1","Establishment"],"relics":["PureWater","NeowsBlessing","Question Card","Empty Cage"],"acts_visited":["Exordium","TheCity"],"potions_floor_usage":[],"damage_taken":[{"damage":0.0,"enemies":"Jaw Worm","floor":1.0,"turns":1.0},{"damage":0.0,"enemies":"Cultist","floor":3.0,"turns":1.0},{"damage":0.0,"enemies":"Small Slimes","floor":10.0,"turns":1.0},{"damage":9.0,"enemies":"Exordium Wildlife","floor":11.0,"turns":3.0},{"damage":21.0,"enemies":"Exordium Thugs","floor":14.0,"turns":3.0},{"damage":29.0,"enemies":"Hexaghost","floor":16.0,"turns":7.0}],"seed_played":"-4739861871331957130","potions_obtained":[{"floor":11.0,"key":"SpeedPotion"}],"is_trial":false,"path_per_floor":["M","$","M","$","?","R","?","R","T","M","M","?","T","M","R","B",null],"character_chosen":"WATCHER","items_purchased":["Study"],"campfire_rested":0,"item_purchase_floors":[4],"current_hp_per_floor":[72,72,72,72,72,72,72,72,72,72,63,72,72,51,51,22,72,72],"gold":127,"neow_bonus":"THREE_ENEMY_KILL","is_daily":false,"chose_seed":false,"campfire_upgraded":2,"win_rate":0.0,"timestamp":1611054309,"path_taken":["M","$","M","$","?","R","?","R","T","?","M","?","?","M","R","BOSS"],"items_purchased_type":["Card"],"build_version":"2020-12-22","purchased_purges":1,"victory":false,"max_hp_per_floor":[72,72,72,72,72,72,72,72,72,72,72,72,72,72,72,72,72,72],"card_choices":[{"not_picked":["SashWhip","PathToVictory"],"picked":"CrushJoints","floor":1.0},{"not_picked":["WheelKick","WreathOfFlame","Prostrate"],"picked":"SKIP","floor":3.0},{"not_picked":["Weave","WheelKick","Evaluate"],"picked":"Conclude","floor":10.0},{"not_picked":["Fasting2","Conclude","CarveReality","Crescendo"],"picked":"SKIP","floor":11.0},{"not_picked":["FollowUp","CrushJoints","Protect"],"picked":"EmptyFist","floor":14.0},{"not_picked":["Judgement","DevaForm","DeusExMachina"],"picked":"Establishment","floor":16.0}],"player_experience":128193,"relics_obtained":[{"floor":9.0,"key":"Question Card"}],"event_choices":[{"damage_healed":0.0,"max_hp_gain":0.0,"max_hp_loss":0.0,"gold_gain":0.0,"event_name":"Living Wall","player_choice":"Grow","floor":5.0,"gold_loss":0.0,"damage_taken":0.0,"cards_upgraded":["Study"]},{"damage_healed":0.0,"max_hp_gain":0.0,"max_hp_loss":0.0,"gold_gain":0.0,"event_name":"NoteForYourself","player_choice":"Ignored","floor":7.0,"gold_loss":0.0,"damage_taken":0.0},{"damage_healed":18.0,"max_hp_gain":0.0,"max_hp_loss":0.0,"gold_gain":0.0,"event_name":"The Cleric","player_choice":"Healed","floor":12.0,"gold_loss":35.0,"damage_taken":0.0}],"is_beta":false,"boss_relics":[{"not_picked":["Ectoplasm","Calling Bell"],"picked":"Empty Cage"}],"items_purged_floors":[2],"is_endless":false,"potions_floor_spawned":[11],"ascension_level":0}}