{"host":"1tl36azeqm6yhdgj","time":1611086025,"event":{"mods":["AchievementEnabler","BaseMod","Minty Spire (QoL Compilation)","StSLib","The IronCluck","everything is the same but u backflip on backflip"],"gold_per_floor":[118,193,36,36,36,77,77,121,121,157,177,197,237,162,162,255,255,279,302,63,106,126,126,169,169,169],"floor_reached":25,"language":"ENG","playtime":685,"items_purged":["Strike_R"],"score":579,"play_id":"1cc30efd-7983-45e5-967c-f979733b7590","local_time":"20210119145345","is_ascension_mode":true,"campfire_choices":[{"data":"Cleave","floor":7.0,"key":"SMITH"},{"data":"Thunderclap","floor":15.0,"key":"SMITH"},{"data":"Limit Break","floor":23,"key":"SMITH"}],"circlet_count":0,"master_deck":["AscendersBane","Strike_R","Strike_R","Strike_R","Defend_R","Defend_R","Defend_R","Defend_R","Bash","Clash","Cleave+1","Reaper","Thunderclap+1","Inflame+1","Rage","Barricade+1","Dark Embrace+1","Limit Break+1","Disarm","Dropkick","Spot Weakness+1"],"relics":["Black Blood","NeowsBlessing","PreservedInsect","Golden Idol","Self Forming Clay","Happy Flower","Frozen Egg 2","Eternal Feather","Pen Nib","Red Mask","Paper Frog"],"acts_visited":["Exordium","TheCity"],"potions_floor_usage":[21,21,22],"damage_taken":[{"damage":0.0,"enemies":"Small Slimes","floor":1.0,"turns":1.0},{"damage":0.0,"enemies":"3 Sentries","floor":6.0,"turns":1.0},{"damage":0.0,"enemies":"Gremlin Nob","floor":8.0,"turns":1.0},{"damage":10.0,"enemies":"Lagavulin","floor":10.0,"turns":5.0},{"damage":0.0,"enemies":"2 Louse","floor":11.0,"turns":3.0},{"damage":0.0,"enemies":"Cultist","floor":12.0,"turns":2.0},{"damage":6.0,"enemies":"Gremlin Nob","floor":13.0,"turns":3.0},{"damage":61.0,"enemies":"Slime Boss","floor":16.0,"turns":7.0},{"damage":33.0,"enemies":"2 Thieves","floor":18.0,"turns":4.0},{"damage":18.0,"enemies":"Chosen","floor":19.0,"turns":5.0},{"damage":45,"enemies":"Masked Bandits","floor":21,"turns":4},{"damage":25,"enemies":"Centurion and Healer","floor":22,"turns":6},{"damage":63,"enemies":"Book of Stabbing","floor":24,"turns":7},{"damage":26,"enemies":"Snake Plant","floor":25,"turns":2}],"seed_played":"-8980629628179887618","potions_obtained":[{"floor":1.0,"key":"Weak Potion"},{"floor":8.0,"key":"FearPotion"},{"floor":10.0,"key":"Energy Potion"},{"floor":16.0,"key":"ElixirPotion"},{"floor":19.0,"key":"SpeedPotion"},{"floor":21,"key":"Fire Potion"}],"is_trial":false,"path_per_floor":["M","?","$","?","?","E","R","E","T","E","M","M","E","?","R","B",null,"M","M","$","?","M","R","E","M"],"character_chosen":"IRONCLAD","items_purchased":["PreservedInsect","Limit Break"],"campfire_rested":0,"item_purchase_floors":[3,20],"current_hp_per_floor":[74,63,63,37,37,43,43,49,49,45,59,71,71,71,75,37,66,54,58,58,37,44,56,20,0,0],"gold":169,"neow_bonus":"THREE_ENEMY_KILL","is_daily":false,"chose_seed":false,"campfire_upgraded":3,"win_rate":0.0,"timestamp":1611086025,"path_taken":["M","?","$","?","?","E","R","E","T","E","M","?","E","?","R","BOSS","M","M","$","?","M","R","E","M"],"items_purchased_type":["Relic","Card"],"build_version":"2020-12-22","purchased_purges":1,"victory":false,"max_hp_per_floor":[75,75,75,75,75,75,75,75,75,75,75,75,75,75,75,75,75,75,75,75,75,75,75,75,75,75],"card_choices":[{"not_picked":["Wild Strike","Power Through"],"picked":"Clash","floor":1.0},{"not_picked":["Carnage","Intimidate"],"picked":"Cleave","floor":6.0},{"not_picked":["Rupture","Clash","Hemokinesis"],"picked":"SKIP","floor":8.0},{"not_picked":["Armaments","Cleave"],"picked":"Reaper","floor":10.0},{"not_picked":["Second Wind","Havoc"],"picked":"Thunderclap","floor":11.0},{"not_picked":["Dual Wield","Battle Trance"],"picked":"Inflame+1","floor":12.0},{"not_picked":["Thunderclap","Ghostly Armor"],"picked":"Rage","floor":13.0},{"not_picked":["Reaper","Double Tap"],"picked":"Barricade+1","floor":16.0},{"not_picked":["Infernal Blade","Dropkick"],"picked":"Dark Embrace+1","floor":18.0},{"not_picked":["Warcry","Thunderclap","Dark Embrace+1"],"picked":"SKIP","floor":19.0},{"not_picked":["True Grit","Pommel Strike"],"picked":"Disarm","floor":21},{"not_picked":["Intimidate+1","Flex"],"picked":"Dropkick","floor":22},{"not_picked":["Body Slam","Dropkick"],"picked":"Spot Weakness+1","floor":24}],"player_experience":2002081,"relics_obtained":[{"floor":6.0,"key":"Self Forming Clay"},{"floor":8.0,"key":"Happy Flower"},{"floor":9.0,"key":"Frozen Egg 2"},{"floor":10.0,"key":"Eternal Feather"},{"floor":13.0,"key":"Pen Nib"},{"floor":21,"key":"Red Mask"},{"floor":24,"key":"Paper Frog"}],"event_choices":[{"damage_healed":0.0,"max_hp_gain":0.0,"max_hp_loss":0.0,"gold_gain":75.0,"event_name":"World of Goop","player_choice":"Gather Gold","floor":2.0,"gold_loss":0.0,"damage_taken":11.0},{"damage_healed":0.0,"max_hp_gain":0.0,"max_hp_loss":0.0,"gold_gain":0.0,"event_name":"Golden Idol","player_choice":"Take Damage","floor":4.0,"gold_loss":0.0,"damage_taken":26.0,"relics_obtained":["Golden Idol"]},{"damage_healed":0.0,"max_hp_gain":0.0,"max_hp_loss":0.0,"gold_gain":0.0,"event_name":"Match and Keep!","player_choice":"0 cards matched","floor":5.0,"gold_loss":0.0,"damage_taken":0.0,"cards_obtained":[]},{"cards_removed":["Strike_R"],"damage_healed":0.0,"max_hp_gain":0.0,"max_hp_loss":0.0,"gold_gain":0.0,"event_name":"The Cleric","player_choice":"Card Removal","floor":14.0,"gold_loss":75.0,"damage_taken":0.0},{"damage_healed":0,"gold_gain":0,"player_choice":"Fought Bandits","damage_taken":0,"max_hp_gain":0,"max_hp_loss":0,"event_name":"Masked Bandits","floor":21,"gold_loss":0}],"is_beta":false,"boss_relics":[{"not_picked":["Mark of Pain","Philosopher\u0027s Stone"],"picked":"Black Blood"}],"items_purged_floors":[20],"is_endless":false,"potions_floor_spawned":[1,8,10,13,16,19,21],"killed_by":"Snake Plant","ascension_level":19}}