{"host":"1a3cjta80tad0aqj","time":1611061764,"event":{"mods":["2.2 Compatiblity","AchievementEnabler","BaseMod","Colored Map","DeckTracker","KOR Keyword Fix","Keyboard Shortcuts","Minty Spire (QoL Compilation)","Permanent Neow","Quick Restart","Random Character Button","StSLib","SuperFastMode","everything is the same but u backflip on backflip"],"gold_per_floor":[110,21,40,54,74,74,90,90,90,108,120,39,39,54,54,128,128,146,160,85,85,0,0,0,0],"floor_reached":24,"language":"KOR","playtime":971,"items_purged":["Defend_P"],"score":480,"play_id":"d1704086-23e1-44b0-a8cc-a5c111e6b48a","local_time":"20210119220924","is_ascension_mode":true,"campfire_choices":[{"data":"Eruption","floor":6.0,"key":"SMITH"},{"floor":8.0,"key":"REST"},{"floor":13.0,"key":"REST"},{"data":"SashWhip","floor":15.0,"key":"SMITH"},{"data":"Scrawl","floor":23.0,"key":"SMITH"}],"circlet_count":0,"master_deck":["AscendersBane","Strike_P","Strike_P","Strike_P","Defend_P","Defend_P","Eruption+1","Vigilance","TalkToTheHand","MentalFortress","ClearTheMind","ClearTheMind","SashWhip+1","InnerPeace","Tantrum","Scrawl+1","Halt","InnerPeace","Conclude"],"relics":["PureWater","MealTicket","Letter Opener","Runic Dome"],"acts_visited":["Exordium","TheCity"],"potions_floor_usage":[],"damage_taken":[{"damage":1.0,"enemies":"Cultist","floor":1.0,"turns":4.0},{"damage":4.0,"enemies":"Small Slimes","floor":3.0,"turns":6.0},{"damage":4.0,"enemies":"Jaw Worm","floor":4.0,"turns":5.0},{"damage":6.0,"enemies":"Large Slime","floor":5.0,"turns":7.0},{"damage":18.0,"enemies":"2 Fungi Beasts","floor":7.0,"turns":4.0},{"damage":17.0,"enemies":"Lots of Slimes","floor":10.0,"turns":7.0},{"damage":26.0,"enemies":"Large Slime","floor":11.0,"turns":10.0},{"damage":6.0,"enemies":"Exordium Thugs","floor":14.0,"turns":4.0},{"damage":0.0,"enemies":"The Guardian","floor":16.0,"turns":8.0},{"damage":9.0,"enemies":"2 Thieves","floor":18.0,"turns":3.0},{"damage":0.0,"enemies":"Chosen","floor":19.0,"turns":5.0},{"damage":54,"enemies":"Slavers","floor":24,"turns":3}],"seed_played":"5528489340848291322","potions_obtained":[{"floor":5.0,"key":"Ambrosia"},{"floor":7.0,"key":"Fire Potion"},{"floor":11.0,"key":"CultistPotion"}],"is_trial":false,"path_per_floor":["M","$","M","M","M","R","M","R","T","M","M","$","R","M","R","B",null,"M","M","$","?","?","R","E"],"character_chosen":"WATCHER","items_purchased":["MentalFortress","InnerPeace"],"campfire_rested":2,"item_purchase_floors":[2,12],"current_hp_per_floor":[60,68,64,60,54,54,36,56,56,39,13,28,48,42,42,42,62,53,53,68,68,68,68,14,14],"gold":0,"neow_bonus":"RANDOM_COMMON_RELIC","is_daily":false,"chose_seed":false,"campfire_upgraded":3,"win_rate":0.0,"timestamp":1611061764,"path_taken":["M","$","M","M","M","R","M","R","T","M","M","$","R","M","R","BOSS","M","?","$","?","?","R","E"],"items_purchased_type":["Card","Card"],"build_version":"2020-12-22","purchased_purges":1,"victory":false,"max_hp_per_floor":[68,68,68,68,68,68,68,68,68,68,68,68,68,68,68,68,68,68,68,68,68,68,68,68,68],"card_choices":[{"not_picked":["Consecrate","EmptyBody"],"picked":"TalkToTheHand","floor":1.0},{"not_picked":["Crescendo","ThirdEye","Prostrate"],"picked":"SKIP","floor":3.0},{"not_picked":["Evaluate","Indignation"],"picked":"ClearTheMind","floor":4.0},{"not_picked":["ReachHeaven","Prostrate","FollowUp"],"picked":"SKIP","floor":5.0},{"not_picked":["ThirdEye","FollowUp","ConjureBlade"],"picked":"SKIP","floor":7.0},{"not_picked":["ReachHeaven","JustLucky"],"picked":"ClearTheMind","floor":10.0},{"not_picked":["EmptyBody","FollowUp"],"picked":"SashWhip","floor":11.0},{"not_picked":["Worship","EmptyBody"],"picked":"Tantrum","floor":14.0},{"not_picked":["Ragnarok","Devotion"],"picked":"Scrawl","floor":16.0},{"not_picked":["ThirdEye","SashWhip","EmptyBody"],"picked":"SKIP","floor":18.0},{"not_picked":["EmptyFist+1","Wireheading"],"picked":"Halt","floor":19.0}],"player_experience":787060,"relics_obtained":[{"floor":9.0,"key":"Letter Opener"}],"event_choices":[{"damage_healed":0.0,"max_hp_gain":0.0,"max_hp_loss":0.0,"gold_gain":0.0,"cards_transformed":["Strike_P","Defend_P"],"event_name":"Drug Dealer","player_choice":"Became Test Subject","floor":21.0,"gold_loss":0.0,"damage_taken":0.0,"cards_obtained":["InnerPeace","Conclude"]},{"damage_healed":0.0,"max_hp_gain":0.0,"max_hp_loss":0.0,"gold_gain":0.0,"event_name":"Masked Bandits","player_choice":"Paid Fearfully","floor":22.0,"gold_loss":85.0,"damage_taken":0.0}],"is_beta":false,"boss_relics":[{"not_picked":["Calling Bell","Fusion Hammer"],"picked":"Runic Dome"}],"items_purged_floors":[20],"is_endless":false,"potions_floor_spawned":[5,7,11],"killed_by":"Slavers","ascension_level":20}}