{"host":"ttx8tv95o5vka1nm","time":1611043223,"event":{"mods":["AchievementEnabler","BaseMod","Colored Map","Downfall","Infinite Spire","Minty Spire (QoL Compilation)","Shop Mod","StSLib","The Jungle"],"gold_per_floor":[114,129,142,142,73,98,118,149,203,215,3,3,33,47,47,146,146,157,157,167,185,185,212,225,258,258,285,302,302,319,334,334,334,334],"floor_reached":33,"language":"ENG","playtime":3186,"items_purged":["Strike_P"],"score":599,"play_id":"bbec96a2-9576-49d7-9d75-c2fec898c280","local_time":"20210119180023","is_ascension_mode":true,"campfire_choices":[{"data":"BattleHymn","floor":10.0,"key":"SMITH"},{"data":"Establishment","floor":15.0,"key":"SMITH"},{"data":"Ragnarok","floor":29,"key":"SMITH"},{"data":"TalkToTheHand","floor":32,"key":"SMITH"}],"circlet_count":0,"master_deck":["Strike_P","Strike_P","Defend_P","Defend_P","Defend_P","Eruption","Vigilance","Protect","SashWhip","TalkToTheHand+1","EmptyMind","BattleHymn+1","Tantrum","Establishment+1","Protect","Ragnarok+1","FollowUp","Swivel+1","Perseverance","EmptyBody","Study","ConjureBlade","Wireheading","FearNoEvil","EmptyBody+1","EmptyMind"],"relics":["Snecko Eye","Dead Branch","Mercury Hourglass","MawBank","ClockworkSouvenir","Coffee Dripper","Nloth\u0027s Gift","Eternal Feather","Nunchaku","Dream Catcher","Lantern"],"acts_visited":["Exordium","TheCity"],"potions_floor_usage":[23,23,27,28],"damage_taken":[{"damage":1.0,"enemies":"2 Louse","floor":1.0,"turns":4.0},{"damage":0.0,"enemies":"Cultist","floor":2.0,"turns":2.0},{"damage":0.0,"enemies":"Small Slimes","floor":3.0,"turns":3.0},{"damage":0.0,"enemies":"Lagavulin","floor":6.0,"turns":5.0},{"damage":1.0,"enemies":"Blue Slaver","floor":7.0,"turns":4.0},{"damage":14.0,"enemies":"Gremlin Nob","floor":8.0,"turns":3.0},{"damage":0.0,"enemies":"3 Sentries","floor":13.0,"turns":2.0},{"damage":0.0,"enemies":"Looter","floor":14.0,"turns":2.0},{"damage":0.0,"enemies":"Slime Boss","floor":16.0,"turns":6.0},{"damage":0.0,"enemies":"Spheric Guardian","floor":18.0,"turns":1.0},{"damage":0.0,"enemies":"2 Thieves","floor":20.0,"turns":1.0},{"damage":0.0,"enemies":"3 Cultists","floor":21.0,"turns":3.0},{"damage":19,"enemies":"Slavers","floor":23,"turns":3},{"damage":5,"enemies":"Chosen and Byrds","floor":24,"turns":3},{"damage":0,"enemies":"Nightmare","floor":25,"turns":6},{"damage":0,"enemies":"Book of Stabbing","floor":27,"turns":4},{"damage":0,"enemies":"Centurion and Healer","floor":28,"turns":2},{"damage":16,"enemies":"Cultist and Chosen","floor":30,"turns":4},{"damage":5,"enemies":"Snake Plant","floor":31,"turns":3},{"damage":41,"enemies":"Automaton","floor":33,"turns":6}],"seed_played":"8581224855875440300","potions_obtained":[{"floor":1.0,"key":"DistilledChaos"},{"floor":2.0,"key":"GamblersBrew"},{"floor":3.0,"key":"SkillPotion"},{"floor":16.0,"key":"LiquidMemories"},{"floor":21.0,"key":"StancePotion"},{"floor":25,"key":"LiquidMemories"},{"floor":27,"key":"AttackPotion"},{"floor":30,"key":"Strength Potion"}],"is_trial":false,"path_per_floor":["M","M","M","?","$","E","M","E","T","R","$","?","E","M","R","B",null,"M","?","M","M","?","E","M","NM","T","E","M","R","M","M","R","B"],"character_chosen":"WATCHER","items_purchased":["EmptyMind","ClockworkSouvenir"],"campfire_rested":0,"item_purchase_floors":[5,11],"current_hp_per_floor":[71,71,71,71,71,71,70,56,56,56,56,49,49,49,49,49,66,66,53,53,53,53,34,29,29,29,29,29,41,25,20,35,0,0],"gold":334,"neow_bonus":"BOSS_RELIC","is_daily":false,"chose_seed":false,"campfire_upgraded":4,"win_rate":0.0,"timestamp":1611043223,"path_taken":["M","M","M","?","$","E","M","E","T","R","?","?","E","M","R","BOSS","M","?","M","M","?","E","?","NM","T","E","M","R","?","M","R","BOSS"],"items_purchased_type":["Card","Relic"],"build_version":"2020-12-22","purchased_purges":1,"victory":false,"max_hp_per_floor":[72,72,72,72,72,72,72,72,72,72,72,72,72,72,72,72,72,72,77,77,77,77,77,77,77,77,77,77,77,77,77,77,77,77],"card_choices":[{"not_picked":["FollowUp","Vengeance"],"picked":"Protect","floor":1.0},{"not_picked":["Prostrate","FlyingSleeves"],"picked":"SashWhip","floor":2.0},{"not_picked":["CrushJoints","Vengeance"],"picked":"TalkToTheHand","floor":3.0},{"not_picked":["ForeignInfluence","CrushJoints"],"picked":"BattleHymn","floor":6.0},{"not_picked":["Prostrate","CrushJoints"],"picked":"Tantrum","floor":7.0},{"not_picked":["EmptyBody","WreathOfFlame"],"picked":"Establishment","floor":8.0},{"not_picked":["ThirdEye","WreathOfFlame","MentalFortress"],"picked":"SKIP","floor":13.0},{"not_picked":["JustLucky","EmptyMind"],"picked":"Protect","floor":14.0},{"not_picked":["SpiritShield","Blasphemy"],"picked":"Ragnarok","floor":16.0},{"not_picked":["Tantrum","ThirdEye"],"picked":"FollowUp","floor":18.0},{"not_picked":["Protect","Vengeance"],"picked":"Swivel+1","floor":20.0},{"not_picked":["EmptyFist+1","CutThroughFate"],"picked":"Perseverance","floor":21.0},{"not_picked":["Scrawl","WreathOfFlame"],"picked":"EmptyBody","floor":23},{"not_picked":["InnerPeace","JustLucky"],"picked":"Study","floor":24},{"not_picked":["Vengeance+1","SignatureMove"],"picked":"ConjureBlade","floor":25},{"not_picked":["SignatureMove","BowlingBash"],"picked":"Wireheading","floor":27},{"not_picked":["EmptyFist","Collect+1"],"picked":"FearNoEvil","floor":28},{"not_picked":["WreathOfFlame","LikeWater"],"picked":"EmptyBody+1","floor":30},{"not_picked":["JustLucky","Consecrate"],"picked":"EmptyMind","floor":31}],"player_experience":729047,"relics_obtained":[{"floor":6.0,"key":"Dead Branch"},{"floor":8.0,"key":"Mercury Hourglass"},{"floor":9.0,"key":"MawBank"},{"floor":13.0,"key":"Bag of Marbles"},{"floor":23,"key":"Eternal Feather"},{"floor":25,"key":"Nunchaku"},{"floor":26,"key":"Dream Catcher"},{"floor":27,"key":"Lantern"}],"event_choices":[{"cards_removed":["Defend_P"],"damage_healed":0.0,"max_hp_gain":0.0,"max_hp_loss":0.0,"gold_gain":0.0,"event_name":"Bonfire Elementals","player_choice":"Offered Basic","floor":4.0,"gold_loss":0.0,"damage_taken":0.0},{"cards_removed":["Strike_P"],"damage_healed":0.0,"max_hp_gain":0.0,"max_hp_loss":0.0,"gold_gain":0.0,"event_name":"Golden Wing","player_choice":"Card Removal","floor":12.0,"gold_loss":0.0,"damage_taken":7.0},{"damage_healed":0.0,"max_hp_gain":5.0,"max_hp_loss":0.0,"gold_gain":0.0,"event_name":"Forgotten Altar","player_choice":"Shed Blood","floor":19.0,"gold_loss":0.0,"damage_taken":18.0},{"damage_healed":0,"gold_gain":0,"player_choice":"Traded Relic","damage_taken":0,"relics_obtained":["Nloth\u0027s Gift"],"max_hp_gain":0,"max_hp_loss":0,"event_name":"N\u0027loth","floor":22,"relics_lost":["Bag of Marbles"],"gold_loss":0}],"is_beta":false,"boss_relics":[{"not_picked":["Sozu","Runic Dome"],"picked":"Coffee Dripper"}],"items_purged_floors":[11],"is_endless":true,"potions_floor_spawned":[1,2,3,16,21,25,27,30],"killed_by":"Automaton","ascension_level":5}}