{"host":"xh3brefae6wm9kl8","time":1611043783,"event":{"mods":["AchievementEnabler","BaseMod","GifTheSpireLib","Keyboard Shortcuts","Minty Spire (QoL Compilation)","Permanent Neow","Relic Stats","StSLib","SuperFastMode"],"gold_per_floor":[112,128,138,138,149,149,149,149],"floor_reached":7,"language":"KOR","playtime":245,"items_purged":[],"score":86,"play_id":"14b79c23-89fd-4c4e-90ea-abe174210e44","local_time":"20210119170943","is_ascension_mode":true,"campfire_choices":[{"data":"Dagger Spray","floor":6,"key":"SMITH"}],"circlet_count":0,"master_deck":["AscendersBane","Strike_G","Strike_G","Strike_G","Strike_G","Strike_G","Defend_G","Defend_G","Defend_G","Defend_G","Defend_G","Survivor","Neutralize","Outmaneuver","Corpse Explosion","Noxious Fumes","Dagger Spray+1"],"relics":["Ring of the Snake","Ice Cream"],"acts_visited":["Exordium"],"potions_floor_usage":[5,7],"damage_taken":[{"damage":9,"enemies":"Jaw Worm","floor":1,"turns":6},{"damage":1,"enemies":"Small Slimes","floor":2,"turns":4},{"damage":7,"enemies":"2 Louse","floor":3,"turns":3},{"damage":19,"enemies":"Large Slime","floor":5,"turns":6},{"damage":35,"enemies":"Gremlin Nob","floor":7,"turns":4}],"seed_played":"-4454906479906722799","potions_obtained":[{"floor":3,"key":"Swift Potion"},{"floor":5,"key":"GhostInAJar"}],"is_trial":false,"path_per_floor":["M","M","M","?","M","R","E"],"character_chosen":"THE_SILENT","items_purchased":[],"campfire_rested":0,"item_purchase_floors":[],"current_hp_per_floor":[50,49,42,47,28,28,0,0],"gold":149,"neow_bonus":"ONE_RARE_RELIC","is_daily":false,"chose_seed":false,"campfire_upgraded":1,"win_rate":0.0,"timestamp":1611043783,"path_taken":["M","M","M","?","M","R","E"],"items_purchased_type":[],"build_version":"2020-12-22","purchased_purges":0,"victory":false,"max_hp_per_floor":[60,60,60,65,65,65,65,65],"relic_stats":{"counters":[5,23],"obtain_stats":[{"Ice Cream":0,"Ring of the Snake":0},{"Ice Cream":0,"Ring of the Snake":0},{"Ice Cream":0,"Ring of the Snake":0}],"Ring of the Snake":[10]},"card_choices":[{"not_picked":["Slice","Backflip"],"picked":"Outmaneuver","floor":1},{"not_picked":["Backflip","Cloak And Dagger"],"picked":"Corpse Explosion","floor":2},{"not_picked":["Slice","PiercingWail"],"picked":"Noxious Fumes","floor":3},{"not_picked":["Quick Slash","Well Laid Plans"],"picked":"Dagger Spray","floor":5}],"player_experience":423567,"relics_obtained":[],"event_choices":[{"damage_healed":0,"gold_gain":0,"player_choice":"Donut","damage_taken":0,"max_hp_gain":5,"max_hp_loss":0,"event_name":"Big Fish","floor":4,"gold_loss":0}],"is_beta":false,"boss_relics":[],"items_purged_floors":[],"is_endless":false,"potions_floor_spawned":[3,5],"killed_by":"Gremlin Nob","ascension_level":20}}