{"host":"yqm","time":1611062747,"event":{"mods":["ATMod(°¢èªMod)","BaseMod","Challenge The Spire","Colored Map","Colored Powertips","DeckTracker","Good Game Mod","Grow up Mod","Minty Spire (QoL Compilation)","MostiFishMod","Poor People Problems","Quick Restart","Relic Filter","Remove Card Discount Mod","Spicy Shops","StSLib","TestMod","[IsaacMod]ÒÔÈö¼âËþ","noobMod","¡¾¹¦ÄÜMod¡¿»ìãçÖ®»·ÐÞ¸´²¹¶¡","óô»ðÖ¸ÄÏ"],"gold_per_floor":[185,185,297,424,547,547,284,32,244,464,633,750,27,27,208,405,614,750,269,4,213,213],"floor_reached":21,"language":"ZHS","playtime":1990,"items_purged":["Strike_G","Strike_G","Strike_G","Strike_G","Clumsy","Strike_G","Defend_G","Defend_G","Defend_G","Defend_G","Defend_G","Decay"],"score":4425,"play_id":"2bfb638b-d361-4e93-b426-9ae364214ce5","local_time":"20210119212547","daily_mods":["challengethespire:Platinum Difficulty","challengethespire:Boss Rush","Uncertain Future"],"is_ascension_mode":true,"campfire_choices":[{"data":"Neutralize","floor":2,"key":"SMITH"}],"circlet_count":0,"master_deck":["AscendersBane","Survivor","Neutralize+1","MostiFishMod:SeaWaves+1","AT_KneejerkReflex+1","Noxious Fumes+1","Deadly Poison+1","Noxious Fumes+1","Caltrops+1","Caltrops+1","Backflip+1","Corpse Explosion+1","Well Laid Plans+1","Footwork+1","Calculated Gamble+1","Acrobatics+1","AT_EssenceShift+1","MostiFishMod:Neurotoxin+1","Catalyst+1","Finesse+1","AT_EssenceShift+1","AT_WindRun+1"],"relics":["Ring of the Snake","The Courier","Molten Egg 2","Toxic Egg 2","Frozen Egg 2","AT_ATBox","REME:ComplimentaryCards","ice","testmod-TestBox","DaveBox","HushsDoor","SteamSale","OrangePellets","testmod-Maize","testmod-RealStoneCalender","Lantern","Oddly Smooth Stone","testmod-Acrobat","testmod-LifeArmor","Happy Flower","testmod-CardMagician","Blood Vial","Pear","AT_MibuBalloonWealth","CeramicFish","Potion Belt","BookofShadows","ImprovedEquipment","Leech","Runic Dome","GuppysHairball","GuppysCollar","ice","BirthdayGift-Tetrahedron","Toy Ornithopter","SalivaCoin","Pen Nib","Dream Catcher","Vajra","Centennial Puzzle","Fusion Hammer","ice","TheBattery","Singing Bowl","Bronze Scales","Juzu Bracelet","Lee\u0027s Waffle","Mummified Hand","Strawberry","Pantograph","Ancient Tea Set"],"acts_visited":["Exordium","Exordium","Exordium"],"potions_floor_usage":[1,9],"damage_taken":[{"damage":31,"enemies":"Hexaghost","floor":3,"turns":4},{"damage":9,"enemies":"The Guardian","floor":4,"turns":5},{"damage":28,"enemies":"Slime Boss","floor":5,"turns":5},{"damage":3,"enemies":"Collector","floor":9,"turns":6},{"damage":25,"enemies":"Automaton","floor":10,"turns":7},{"damage":0,"enemies":"Champ","floor":11,"turns":6},{"damage":4,"enemies":"Hexaghost","floor":15,"turns":3},{"damage":4,"enemies":"Slime Boss","floor":16,"turns":3},{"damage":7,"enemies":"The Guardian","floor":17,"turns":4},{"damage":27,"enemies":"Hexaghost","floor":21,"turns":3}],"seed_played":"-1291519112569820093","potions_obtained":[{"floor":4,"key":"testmod-EscapePotion"},{"floor":5,"key":"DuplicationPotion"},{"floor":9,"key":"Weak Potion"},{"floor":11,"key":"Explosive Potion"},{"floor":16,"key":"Regen Potion"},{"floor":21,"key":"Swift Potion"}],"is_trial":true,"path_per_floor":["$","R","M","M","M","T","$","$","M","M","M","T","$","$","M","M","M","T","$","$","M"],"character_chosen":"THE_SILENT","items_purchased":["testmod-RealStoneCalender","testmod-SpacePotion","Lantern","Oddly Smooth Stone","Noxious Fumes+1","Deadly Poison+1","Noxious Fumes+1","Caltrops+1","Caltrops+1","Backflip+1","Well Laid Plans+1","Footwork+1","Blood Vial","Pear","AT_MibuBalloonWealth","CeramicFish","Potion Belt","MostiFishMod:Neurotoxin+1","Catalyst+1","GuppysHairball","GuppysCollar","Finesse+1","BirthdayGift-Tetrahedron","Toy Ornithopter","SalivaCoin","Pen Nib","TheBattery","Singing Bowl","Bronze Scales","Juzu Bracelet","Lee\u0027s Waffle","Mummified Hand","Strawberry","Pantograph"],"campfire_rested":0,"item_purchase_floors":[1,1,1,1,1,1,1,1,1,1,7,7,7,7,8,8,8,12,12,12,12,12,13,13,13,13,19,19,19,19,20,20,20,20],"current_hp_per_floor":[79,89,68,69,51,61,81,91,100,87,99,159,169,179,189,199,208,232,242,270,245,245],"gold":213,"neow_bonus":"","is_daily":false,"chose_seed":false,"campfire_upgraded":1,"win_rate":0.0,"timestamp":1611062747,"path_taken":["$","R","M","M","M","T","$","$","M","M","M","T","$","$","M","M","M","T","$","$","M"],"items_purchased_type":["Relic","Potion","Relic","Relic","Card","Card","Card","Card","Card","Card","Card","Card","Relic","Relic","Relic","Relic","Relic","Card","Card","Relic","Relic","Card","Relic","Relic","Relic","Relic","Relic","Relic","Relic","Relic","Relic","Relic","Relic","Relic"],"build_version":"2020-12-18","purchased_purges":12,"victory":false,"max_hp_per_floor":[86,96,106,116,126,136,156,166,176,186,196,176,186,196,206,216,226,236,246,270,270,270],"card_choices":[],"player_experience":820571,"relics_obtained":[{"floor":3,"key":"testmod-Acrobat"},{"floor":4,"key":"testmod-LifeArmor"},{"floor":5,"key":"Happy Flower"},{"floor":9,"key":"BookofShadows"},{"floor":10,"key":"ImprovedEquipment"},{"floor":11,"key":"Leech"},{"floor":15,"key":"Dream Catcher"},{"floor":16,"key":"Vajra"},{"floor":17,"key":"Centennial Puzzle"},{"floor":21,"key":"Ancient Tea Set"}],"event_choices":[],"is_beta":true,"boss_relics":[{"not_picked":["TimeKeys","xbg"],"picked":"testmod-CardMagician"},{"not_picked":["testmod-Fanaticism","TakeMeEscape"],"picked":"Runic Dome"},{"not_picked":[]},{"not_picked":["EE1DDrone","AT_MortalBlade"],"picked":"Fusion Hammer"},{"not_picked":[]}],"items_purged_floors":[1,1,1,1,1,1,1,1,1,1,1,20],"is_endless":false,"potions_floor_spawned":[4,5,9,11,15,16,21],"killed_by":"Hexaghost","ascension_level":20}}