{"host":"wjw2tk2y2rycscg9","time":1611034080,"event":{"mods":["2.2 Compatiblity","Act Like it!","Aspiration","BaseMod","Colored Map","Dota2Spire","Downfall","Hallownest","Hubris","Infinite Spire","Minty Spire (QoL Compilation)","Relic Stats","StSLib","The Alterego","Unceasing Turn Reminder"],"gold_per_floor":[116,116,131,131,131,131,131,131,155,172,184,195,214,58,58,155,155,171,185,185,185,36,64,79,79,79],"floor_reached":25,"language":"ENG","playtime":1105,"items_purged":[],"score":213,"play_id":"0f5c268f-02bf-436e-aaf6-8be94e6174c3","local_time":"20210118222800","is_ascension_mode":false,"campfire_choices":[{"data":"alterego_mod:BrynhildrsRune","floor":6.0,"key":"SMITH"},{"data":"alterego_mod:BigMeatyClaws","floor":8.0,"key":"SMITH"},{"data":"alterego_mod:Rip","floor":15.0,"key":"SMITH"}],"circlet_count":0,"master_deck":["alterego_mod:Strike","alterego_mod:Strike+1","alterego_mod:Strike","alterego_mod:Strike+1","alterego_mod:Defend","alterego_mod:Defend","alterego_mod:Defend","alterego_mod:Defend","alterego_mod:Impale+1","alterego_mod:BigMeatyClaws+1","alterego_mod:BrynhildrsRune+1","alterego_mod:DestructionOfProperty","alterego_mod:Rip+1","alterego_mod:Palingenesis","alterego_mod:IndependentAction","alterego_mod:Rip","alterego_mod:MagicResistance"],"relics":["alterego_mod:MasochisticConstitution","hubris:Icosahedron","Ancient Tea Set","Dota2Spire:EchoSabre","hubris:HollowSoul","hubris:MobiusCoin","Medical Kit","Dota2Spire:LinkenSphere"],"acts_visited":["Hallownest:Greenpath","TheCity"],"potions_floor_usage":[25],"damage_taken":[{"damage":6.0,"enemies":"Hallownest:monsterHuskGuard","floor":1.0,"turns":7.0},{"damage":6.0,"enemies":"Hallownest:2_Baldur","floor":3.0,"turns":5.0},{"damage":6.0,"enemies":"Hallownest:2_Tiktiks_and_1_Crawlid","floor":10.0,"turns":5.0},{"damage":2.0,"enemies":"Hallownest:monsterAspidMother","floor":11.0,"turns":4.0},{"damage":3.0,"enemies":"Hallownest:MossCreep_and_Mosskin","floor":12.0,"turns":4.0},{"damage":2.0,"enemies":"Hallownest:monsterMossCharger","floor":13.0,"turns":4.0},{"damage":42.0,"enemies":"Hallownest:BossHornet","floor":16.0,"turns":10.0},{"damage":34.0,"enemies":"Spheric Guardian","floor":18.0,"turns":7.0},{"damage":8.0,"enemies":"3 Byrds","floor":19.0,"turns":6.0},{"damage":26.0,"enemies":"Slavers","floor":23.0,"turns":6.0},{"damage":15.0,"enemies":"Centurion and Healer","floor":24.0,"turns":5.0},{"damage":18,"enemies":"Snake Plant","floor":25,"turns":1}],"seed_played":"1244025581484851229","potions_obtained":[{"floor":3.0,"key":"Swift Potion"},{"floor":10.0,"key":"hexamod:SoulburnPotion"},{"floor":18.0,"key":"DistilledChaos"},{"floor":23.0,"key":"champ:CounterPotion"}],"is_trial":true,"path_per_floor":["M","?","M","?","?","R","?","R","T","M","M","M","M","$","R","B",null,"M","M","AVR","?","$","E","M","M"],"character_chosen":"The_Alterego","items_purchased":["Dota2Spire:EchoSabre","Medical Kit"],"campfire_rested":0,"item_purchase_floors":[14,22],"current_hp_per_floor":[71,71,72,72,63,63,63,63,63,58,71,69,75,75,75,34,77,51,58,58,58,58,40,26,0,0],"gold":79,"neow_bonus":"","is_daily":false,"chose_seed":false,"campfire_upgraded":3,"win_rate":0.0,"timestamp":1611034080,"path_taken":["M","?","M","?","?","R","?","R","T","?","M","M","M","?","R","BOSS","M","?","AVR","?","$","E","M","M"],"items_purchased_type":["Relic","Relic"],"build_version":"2020-12-22","purchased_purges":0,"victory":false,"max_hp_per_floor":[71,71,72,72,72,72,72,72,72,73,74,75,76,76,76,77,77,78,79,79,79,79,80,81,81,81],"relic_stats":{"counters":[12,67],"Medical Kit":[9],"obtain_stats":[{"Dota2Spire:EchoSabre":14,"hubris:MobiusCoin":20,"alterego_mod:MasochisticConstitution":0,"hubris:Icosahedron":4,"hubris:HollowSoul":17,"Dota2Spire:LinkenSphere":23,"Ancient Tea Set":9,"Medical Kit":22},{"Dota2Spire:EchoSabre":6,"hubris:MobiusCoin":9,"alterego_mod:MasochisticConstitution":0,"hubris:Icosahedron":2,"hubris:HollowSoul":7,"Dota2Spire:LinkenSphere":10,"Ancient Tea Set":2,"Medical Kit":9},{"Dota2Spire:EchoSabre":29,"hubris:MobiusCoin":52,"alterego_mod:MasochisticConstitution":0,"hubris:Icosahedron":12,"hubris:HollowSoul":39,"Dota2Spire:LinkenSphere":58,"Ancient Tea Set":12,"Medical Kit":52}]},"card_choices":[{"not_picked":["alterego_mod:1TonWallop","alterego_mod:Cycle","alterego_mod:Cooking"],"picked":"SKIP","floor":1.0},{"not_picked":["alterego_mod:GoddessCore","alterego_mod:Support"],"picked":"alterego_mod:DestructionOfProperty","floor":3.0},{"not_picked":["alterego_mod:BoobPocket","alterego_mod:Bloomers"],"picked":"alterego_mod:Rip","floor":10.0},{"not_picked":["alterego_mod:DestructionOfProperty","alterego_mod:PerceptionDisorder","alterego_mod:Bloomers"],"picked":"SKIP","floor":11.0},{"not_picked":["alterego_mod:Rip","alterego_mod:Maid"],"picked":"alterego_mod:Belle","floor":12.0},{"not_picked":["alterego_mod:SakuraPetals","alterego_mod:Clones","alterego_mod:RocketPunch"],"picked":"SKIP","floor":13.0},{"not_picked":["alterego_mod:AlterEgo","alterego_mod:STier"],"picked":"alterego_mod:Palingenesis","floor":16.0},{"not_picked":["alterego_mod:Bunnysuit+1","alterego_mod:Swimsuit+1"],"picked":"alterego_mod:IndependentAction","floor":18.0},{"not_picked":["alterego_mod:TrashNCrash","alterego_mod:HighServant+1"],"picked":"alterego_mod:Rip","floor":19.0},{"not_picked":["alterego_mod:PainIsPleasure","alterego_mod:DiscoLights"],"picked":"alterego_mod:MagicResistance","floor":23.0},{"not_picked":["alterego_mod:Bounce","alterego_mod:Skirt","alterego_mod:Cycle"],"picked":"SKIP","floor":24.0}],"player_experience":1035956,"relics_obtained":[{"floor":9.0,"key":"Ancient Tea Set"},{"floor":23.0,"key":"Dota2Spire:LinkenSphere"}],"event_choices":[],"is_beta":false,"boss_relics":[{"not_picked":["Snecko Eye","Empty Cage"],"picked":"hubris:HollowSoul"}],"items_purged_floors":[],"is_endless":false,"potions_floor_spawned":[3,10,18,23],"killed_by":"Snake Plant","ascension_level":0}}