{"host":"xkmvu47k9fdstweo","time":1611098366,"event":{"mods":["BaseMod","Colored Map","Conspire","Hubris","Minty Spire (QoL Compilation)","Quick Restart","Railgun Mod","Shop Mod","StSLib","The Alterego","The Animator","The Servant 0.9.4","The Wild Card","TheBandit","WarShipGirlsR/??è≠èóR mod","vexMod"],"gold_per_floor":[16,27,27,27,43,43,66,98,98,123,123,148,174,208,208,305,305,257,291,306,318,318,318,361,51,77,88,113,113,141,213,213,313,313,328,109,109,119,119,119,147,159,159,19,44,58,38,54,54,54],"floor_reached":51,"language":"ENG","playtime":3174,"items_purged":["animator:HomuraAkemi+1","animator:Strike"],"score":1276,"play_id":"8f9c32bb-7a3d-4af4-b273-0115dd5624cf","local_time":"20210119181926","is_ascension_mode":true,"campfire_choices":[{"data":"animator:Kira","floor":6.0,"key":"SMITH"},{"data":"animator:FeridBathory","floor":11.0,"key":"SMITH"},{"data":"theWildCard:Scathach","floor":15.0,"key":"SMITH"},{"floor":23.0,"key":"REST"},{"data":"animator:HomuraAkemi","floor":29.0,"key":"SMITH"},{"data":"animator:Gluttony","floor":32.0,"key":"SMITH"},{"data":"animator:Darkness","floor":40.0,"key":"SMITH"},{"data":"animator:Tyuule","floor":49,"key":"SMITH"}],"circlet_count":0,"master_deck":["animator:Strike_GATE","animator:Defend_GATE","animator:Strike","animator:Defend","animator:Defend","animator:Defend","animator:TukaLunaMarceau","animator:Kuribayashi","animator:Kira+1","animator:Verdia","animator:Darkness+1","theWildCard:Scathach+1","animator:FeridBathory+1","animator:Fredrika","animator:ElricAlphonse","animator:FeridBathory","animator:FielNirvalen","animator:Nanami","animator:Vesta","animator:Biyorigo","animator:Kazuma","animator:Tyuule+1","animator:SwordMaiden","animator:Darkness","animator:Gluttony+1","animator:PandorasActor","animator:FeridBathory","CurseOfTheBell","animator:Chung+1","animator:FeridBathory+1","animator:Gluttony","animator:Arpeggio+1","animator:Wiz","animator:GazelDwargon+1","animator:LeleiLaLalena+1","animator:Darkness+1","animator:DolaRiku+1"],"relics":["animator:LivingPicture","animator:TheMissingPiece","animator:PurgingStone","Odd Mushroom","Centennial Puzzle","Mummified Hand","hubris:MysteriousPyramids","MealTicket","Meat on the Bone","vexMod:TanglingVine","Red Mask","conspire:GiftBox","Dream Catcher","Bronze Scales","Vajra","HornCleat","Calling Bell","hubris:TenFootPole","Blue Candle","hubris:Zylophone","DollysMirror","Frozen Egg 2","Orichalcum"],"acts_visited":["Exordium","TheCity","TheBeyond"],"potions_floor_usage":[50,50,50],"damage_taken":[{"damage":5.0,"enemies":"Cultist","floor":1.0,"turns":4.0},{"damage":7.0,"enemies":"Jaw Worm","floor":2.0,"turns":3.0},{"damage":0.0,"enemies":"2 Louse","floor":5.0,"turns":4.0},{"damage":2.0,"enemies":"The Mushroom Lair","floor":7.0,"turns":6.0},{"damage":0.0,"enemies":"conspire:MimicChest","floor":8.0,"turns":6.0},{"damage":13.0,"enemies":"Gremlin Nob","floor":10.0,"turns":4.0},{"damage":0.0,"enemies":"3 Sentries","floor":12.0,"turns":11.0},{"damage":0.0,"enemies":"2 Fungi Beasts","floor":13.0,"turns":4.0},{"damage":0.0,"enemies":"Lagavulin","floor":14.0,"turns":5.0},{"damage":0.0,"enemies":"Slime Boss","floor":16.0,"turns":7.0},{"damage":6.0,"enemies":"2 Thieves","floor":18.0,"turns":5.0},{"damage":58.0,"enemies":"Masked Bandits","floor":19.0,"turns":7.0},{"damage":0.0,"enemies":"Chosen","floor":20.0,"turns":5.0},{"damage":1.0,"enemies":"Centurion and Healer","floor":21.0,"turns":6.0},{"damage":14.0,"enemies":"conspire:SneckoGhost","floor":24.0,"turns":5.0},{"damage":0.0,"enemies":"conspire:HollyBat","floor":27.0,"turns":6.0},{"damage":0.0,"enemies":"conspire:Head Lice","floor":28.0,"turns":6.0},{"damage":12.0,"enemies":"Book of Stabbing","floor":30.0,"turns":7.0},{"damage":0.0,"enemies":"Champ","floor":33.0,"turns":10.0},{"damage":0.0,"enemies":"3 Darklings","floor":35.0,"turns":8.0},{"damage":0.0,"enemies":"Orb Walker","floor":38.0,"turns":4.0},{"damage":8.0,"enemies":"Giant Head","floor":41.0,"turns":10.0},{"damage":0.0,"enemies":"4 Shapes","floor":42.0,"turns":1.0},{"damage":17.0,"enemies":"Jaw Worm Horde","floor":45.0,"turns":6.0},{"damage":10,"enemies":"Transient","floor":46,"turns":5},{"damage":0,"enemies":"Sphere and 2 Shapes","floor":48,"turns":5},{"damage":0,"enemies":"Donu and Deca","floor":50,"turns":8}],"seed_played":"84831388878763918","potions_obtained":[{"floor":2.0,"key":"Block Potion"},{"floor":5.0,"key":"FearPotion"},{"floor":7.0,"key":"animator:FalseLifePotion"},{"floor":10.0,"key":"Weak Potion"},{"floor":14.0,"key":"Ancient Potion"},{"floor":19.0,"key":"SteroidPotion"},{"floor":24.0,"key":"SkillPotion"},{"floor":30.0,"key":"EssenceOfSteel"},{"floor":33.0,"key":"ColorlessPotion"},{"floor":35.0,"key":"Weak Potion"},{"floor":46,"key":"DistilledChaos"},{"floor":47,"key":"Block Potion"}],"is_trial":false,"path_per_floor":["M","M","$","?","M","R","?","?","T","E","R","E","M","E","R","B",null,"M","?","M","M","?","R","E","$","T","M","E","R","E","T","R","B",null,"M","$","?","M","?","R","E","M","T","$","M","M","?","M","R","B",null],"character_chosen":"THE_ANIMATOR","items_purchased":["conspire:GiftBox","DollysMirror","animator:GazelDwargon+1"],"campfire_rested":1,"item_purchase_floors":[25,36,44],"current_hp_per_floor":[61,54,54,54,54,54,52,52,52,39,39,39,39,39,39,39,66,60,14,26,37,25,46,50,65,65,65,65,65,57,57,57,61,77,77,77,77,77,77,77,74,74,74,78,65,63,63,68,68,68],"gold":54,"neow_bonus":"RANDOM_COLORLESS_2","is_daily":false,"chose_seed":false,"campfire_upgraded":7,"win_rate":0.0,"timestamp":1611098366,"path_taken":["M","?","$","?","M","R","?","?","T","E","R","E","?","E","R","BOSS","M","?","M","M","?","R","E","$","T","M","E","R","E","?","R","BOSS","M","$","?","M","?","R","E","M","T","$","M","?","?","M","R","BOSS"],"items_purchased_type":["Relic","Relic","Card"],"build_version":"2020-12-22","purchased_purges":2,"victory":true,"max_hp_per_floor":[66,66,66,66,66,66,66,66,66,66,66,66,66,66,66,66,66,66,66,66,66,71,71,77,77,77,77,77,77,77,77,77,77,77,77,77,77,77,77,77,78,78,78,78,78,78,78,79,79,79],"card_choices":[{"not_picked":["animator:Lelouch","animator:TanyaDegurechaff"],"picked":"animator:Kira","floor":0.0},{"not_picked":["animator:Tet","animator:Geryuganshoop"],"picked":"animator:Verdia","floor":1.0},{"not_picked":["animator:Shalltear","animator:ElricEdward"],"picked":"animator:Darkness","floor":2.0},{"not_picked":["animator:Hakurou","animator:Vanir","animator:Guy"],"picked":"SKIP","floor":5.0},{"not_picked":["animator:Azekura","animator:Assassin"],"picked":"animator:FeridBathory","floor":7.0},{"not_picked":["animator:Millim","animator:Emonzaemon"],"picked":"animator:Fredrika","floor":8.0},{"not_picked":["animator:ElricEdward","animator:Sloth"],"picked":"animator:ElricAlphonse","floor":10.0},{"not_picked":["animator:Jibril","animator:DolaSchwi"],"picked":"animator:FeridBathory","floor":12.0},{"not_picked":["animator:ZankiKiguchi","animator:LizardPriest"],"picked":"animator:FielNirvalen","floor":13.0},{"not_picked":["animator:TukaLunaMarceau","animator:Lancer"],"picked":"animator:Nanami","floor":14.0},{"not_picked":["animator:HigakiRinne","animator:Sora"],"picked":"animator:HomuraAkemi","floor":16.0},{"not_picked":["animator:Benimaru","animator:Millim"],"picked":"animator:Vesta","floor":18.0},{"not_picked":["animator:Lancer","animator:Rider"],"picked":"animator:Biyorigo","floor":19.0},{"not_picked":["animator:Illya","animator:Berserker","animator:LizardPriest"],"picked":"SKIP","floor":20.0},{"not_picked":["animator:Alexander","animator:Kaijin"],"picked":"animator:Kazuma","floor":21.0},{"not_picked":["animator:ElricEdward","animator:Demiurge"],"picked":"animator:Tyuule","floor":24.0},{"not_picked":["animator:PinaCoLada","animator:HigakiRinne"],"picked":"animator:SwordMaiden","floor":25.0},{"not_picked":["animator:Vanir","animator:Megumin"],"picked":"animator:Darkness","floor":27.0},{"not_picked":["animator:MetalKnight","animator:Viivi"],"picked":"animator:Gluttony","floor":28.0},{"not_picked":["animator:RoryMercury","animator:Viivi"],"picked":"animator:PandorasActor","floor":30.0},{"not_picked":["animator:HomuraAkemi","animator:Envy"],"picked":"animator:FeridBathory","floor":33.0},{"not_picked":["animator:Genos+1","animator:DwarfShaman+1"],"picked":"animator:Chung+1","floor":35.0},{"not_picked":["animator:ElricAlphonse","animator:Sloth"],"picked":"animator:Gluttony","floor":38.0},{"not_picked":["animator:Caster+1","animator:Gluttony"],"picked":"animator:Arpeggio+1","floor":41.0},{"not_picked":["animator:Raven+1","animator:Nanami+1"],"picked":"animator:Wiz","floor":42.0},{"not_picked":["animator:Gillette","animator:Tet"],"picked":"animator:LeleiLaLalena+1","floor":45.0},{"not_picked":["animator:Megumin","animator:Vanir"],"picked":"animator:Darkness+1","floor":46},{"not_picked":["animator:IrohaTamaki+1","animator:Guren"],"picked":"animator:DolaRiku+1","floor":48}],"player_experience":356101,"relics_obtained":[{"floor":7.0,"key":"Odd Mushroom"},{"floor":8.0,"key":"Centennial Puzzle"},{"floor":9.0,"key":"Mummified Hand"},{"floor":10.0,"key":"hubris:MysteriousPyramids"},{"floor":12.0,"key":"MealTicket"},{"floor":14.0,"key":"Meat on the Bone"},{"floor":19.0,"key":"Red Mask"},{"floor":24.0,"key":"vexMod:BerryBomb"},{"floor":26.0,"key":"Dream Catcher"},{"floor":28.0,"key":"Bronze Scales"},{"floor":30.0,"key":"Vajra"},{"floor":31.0,"key":"HornCleat"},{"floor":34.0,"key":"hubris:TenFootPole"},{"floor":34.0,"key":"Blue Candle"},{"floor":34.0,"key":"hubris:Zylophone"},{"floor":41.0,"key":"Frozen Egg 2"},{"floor":43.0,"key":"Orichalcum"}],"event_choices":[{"damage_healed":0.0,"max_hp_gain":0.0,"max_hp_loss":0.0,"gold_gain":0.0,"event_name":"Mushrooms","player_choice":"Fought Mushrooms","floor":7.0,"gold_loss":0.0,"damage_taken":0.0},{"damage_healed":0.0,"max_hp_gain":0.0,"max_hp_loss":0.0,"gold_gain":0.0,"event_name":"Masked Bandits","player_choice":"Fought Bandits","floor":19.0,"gold_loss":0.0,"damage_taken":0.0},{"damage_healed":0.0,"max_hp_gain":5.0,"max_hp_loss":0.0,"gold_gain":0.0,"event_name":"Forgotten Altar","player_choice":"Shed Blood","floor":22.0,"gold_loss":0.0,"damage_taken":17.0},{"cards_removed":["animator:Strike"],"damage_healed":0.0,"max_hp_gain":0.0,"max_hp_loss":0.0,"gold_gain":0.0,"event_name":"Falling","player_choice":"Removed Attack","floor":37.0,"gold_loss":0.0,"damage_taken":0.0},{"damage_healed":0.0,"max_hp_gain":0.0,"max_hp_loss":0.0,"gold_gain":0.0,"event_name":"conspire:Investor","player_choice":"Leave","floor":39.0,"gold_loss":0.0,"damage_taken":0.0},{"damage_healed":0,"gold_gain":0,"player_choice":"Bought 1 Potion","damage_taken":0,"max_hp_gain":0,"max_hp_loss":0,"event_name":"The Woman in Blue","floor":47,"gold_loss":0}],"is_beta":false,"boss_relics":[{"not_picked":["conspire:RunicOctahedron","conspire:SlowCooker"],"picked":"vexMod:TanglingVine"},{"not_picked":["hubris:VirtuousBlindfold","hubris:CrackedHourglass"],"picked":"Calling Bell"}],"items_purged_floors":[36,44],"is_endless":false,"potions_floor_spawned":[2,5,7,10,14,19,24,30,33,35,46,48],"ascension_level":4}}