{"host":"uonldg9uriwfhjjx","time":1611041635,"event":{"mods":["AchievementEnabler","BaseMod","Colored Map","Colored Powertips","Curses Come First","Highlight Path","Minty Spire (QoL Compilation)","Rare Cards Sparkle","Relic Stats","StSLib","The Cursed","The Marked"],"gold_per_floor":[114,134,84,84,109,144,64,85,85,100,100,100,100,125,125,248,248,248,34,34,34,34,34,34,34,34,34,34,34,34,34,34,34,34,34,34,34,34,34,34,34,34,34],"floor_reached":42,"language":"ENG","playtime":2474,"items_purged":["theMarked:Strike"],"score":475,"play_id":"09712030-d4c0-4b5e-9001-c402c08cd3f3","local_time":"20210119023355","is_ascension_mode":false,"campfire_choices":[{"floor":12,"key":"REST"},{"floor":15,"key":"REST"},{"floor":23,"key":"REST"},{"floor":27,"key":"REST"},{"floor":32,"key":"REST"},{"data":"theMarked:Improvise","floor":40,"key":"SMITH"}],"circlet_count":0,"master_deck":["theMarked:Strike","theMarked:Strike","theMarked:Strike","theMarked:Defend","theMarked:Defend","theMarked:Defend","theMarked:Defend","theMarked:SoldierOfQuellstein","theMarked:Electrocute+1","theMarked:EmpowerWeapon","theMarked:ParalyzingBlade","theMarked:Indomitable","theMarked:Improvise+1","theMarked:Aftermath","theMarked:FavorableWinds","theMarked:DeterminationOfTheMarked+1","theMarked:Opportunist","theMarked:ReduceFriction","theMarked:Static+1","theMarked:WardOff+1","theMarked:GodGivenPower","theMarked:BanishingStrike+1","theMarked:BindingBlade","theMarked:Overcharge"],"relics":["theMarked:ArtifactOfAir","NeowsBlessing","Golden Idol","Singing Bowl","Question Card","Ectoplasm","Strawberry","Regal Pillow","HornCleat","Sozu","Mummified Hand"],"acts_visited":["Exordium","TheCity","TheBeyond"],"potions_floor_usage":[16,20,24,24,25,33],"damage_taken":[{"damage":0,"enemies":"Jaw Worm","floor":1,"turns":1},{"damage":0,"enemies":"Small Slimes","floor":2,"turns":1},{"damage":0,"enemies":"Cultist","floor":5,"turns":1},{"damage":35,"enemies":"Lagavulin","floor":6,"turns":8},{"damage":11,"enemies":"Exordium Thugs","floor":8,"turns":5},{"damage":6,"enemies":"Exordium Wildlife","floor":10,"turns":3},{"damage":7,"enemies":"Looter","floor":14,"turns":4},{"damage":44,"enemies":"Hexaghost","floor":16,"turns":11},{"damage":17,"enemies":"Spheric Guardian","floor":18,"turns":4},{"damage":18,"enemies":"Shell Parasite","floor":20,"turns":5},{"damage":9,"enemies":"Snake Plant","floor":21,"turns":3},{"damage":20,"enemies":"Cultist and Chosen","floor":22,"turns":7},{"damage":31,"enemies":"Slavers","floor":24,"turns":7},{"damage":7,"enemies":"Snecko","floor":25,"turns":5},{"damage":41,"enemies":"Shelled Parasite and Fungi","floor":31,"turns":6},{"damage":65,"enemies":"Automaton","floor":33,"turns":11},{"damage":16,"enemies":"3 Shapes","floor":35,"turns":5},{"damage":10,"enemies":"Orb Walker","floor":36,"turns":3},{"damage":0,"enemies":"Maw","floor":38,"turns":5},{"damage":51,"enemies":"Reptomancer","floor":41,"turns":6},{"damage":17,"enemies":"Transient","floor":42,"turns":3}],"seed_played":"-6112419186541029917","potions_obtained":[{"floor":1,"key":"Regen Potion"},{"floor":5,"key":"Swift Potion"},{"floor":13,"key":"DistilledChaos"},{"floor":13,"key":"BlessingOfTheForge"},{"floor":16,"key":"Fire Potion"},{"floor":18,"key":"Fruit Juice"},{"floor":24,"key":"PowerPotion"},{"floor":25,"key":"EssenceOfSteel"},{"floor":31,"key":"Regen Potion"}],"is_trial":false,"path_per_floor":["M","M","?","?","M","E","$","M","T","M","?","R","?","M","R","B",null,"M","$","M","M","M","R","E","M","T","R","?","T","?","M","R","B",null,"M","M","$","M","?","R","E","M"],"character_chosen":"THE_DEFAULT","items_purchased":["theMarked:Indomitable","theMarked:Opportunist","theMarked:ReduceFriction"],"campfire_rested":5,"item_purchase_floors":[7,19,19],"current_hp_per_floor":[70,70,70,65,65,30,30,21,21,15,3,23,23,16,36,7,67,50,50,37,30,10,32,10,3,3,42,69,69,69,28,67,2,83,69,59,59,61,61,61,12,0,0],"gold":34,"neow_bonus":"THREE_ENEMY_KILL","is_daily":false,"chose_seed":false,"campfire_upgraded":1,"win_rate":0.0,"timestamp":1611041635,"path_taken":["M","M","?","?","M","E","$","M","T","M","?","R","?","M","R","BOSS","M","$","M","?","M","R","E","M","T","R","?","?","?","?","R","BOSS","M","M","?","M","?","R","E","M"],"items_purchased_type":["Card","Card","Card"],"build_version":"2020-12-22","purchased_purges":1,"victory":false,"max_hp_per_floor":[70,70,70,65,65,65,65,67,67,67,67,67,67,67,67,67,67,67,67,72,74,74,74,83,83,83,83,83,83,83,83,83,83,83,85,85,85,87,87,87,89,89,89],"relic_stats":{"Sozu":1,"Regal Pillow":30,"Singing Bowl":12,"counters":[21,104],"Golden Idol":123,"Mummified Hand":[3],"Ectoplasm":493,"Question Card":15,"obtain_stats":[{"Sozu":34,"theMarked:ArtifactOfAir":0,"Regal Pillow":26,"HornCleat":29,"NeowsBlessing":0,"Singing Bowl":6,"Golden Idol":4,"Mummified Hand":41,"Strawberry":24,"Ectoplasm":17,"Question Card":9},{"Sozu":16,"theMarked:ArtifactOfAir":0,"Regal Pillow":14,"HornCleat":14,"NeowsBlessing":0,"Singing Bowl":4,"Golden Idol":2,"Mummified Hand":20,"Strawberry":13,"Ectoplasm":8,"Question Card":5},{"Sozu":82,"theMarked:ArtifactOfAir":0,"Regal Pillow":65,"HornCleat":65,"NeowsBlessing":0,"Singing Bowl":11,"Golden Idol":2,"Mummified Hand":101,"Strawberry":60,"Ectoplasm":34,"Question Card":16}]},"card_choices":[{"not_picked":["theMarked:Aftermath","theMarked:Parry"],"picked":"theMarked:Electrocute","floor":1},{"not_picked":["theMarked:TwofoldDefense","theMarked:WastefulAttack","theMarked:Frustration"],"picked":"SKIP","floor":2},{"not_picked":["theMarked:Frustration","theMarked:TunnelVision"],"picked":"theMarked:EmpowerWeapon","floor":5},{"not_picked":["theMarked:SuspiciousRaven","theMarked:ResourceFulStrike"],"picked":"theMarked:ParalyzingBlade","floor":6},{"not_picked":["theMarked:EnhanceMovement","theMarked:Standoff","theMarked:SwordAndMagic"],"picked":"Singing Bowl","floor":8},{"not_picked":["theMarked:HeightenedSenses","theMarked:WardOff","theMarked:WastefulDefense"],"picked":"theMarked:Improvise","floor":10},{"not_picked":["theMarked:BanishingStrike","theMarked:ContemptForTheProud","theMarked:Parkour"],"picked":"theMarked:Aftermath","floor":14},{"not_picked":["theMarked:ChannelForce","theMarked:UnarmedFury","theMarked:Snap"],"picked":"theMarked:FavorableWinds","floor":16},{"not_picked":["theMarked:ElectricStrings","theMarked:WastefulDefense","theMarked:Parkour+1"],"picked":"theMarked:DeterminationOfTheMarked+1","floor":18},{"not_picked":["theMarked:ResourceFulStrike+1","theMarked:HeightenedSenses+1","theMarked:Frustration"],"picked":"theMarked:Static+1","floor":20},{"not_picked":["theMarked:ElectricStrings","theMarked:PowerFlow","theMarked:Aftermath","theMarked:Improvise"],"picked":"Singing Bowl","floor":21},{"not_picked":["theMarked:SwordAndMagic","theMarked:Parry","theMarked:BanishingStrike"],"picked":"theMarked:WardOff+1","floor":22},{"not_picked":["theMarked:StartUp","theMarked:ChainLightning","theMarked:Parkour","theMarked:Static"],"picked":"Singing Bowl","floor":24},{"not_picked":["theMarked:Levitate","theMarked:ElectricStrings+1","theMarked:Parkour"],"picked":"theMarked:GodGivenPower","floor":25},{"not_picked":["theMarked:HeightenedSenses+1","theMarked:RepellingDischarge+1","theMarked:Reabsorb"],"picked":"theMarked:BanishingStrike+1","floor":31},{"not_picked":["theMarked:SummonStrength","theMarked:Vacuum","theMarked:SoldierForm"],"picked":"theMarked:BindingBlade","floor":33},{"not_picked":["theMarked:TwofoldDefense","theMarked:Frustration+1","theMarked:WardOff+1","theMarked:EmpowerWeapon+1"],"picked":"Singing Bowl","floor":35},{"not_picked":["theMarked:SuspiciousRaven","theMarked:Frustration+1","theMarked:ShockingTouch+1"],"picked":"theMarked:Overcharge","floor":36},{"not_picked":["theMarked:SelfDefenseTraining+1","theMarked:BanishingStrike","theMarked:EmpowerWeapon","theMarked:WastefulDefense"],"picked":"Singing Bowl","floor":38},{"not_picked":["theMarked:TunnelVision+1","theMarked:ElectricStrings+1","theMarked:ResourceFulStrike+1","theMarked:SwordAndMagic"],"picked":"Singing Bowl","floor":41}],"player_experience":811262,"relics_obtained":[{"floor":6,"key":"Singing Bowl"},{"floor":9,"key":"Question Card"},{"floor":24,"key":"Strawberry"},{"floor":26,"key":"Regal Pillow"},{"floor":29,"key":"HornCleat"},{"floor":41,"key":"Mummified Hand"}],"event_choices":[{"cards_removed":["theMarked:Strike"],"damage_healed":0,"gold_gain":0,"player_choice":"Card Removal","damage_taken":0,"max_hp_gain":0,"max_hp_loss":0,"event_name":"The Cleric","floor":3,"gold_loss":50},{"damage_healed":0,"gold_gain":0,"player_choice":"Lose Max HP","damage_taken":0,"relics_obtained":["Golden Idol"],"max_hp_gain":0,"max_hp_loss":5,"event_name":"Golden Idol","floor":4,"gold_loss":0},{"damage_healed":0,"gold_gain":0,"player_choice":"Fled","damage_taken":12,"max_hp_gain":0,"max_hp_loss":0,"event_name":"Scrap Ooze","floor":11,"gold_loss":0},{"damage_healed":0,"gold_gain":0,"player_choice":"Got Potions","damage_taken":0,"max_hp_gain":0,"max_hp_loss":0,"event_name":"Lab","floor":13,"gold_loss":0},{"damage_healed":27,"gold_gain":0,"player_choice":"Heal","damage_taken":0,"max_hp_gain":0,"max_hp_loss":0,"event_name":"The Library","floor":28,"gold_loss":0},{"damage_healed":0,"gold_gain":0,"player_choice":"Ignored","damage_taken":0,"max_hp_gain":0,"max_hp_loss":0,"event_name":"Ghosts","floor":30,"gold_loss":0},{"damage_healed":0,"gold_gain":0,"player_choice":"Upgraded","damage_taken":0,"max_hp_gain":0,"max_hp_loss":0,"event_name":"Upgrade Shrine","floor":39,"gold_loss":0,"cards_upgraded":["theMarked:Electrocute"]}],"is_beta":false,"boss_relics":[{"not_picked":["Pandora\u0027s Box","Runic Pyramid"],"picked":"Ectoplasm"},{"not_picked":["SacredBark","Snecko Eye"],"picked":"Sozu"}],"items_purged_floors":[19],"is_endless":false,"potions_floor_spawned":[1,5,16,18,24,25,31,38],"killed_by":"Transient","ascension_level":0}}