{"host":"jscggscbx0p7706o","time":1611079890,"event":{"mods":["AchievementEnabler","BaseMod","Block Reminder","Colored Powertips","Filter the Spire","Minty Spire (QoL Compilation)","Permanent Neow","Quick Restart","StSLib"],"gold_per_floor":[113,124,74,74,23,23,23,42,76,76,128,128,128,128,142,142,60,60,60,163,163,174,174,174,30,46,81,81,107,121,148,220,253,263,362,362,287,287,287,382,382,402,302,302,103,123,48,48,59,59,85,85,85,85,85,120,140,140,190,190,190,190,190,47,75,75],"floor_reached":67,"language":"ENG","playtime":3310,"items_purged":["Strike_P","Defend_P","Defend_P"],"score":1442,"play_id":"d1828524-7b7d-40c1-9aff-28be9eaade50","local_time":"20210120021130","is_ascension_mode":true,"campfire_choices":[{"data":"ThirdEye","floor":7.0,"key":"SMITH"},{"data":"Vigilance","floor":10.0,"key":"SMITH"},{"floor":14.0,"key":"RECALL"},{"data":"Consecrate","floor":16.0,"key":"SMITH"},{"data":"Judgement","floor":19.0,"key":"SMITH"},{"data":"Scrawl","floor":28.0,"key":"SMITH"},{"data":"TalkToTheHand","floor":38.0,"key":"SMITH"},{"data":"WaveOfTheHand","floor":39.0,"key":"SMITH"},{"data":"Fasting2","floor":48.0,"key":"SMITH"},{"data":"Fasting2","floor":50.0,"key":"SMITH"},{"data":"EmptyBody","floor":54.0,"key":"SMITH"},{"floor":58.0,"key":"REST"},{"floor":60.0,"key":"REST"},{"floor":63.0,"key":"REST"}],"circlet_count":0,"master_deck":["Eruption+1","Vigilance+1","CarveReality+1","ThirdEye+1","Consecrate+1","CutThroughFate+1","EmptyBody+1","Judgement+1","Scrawl+1","FearNoEvil+1","TalkToTheHand+1","CrushJoints+1","WaveOfTheHand+1","Fasting2+1","Fasting2+1"],"relics":["Calling Bell","Bag of Marbles","Kunai","Torii","Orichalcum","Bottled Lightning","Bird Faced Urn","Velvet Choker","Oddly Smooth Stone","Mango","Bag of Preparation","Yang","Bottled Flame","Philosopher\u0027s Stone","Calipers","Akabeko","Vajra","Art of War","FossilizedHelix","OrangePellets","Shuriken"],"acts_visited":["Exordium","TheCity","TheBeyond","TheEnding"],"potions_floor_usage":[66],"damage_taken":[{"damage":0.0,"enemies":"2 Louse","floor":1.0,"turns":3.0},{"damage":0.0,"enemies":"Cultist","floor":2.0,"turns":2.0},{"damage":2.0,"enemies":"Jaw Worm","floor":8.0,"turns":4.0},{"damage":1.0,"enemies":"Lagavulin","floor":9.0,"turns":8.0},{"damage":0.0,"enemies":"Large Slime","floor":15.0,"turns":2.0},{"damage":3.0,"enemies":"Hexaghost","floor":20.0,"turns":9.0},{"damage":0.0,"enemies":"Chosen","floor":22.0,"turns":3.0},{"damage":0.0,"enemies":"2 Thieves","floor":26.0,"turns":2.0},{"damage":7.0,"enemies":"Book of Stabbing","floor":27.0,"turns":3.0},{"damage":8.0,"enemies":"Slavers","floor":29.0,"turns":3.0},{"damage":0.0,"enemies":"Snake Plant","floor":30.0,"turns":3.0},{"damage":1.0,"enemies":"Gremlin Leader","floor":33.0,"turns":4.0},{"damage":0.0,"enemies":"Cultist and Chosen","floor":34.0,"turns":3.0},{"damage":9.0,"enemies":"Automaton","floor":40.0,"turns":8.0},{"damage":0.0,"enemies":"3 Darklings","floor":42.0,"turns":2.0},{"damage":0.0,"enemies":"3 Shapes","floor":46.0,"turns":4.0},{"damage":0.0,"enemies":"Spire Growth","floor":49.0,"turns":2.0},{"damage":0.0,"enemies":"Giant Head","floor":51.0,"turns":4.0},{"damage":0.0,"enemies":"Reptomancer","floor":56.0,"turns":4.0},{"damage":0.0,"enemies":"3 Darklings","floor":57.0,"turns":2.0},{"damage":0.0,"enemies":"Mind Bloom Boss Battle","floor":59.0,"turns":4.0},{"damage":11.0,"enemies":"Donu and Deca","floor":61.0,"turns":9.0},{"damage":0.0,"enemies":"Shield and Spear","floor":65.0,"turns":4.0},{"damage":63,"enemies":"The Heart","floor":66,"turns":7}],"seed_played":"-8504696025597220880","potions_obtained":[{"floor":1.0,"key":"LiquidMemories"},{"floor":15.0,"key":"BottledMiracle"},{"floor":27.0,"key":"LiquidBronze"},{"floor":42.0,"key":"SteroidPotion"}],"is_trial":false,"path_per_floor":["M","M","?","?","$","?","R","M","E","R","T","T","?","R","M","R","$","?","R","B",null,"M","?","?","$","M","E","R","E","M","T","T","E","M","?","?","?","R","R","B",null,"M","$","?","$","M","$","R","M","R","E","T","T","R","$","E","M","R","?","R","B",null,"R","$","E","B",null],"character_chosen":"WATCHER","items_purchased":["ThirdEye","Judgement","TalkToTheHand","Fasting2","Fasting2","OrangePellets"],"campfire_rested":3,"item_purchase_floors":[5,17,25,45,47,64],"current_hp_per_floor":[72,72,72,65,65,65,65,63,62,62,62,62,62,62,62,62,62,55,55,52,72,72,72,72,72,72,65,65,71,71,71,71,70,70,70,70,70,70,70,61,86,86,86,96,96,96,96,96,96,96,96,96,96,96,96,96,96,96,96,96,85,96,96,96,96,35],"gold":75,"neow_bonus":"BOSS_RELIC","is_daily":false,"chose_seed":false,"campfire_upgraded":10,"win_rate":0.0,"timestamp":1611079890,"path_taken":["M","M","?","?","$","?","R","?","E","R","T","T","?","R","M","R","?","?","R","BOSS","M","?","?","$","?","E","R","E","M","T","T","E","M","?","?","?","R","R","BOSS","M","$","?","$","M","$","R","?","R","E","T","T","R","?","E","M","R","?","R","BOSS","R","$","E","BOSS"],"items_purchased_type":["Card","Card","Card","Card","Card","Relic"],"build_version":"2020-12-22","purchased_purges":3,"victory":true,"max_hp_per_floor":[72,72,72,72,72,72,72,72,72,72,72,72,72,72,72,72,72,72,72,72,72,72,72,72,72,72,72,72,86,86,86,86,86,86,86,86,86,86,86,86,86,86,86,96,96,96,96,96,96,96,96,96,96,96,96,96,96,96,96,96,96,96,96,96,96,96],"card_choices":[{"not_picked":["Evaluate","Crescendo"],"picked":"CarveReality","floor":1.0},{"not_picked":["Prostrate","SignatureMove","MentalFortress"],"picked":"SKIP","floor":2.0},{"not_picked":["FlyingSleeves","Collect"],"picked":"Consecrate","floor":8.0},{"not_picked":["ConjureBlade","Prostrate"],"picked":"CutThroughFate","floor":9.0},{"not_picked":["FollowUp","ClearTheMind"],"picked":"EmptyBody","floor":15.0},{"not_picked":["Brilliance","Judgement"],"picked":"Scrawl","floor":20.0},{"not_picked":["CarveReality","EmptyFist"],"picked":"FearNoEvil+1","floor":22.0},{"not_picked":["Pray","Tantrum"],"picked":"CrushJoints+1","floor":26.0},{"not_picked":["Pray","EmptyFist"],"picked":"WaveOfTheHand","floor":27.0},{"not_picked":["Consecrate","JustLucky","Conclude"],"picked":"SKIP","floor":29.0},{"not_picked":["Nirvana","DeceiveReality","ThirdEye"],"picked":"SKIP","floor":30.0},{"not_picked":["MasterReality","WaveOfTheHand","JustLucky"],"picked":"SKIP","floor":33.0},{"not_picked":["MasterReality","WaveOfTheHand","JustLucky"],"picked":"SKIP","floor":33.0},{"not_picked":["EmptyBody","Conclude+1","Pray+1"],"picked":"SKIP","floor":34.0},{"not_picked":["Blasphemy","Judgement"],"picked":"LessonLearned","floor":40.0},{"not_picked":["DeceiveReality+1","SandsOfTime+1","FlurryOfBlows"],"picked":"SKIP","floor":42.0},{"not_picked":["Consecrate","ClearTheMind","PathToVictory+1"],"picked":"SKIP","floor":46.0},{"not_picked":["Crescendo+1","PathToVictory+1","ThirdEye+1"],"picked":"SKIP","floor":49.0},{"not_picked":["Crescendo+1","Vault","BattleHymn"],"picked":"SKIP","floor":51.0},{"not_picked":["BowlingBash+1","FlyingSleeves","Conclude+1"],"picked":"SKIP","floor":56.0},{"not_picked":["EmptyBody+1","FlyingSleeves","CutThroughFate+1"],"picked":"SKIP","floor":57.0},{"not_picked":["LikeWater","WheelKick+1","SandsOfTime"],"picked":"SKIP","floor":65.0}],"player_experience":310626,"relics_obtained":[{"floor":0.0,"key":"Bag of Marbles"},{"floor":0.0,"key":"Kunai"},{"floor":0.0,"key":"Torii"},{"floor":9.0,"key":"Orichalcum"},{"floor":12.0,"key":"Bottled Lightning"},{"floor":27.0,"key":"Oddly Smooth Stone"},{"floor":29.0,"key":"Mango"},{"floor":31.0,"key":"Bag of Preparation"},{"floor":32.0,"key":"Yang"},{"floor":33.0,"key":"Bottled Flame"},{"floor":51.0,"key":"Calipers"},{"floor":52.0,"key":"Akabeko"},{"floor":53.0,"key":"Vajra"},{"floor":56.0,"key":"Art of War"},{"floor":59.0,"key":"FossilizedHelix"},{"floor":65.0,"key":"Shuriken"}],"event_choices":[{"cards_removed":["Defend_P"],"damage_healed":0.0,"max_hp_gain":0.0,"max_hp_loss":0.0,"gold_gain":0.0,"event_name":"The Cleric","player_choice":"Card Removal","floor":3.0,"gold_loss":50.0,"damage_taken":0.0},{"cards_removed":["Strike_P"],"damage_healed":0.0,"max_hp_gain":0.0,"max_hp_loss":0.0,"gold_gain":0.0,"event_name":"Golden Wing","player_choice":"Card Removal","floor":4.0,"gold_loss":0.0,"damage_taken":7.0},{"damage_healed":0.0,"max_hp_gain":0.0,"max_hp_loss":0.0,"gold_gain":0.0,"event_name":"Upgrade Shrine","player_choice":"Upgraded","floor":6.0,"gold_loss":0.0,"damage_taken":0.0,"cards_upgraded":["Eruption"]},{"damage_healed":0.0,"max_hp_gain":0.0,"max_hp_loss":0.0,"gold_gain":0.0,"event_name":"Upgrade Shrine","player_choice":"Upgraded","floor":13.0,"gold_loss":0.0,"damage_taken":0.0,"cards_upgraded":["CutThroughFate"]},{"damage_healed":0.0,"max_hp_gain":0.0,"max_hp_loss":0.0,"gold_gain":0.0,"event_name":"Scrap Ooze","player_choice":"Success","floor":18.0,"gold_loss":0.0,"damage_taken":7.0,"relics_obtained":["Bird Faced Urn"]},{"damage_healed":0.0,"max_hp_gain":0.0,"max_hp_loss":0.0,"gold_gain":0.0,"event_name":"Ghosts","player_choice":"Ignored","floor":23.0,"gold_loss":0.0,"damage_taken":0.0},{"cards_removed":["Defend_P"],"damage_healed":0.0,"max_hp_gain":0.0,"max_hp_loss":0.0,"gold_gain":0.0,"event_name":"Wheel of Change","player_choice":"Card Removal","floor":24.0,"gold_loss":0.0,"damage_taken":0.0},{"damage_healed":0.0,"max_hp_gain":0.0,"max_hp_loss":0.0,"gold_gain":99.0,"event_name":"Nest","player_choice":"Stole From Cult","floor":35.0,"gold_loss":0.0,"damage_taken":0.0},{"cards_removed":["Strike_P"],"damage_healed":0.0,"max_hp_gain":0.0,"max_hp_loss":0.0,"gold_gain":0.0,"event_name":"Back to Basics","player_choice":"Elegance","floor":36.0,"gold_loss":0.0,"damage_taken":0.0},{"cards_removed":["Strike_P"],"damage_healed":0.0,"max_hp_gain":0.0,"max_hp_loss":0.0,"gold_gain":0.0,"event_name":"Beggar","player_choice":"Gave Gold","floor":37.0,"gold_loss":75.0,"damage_taken":0.0},{"cards_removed":["LessonLearned"],"damage_healed":0.0,"max_hp_gain":10.0,"max_hp_loss":0.0,"gold_gain":0.0,"event_name":"Bonfire Elementals","player_choice":"Offered Rare","floor":44.0,"gold_loss":0.0,"damage_taken":0.0},{"damage_healed":0.0,"max_hp_gain":0.0,"max_hp_loss":0.0,"gold_gain":0.0,"event_name":"MindBloom","player_choice":"Fight","floor":59.0,"gold_loss":0.0,"damage_taken":0.0}],"is_beta":false,"boss_relics":[{"not_picked":["Tiny House","Astrolabe"],"picked":"Velvet Choker"},{"not_picked":["Cursed Key","Fusion Hammer"],"picked":"Philosopher\u0027s Stone"}],"items_purged_floors":[25,43,45],"is_endless":false,"potions_floor_spawned":[1,15,27,29,40,42,46,56],"ascension_level":1}}