{"host":"61xbmbtf5zrn7rzc","time":1611040763,"event":{"mods":["BaseMod","Challenge The Spire","Hubris","Infinite Spire","Minty Spire (QoL Compilation)","Replay The Spire","StSLib","SuperFastMode"],"gold_per_floor":[109,166,178,34,53,53,73,73,119,119,119,150,150,150,150,255,255,275,300,300,316,328,328,363,363,363,389,389,389],"floor_reached":28,"language":"ENG","playtime":899,"items_purged":["Strike_R"],"score":305,"play_id":"327f042d-4567-49f7-ac3b-67d8bf245eb1","local_time":"20210119021923","is_ascension_mode":true,"campfire_choices":[{"data":"Bash","floor":6,"key":"SMITH"},{"data":"Uppercut","floor":8,"key":"SMITH"},{"floor":10,"key":"RECALL"},{"data":"Thunderclap","floor":13,"key":"SMITH"},{"data":"Dropkick","floor":15,"key":"SMITH"},{"floor":23,"key":"REST"},{"floor":25,"key":"REST"}],"circlet_count":0,"master_deck":["Strike_R","Defend_R","Defend_R","Defend_R","Bash+1","hubris:CleavingFinish","Uppercut+1","ReplayTheSpireMod:Muscle Training","Dropkick+1","Thunderclap+1","Juggernaut","Flame Barrier+1","hubris:ReadiedAction+1","Wraith Form v2+1","Life Link","Dropkick+1"],"relics":["Replay:M_StaffOfTheSnake","NeowsBlessing","ReplayTheSpireMod:Spearhead","infinitespire:Cubic Diamond","Omamori","Astrolabe","Red Mask","Vajra","hubris:Metronome","InkBottle"],"acts_visited":["Exordium","TheCity"],"potions_floor_usage":[16,16,19,22,28],"damage_taken":[{"damage":0,"enemies":"Small Slimes","floor":1,"turns":1},{"damage":0,"enemies":"Jaw Worm","floor":3,"turns":1},{"damage":0,"enemies":"2 Louse","floor":5,"turns":1},{"damage":6,"enemies":"2 Fungi Beasts","floor":7,"turns":3},{"damage":13,"enemies":"Gremlin Nob","floor":12,"turns":3},{"damage":41,"enemies":"Fading Forest","floor":16,"turns":11},{"damage":26,"enemies":"Shell Parasite","floor":18,"turns":5},{"damage":35,"enemies":"Masked Bandits","floor":19,"turns":5},{"damage":0,"enemies":"3 Byrds","floor":21,"turns":3},{"damage":29,"enemies":"Shelled Parasite and Fungi","floor":22,"turns":4},{"damage":27,"enemies":"Book of Stabbing","floor":24,"turns":6},{"damage":16,"enemies":"Gremlin Leader","floor":27,"turns":5},{"damage":16,"enemies":"Sentry and Sphere","floor":28,"turns":3}],"seed_played":"-8065614947272326510","potions_obtained":[{"floor":2,"key":"GamblersBrew"},{"floor":3,"key":"Dexterity Potion"},{"floor":18,"key":"HeartOfIron"},{"floor":21,"key":"BloodPotion"},{"floor":24,"key":"SpeedPotion"}],"is_trial":false,"path_per_floor":["M","?","M","$","M","R","M","R","T","R","?","E","R","?","R","B",null,"M","?","?","M","M","R","E","R","T","E","M"],"character_chosen":"IRONCLAD","items_purchased":["ReplayTheSpireMod:Muscle Training"],"campfire_rested":2,"item_purchase_floors":[4],"current_hp_per_floor":[80,60,66,66,72,72,72,72,72,72,72,59,59,52,52,19,80,54,19,19,19,6,30,3,27,27,11,0,0],"gold":389,"neow_bonus":"THREE_ENEMY_KILL","is_daily":false,"chose_seed":false,"campfire_upgraded":4,"win_rate":0.0,"timestamp":1611040763,"path_taken":["M","?","M","$","M","R","M","R","T","R","?","E","R","?","R","BOSS","M","?","?","M","M","R","E","R","T","E","?"],"items_purchased_type":["Card"],"build_version":"2020-12-22","purchased_purges":1,"victory":false,"max_hp_per_floor":[80,80,80,80,80,80,80,80,80,80,80,80,80,80,80,80,80,80,80,80,80,80,80,80,80,80,80,80,80],"card_choices":[{"not_picked":["Disarm","Run Through"],"picked":"hubris:CleavingFinish","floor":1},{"not_picked":["Clash","Flex"],"picked":"Uppercut","floor":2},{"not_picked":["Body Slam","Rage","hubris:CleavingFinish"],"picked":"SKIP","floor":3},{"not_picked":["Brutality","Carnage"],"picked":"Dropkick","floor":5},{"not_picked":["Flex","ReplayReversal","Warcry"],"picked":"SKIP","floor":7},{"not_picked":["ReplayTheSpireMod:LeadingStrike","Twin Strike"],"picked":"Thunderclap","floor":12},{"not_picked":["Eclipse","Adrenaline"],"picked":"Juggernaut","floor":16},{"not_picked":["True Grit","ReplayTheSpireMod:Muscle Training"],"picked":"Life Link","floor":18},{"not_picked":["Sentinel","Warcry","hubris:ReadiedAction+1"],"picked":"SKIP","floor":21},{"not_picked":["Wild Strike","Run Through+1","Rampage"],"picked":"SKIP","floor":22},{"not_picked":["Rage","Bloodletting","Body Slam+1"],"picked":"SKIP","floor":24},{"not_picked":["Pommel Strike","Bludgeon","Replay:Undeath\u0027s Touch+1"],"picked":"SKIP","floor":27}],"player_experience":138598,"relics_obtained":[{"floor":2,"key":"ReplayTheSpireMod:Spearhead"},{"floor":12,"key":"Omamori"},{"floor":19,"key":"Red Mask"},{"floor":24,"key":"Vajra"},{"floor":26,"key":"hubris:Metronome"},{"floor":27,"key":"InkBottle"}],"event_choices":[{"cards_removed":["Strike_R"],"damage_healed":0,"gold_gain":0,"player_choice":"Card Removal","damage_taken":7,"max_hp_gain":0,"max_hp_loss":0,"event_name":"Golden Wing","floor":14,"gold_loss":0},{"damage_healed":0,"gold_gain":0,"player_choice":"Fought Bandits","damage_taken":0,"max_hp_gain":0,"max_hp_loss":0,"event_name":"Masked Bandits","floor":19,"gold_loss":0},{"damage_healed":0,"gold_gain":0,"player_choice":"Copied","damage_taken":0,"max_hp_gain":0,"max_hp_loss":0,"event_name":"Duplicator","floor":20,"gold_loss":0,"cards_obtained":["Dropkick"]}],"is_beta":false,"boss_relics":[{"not_picked":["infinitespire:Burning Sword","hubris:RunicObelisk"],"picked":"Astrolabe"}],"items_purged_floors":[4],"is_endless":false,"potions_floor_spawned":[3,18,21,24],"killed_by":"Sentry and Sphere","ascension_level":4}}