{"host":"sdjng9zhqonqi3uc","time":1611079274,"event":{"mods":["2.2 Compatiblity","AchievementEnabler","BaseMod","Better Third Choice","BetterRewards","Colored Powertips","Downfall","Hero for Fun","Minty Spire (QoL Compilation)","Quick Restart","Shop Mod","Spicy Shops","StSLib","Td1madao Mod","The Animator","The Cursed","The Servant 0.9.4"],"gold_per_floor":[99,113,113,113,131,131,131,7,18,32,49,62,62,76,86,190,190,190,190,190,201,301,301,325,18,36,53,1,21,21,37,55,157,157,157,172,195,206,256,256,283,283,296,310,323,334,334,334],"floor_reached":47,"language":"ENG","playtime":6049,"items_purged":["bronze:Defend"],"score":475,"play_id":"be8baf92-f1dc-4f4a-a70e-f541793c83a1","local_time":"20210119190114","is_ascension_mode":false,"campfire_choices":[{"data":"bronze:Goto","floor":1,"key":"SMITH"},{"data":"bronze:Assembly","floor":18,"key":"SMITH"},{"floor":30,"key":"REST"},{"data":"bronze:Shell","floor":35,"key":"SMITH"},{"data":"bronze:NullPointer","floor":40,"key":"PURGE"},{"data":"downfall:Bewildered","floor":42,"key":"PURGE"}],"circlet_count":0,"master_deck":["bronze:Strike","bronze:Defend+1","bronze:Defend","bronze:Replicate","bronze:Goto+1","bronze:ChosenStrike","Creative AI+1","bronze:DelayedGuard+1","bronze:Iterate","bronze:ItsAFeature","bronze:DarkDash","bronze:DelayedSlice","Parasite","bronze:Assembly+1","bronze:Shell","bronze:ShipIt","bronze:Iterate","Regret","bronze:Virus","bronze:Boost","bronze:FineTuning","RitualDagger+1","bronze:FollowUp+1","bronze:Shell+1","bronze:Fortify","bronze:RecursiveStrike","bronze:RecursiveStrike","bronze:WhirlingStrike+1","bronze:ClassDefault+1","bronze:ClassDefault+1","bronze:Repulsor","bronze:Boost+1"],"relics":["bronze:PlatinumCore","downfall:ShatteredFragment","Potion Belt","Unceasing Top","Snecko Eye","sneckomod:BabySnecko","Gambling Chip","Matryoshka","Pen Nib","Lantern","Regal Pillow","War Paint","Mummified Hand","Toy Ornithopter","Orichalcum","Centennial Puzzle","Peace Pipe","Ancient Tea Set"],"acts_visited":["Exordium","TheCity","TheBeyond"],"potions_floor_usage":[10,16,16,16,22,27,29,31,31,33,33,33,39,46,46],"damage_taken":[{"damage":6,"enemies":"Jaw Worm","floor":2,"turns":3},{"damage":5,"enemies":"Small Slimes","floor":5,"turns":2},{"damage":3,"enemies":"downfall:FleeingMerchant","floor":8,"turns":4},{"damage":7,"enemies":"2 Louse","floor":9,"turns":2},{"damage":2,"enemies":"Blue Slaver","floor":10,"turns":3},{"damage":6,"enemies":"3 Louse","floor":11,"turns":2},{"damage":0,"enemies":"Large Slime","floor":12,"turns":5},{"damage":3,"enemies":"Red Slaver","floor":14,"turns":2},{"damage":0,"enemies":"2 Fungi Beasts","floor":15,"turns":2},{"damage":29,"enemies":"DF_ARCHETYPE_STREAMLINE","floor":16,"turns":9},{"damage":14,"enemies":"Spheric Guardian","floor":21,"turns":4},{"damage":54,"enemies":"WA_ARCHETYPE_RETAIN","floor":22,"turns":5},{"damage":21,"enemies":"downfall:FleeingMerchant","floor":25,"turns":4},{"damage":4,"enemies":"3 Byrds","floor":26,"turns":3},{"damage":3,"enemies":"Shelled Parasite and Fungi","floor":27,"turns":2},{"damage":1,"enemies":"downfall:FleeingMerchant","floor":28,"turns":4},{"damage":7,"enemies":"3 Cultists","floor":29,"turns":4},{"damage":9,"enemies":"Centurion and Healer","floor":31,"turns":2},{"damage":2,"enemies":"Chosen and Byrds","floor":32,"turns":3},{"damage":5,"enemies":"IC_MUSHROOM_ARCHETYPE","floor":33,"turns":4},{"damage":0,"enemies":"Orb Walker","floor":36,"turns":2},{"damage":22,"enemies":"3 Shapes","floor":38,"turns":1},{"damage":11,"enemies":"3 Shapes","floor":39,"turns":3},{"damage":12,"enemies":"Sphere and 2 Shapes","floor":43,"turns":3},{"damage":6,"enemies":"Maw","floor":44,"turns":5},{"damage":0,"enemies":"Jaw Worm Horde","floor":45,"turns":3},{"damage":37,"enemies":"Writhing Mass","floor":46,"turns":3},{"damage":15,"enemies":"Giant Head","floor":47,"turns":5}],"seed_played":"-289354564303358566","potions_obtained":[{"floor":2,"key":"FairyPotion"},{"floor":10,"key":"Fruit Juice"},{"floor":14,"key":"EntropicBrew"},{"floor":16,"key":"Ancient Potion"},{"floor":22,"key":"Weak Potion"},{"floor":23,"key":"CultistPotion"},{"floor":27,"key":"bronze:FreeFunctionsPotion"},{"floor":29,"key":"Strength Potion"},{"floor":32,"key":"Block Potion"},{"floor":36,"key":"PowerPotion"},{"floor":38,"key":"LiquidBronze"},{"floor":45,"key":"Fire Potion"}],"is_trial":false,"path_per_floor":["R","M","?","?","M","?","T","$","M","M","M","M","?","M","M","B",null,"R","?","?","M","?","?","T","$","M","M","$","M","R","M","M","B",null,"R","M","?","M","?","R","T","R","M","M","M","M","E"],"character_chosen":"THE_AUTOMATON","items_purchased":["bronze:ItsAFeature","Regal Pillow","War Paint","Mummified Hand","Toy Ornithopter"],"campfire_rested":1,"item_purchase_floors":[8,25,25,28,28],"current_hp_per_floor":[77,71,50,38,33,33,33,30,23,26,20,20,40,37,37,8,82,82,82,82,68,14,14,14,18,14,11,10,8,47,48,46,56,82,82,82,82,60,54,54,54,54,42,36,36,9,0,0],"gold":334,"neow_bonus":"TEN_PERCENT_HP_BONUS","is_daily":false,"chose_seed":false,"campfire_upgraded":3,"win_rate":0.0,"timestamp":1611079274,"path_taken":["R","M","?","?","M","?","T","?","M","M","M","M","?","M","M","BOSS","R","?","?","?","?","?","T","$","M","M","?","M","R","M","M","BOSS","R","M","?","M","?","R","T","R","M","?","M","M","E"],"items_purchased_type":["Card","Relic","Relic","Relic","Relic"],"build_version":"2020-12-22","purchased_purges":1,"victory":false,"max_hp_per_floor":[77,77,77,77,77,77,77,77,77,82,82,82,82,82,82,82,82,82,82,82,82,82,82,82,82,82,82,82,82,82,82,82,82,82,82,82,82,82,82,82,82,82,82,82,82,82,82,82],"card_choices":[{"not_picked":["bronze:DigitalCarnage","bronze:Shield"],"picked":"bronze:ChosenStrike","floor":2},{"not_picked":["bronze:BugBarrage","bronze:BuggyMess"],"picked":"bronze:DelayedGuard","floor":5},{"not_picked":["bronze:BronzeArmor","bronze:Break"],"picked":"bronze:Iterate","floor":8},{"not_picked":["bronze:Backtrace","bronze:Iterate","bronze:BugBarrage"],"picked":"SKIP","floor":9},{"not_picked":["bronze:BuggyMess","bronze:Shield","bronze:Overheat"],"picked":"SKIP","floor":10},{"not_picked":["bronze:WildBeam","bronze:Iterate"],"picked":"bronze:DarkDash","floor":11},{"not_picked":["bronze:Invalidate","bronze:DelayedGuard"],"picked":"bronze:DelayedSlice","floor":12},{"not_picked":["bronze:ForLoop","bronze:Shield"],"picked":"bronze:Assembly","floor":14},{"not_picked":["bronze:Invalidate","bronze:BuggyMess"],"picked":"bronze:Shell","floor":15},{"not_picked":["bronze:FindAndReplace","bronze:Format"],"picked":"bronze:ShipIt","floor":16},{"not_picked":["bronze:FollowUp","bronze:Shield"],"picked":"bronze:Boost","floor":21},{"not_picked":["bronze:DigitalCarnage+1","bronze:Frontload"],"picked":"bronze:FineTuning","floor":22},{"not_picked":["bronze:Overheat","bronze:DelayedGuard","bronze:OilSpill+1"],"picked":"SKIP","floor":25},{"not_picked":["bronze:BronzeOrb","bronze:Iterate+1"],"picked":"bronze:FollowUp+1","floor":26},{"not_picked":["bronze:Frontload+1","bronze:Turbo"],"picked":"bronze:Shell","floor":27},{"not_picked":["bronze:BronzeArmor","bronze:Deprecate","bronze:BitShift"],"picked":"SKIP","floor":28},{"not_picked":["bronze:BitShift+1","bronze:Return"],"picked":"bronze:Fortify","floor":29},{"not_picked":["bronze:Overheat","bronze:BronzeArmor"],"picked":"bronze:RecursiveStrike","floor":31},{"not_picked":["bronze:Iterate","bronze:Backtrace","bronze:ChildClass"],"picked":"SKIP","floor":32},{"not_picked":["bronze:FindAndReplace","bronze:Virus"],"picked":"bronze:RecursiveStrike","floor":33},{"not_picked":["bronze:Invalidate+1","bronze:Backtrace+1"],"picked":"bronze:WhirlingStrike+1","floor":36},{"not_picked":["bronze:DelayedGuard+1","bronze:Boost+1"],"picked":"bronze:ClassDefault+1","floor":38},{"not_picked":["bronze:ChildClass+1","bronze:Philosophize+1"],"picked":"bronze:ClassDefault+1","floor":43},{"not_picked":["bronze:Branch+1","bronze:Deprecate"],"picked":"bronze:Repulsor","floor":44},{"not_picked":["bronze:Turbo+1","bronze:BitShift+1"],"picked":"bronze:Boost+1","floor":45},{"not_picked":["bronze:Shield","bronze:Overheat","bronze:MaxOutput"],"picked":"SKIP","floor":46}],"player_experience":336690,"relics_obtained":[{"floor":7,"key":"Unceasing Top"},{"floor":22,"key":"Gambling Chip"},{"floor":22,"key":"Matryoshka"},{"floor":24,"key":"Pen Nib"},{"floor":24,"key":"Lantern"},{"floor":37,"key":"Orichalcum"},{"floor":37,"key":"Centennial Puzzle"},{"floor":39,"key":"Peace Pipe"},{"floor":41,"key":"Ancient Tea Set"}],"event_choices":[{"cards_removed":["bronze:Strike"],"damage_healed":0,"gold_gain":0,"player_choice":"Card Removal","damage_taken":0,"max_hp_gain":0,"max_hp_loss":0,"event_name":"The Cleric","floor":6,"gold_loss":0},{"damage_healed":20,"gold_gain":0,"player_choice":"Healed and dodged fight","damage_taken":0,"max_hp_gain":0,"max_hp_loss":0,"event_name":"Mushrooms","floor":13,"gold_loss":0,"cards_obtained":["Parasite"]}],"is_beta":false,"boss_relics":[{"not_picked":["Calling Bell","bronze:MakeshiftBattery"],"picked":"Snecko Eye"},{"not_picked":["SacredBark","Coffee Dripper"],"picked":"bronze:PlatinumCore"}],"items_purged_floors":[8],"is_endless":false,"potions_floor_spawned":[2,10,14,16,22,27,29,32,36,38,45],"killed_by":"Giant Head","ascension_level":0}}