{"host":"o3nki8hvugtioqst","time":1611069878,"event":{"mods":["AchievementEnabler","BaseMod","Colored Map","Colored Powertips","Hubris","Infinite Spire","Minty Spire (QoL Compilation)","Quick Restart","Rare Cards Sparkle","Replay The Spire","StSLib","SuperFastMode","everything is the same but u backflip on backflip"],"gold_per_floor":[110,110,110,128,141,157,157,172,224,239,266,266,266,310,310,440,440,464,478,76,76,76,76,99,134,134,153,153,173,173,196,196,316,316,330,353,353,353,377,416,416,416,439,464,488,488,26,64,64,64,64],"floor_reached":50,"language":"ENG","playtime":1757,"items_purged":["Defend_P"],"score":923,"play_id":"f1f3637a-d3d9-44c4-b91d-08a7d44592c0","local_time":"20210119172438","is_ascension_mode":true,"campfire_choices":[{"data":"Wallop","floor":7.0,"key":"SMITH"},{"data":"Blasphemy","floor":15.0,"key":"SMITH"},{"data":"1","floor":23.0,"key":"LIFT"},{"data":"2","floor":30.0,"key":"LIFT"},{"data":"3","floor":41.0,"key":"LIFT"},{"data":"SandsOfTime","floor":49.0,"key":"SMITH"}],"circlet_count":0,"master_deck":["Strike_P","Strike_P","Strike_P","Strike_P","Defend_P","Defend_P","Defend_P","Eruption+1","Vigilance","Wallop+1","CutThroughFate+1","JustLucky","SandsOfTime+1","Blasphemy+1","SandsOfTime","infinitespire:FinalStrike+1","Replay:AtTheReady+1","Consecrate+1","Sickly","Flash of Steel"],"relics":["PureWater","hubris:MysteriousPyramids","infinitespire:PuzzleCube","Oddly Smooth Stone","Golden Idol","TeardropLocket","Fusion Hammer","ReplayTheSpireMod:TigerMarble","Replay:Lucky Slots","Girya","Replay:Multitool","Replay:Bottled Steam","Mirror","hubris:Backtick","hubris:SphereOfDissonance","Busted Crown","ReplayTheSpireMod:Ring of Collecting","Blue Candle","Ring of Searing","Nunchaku","Unceasing Top","Centennial Puzzle","Bag of Preparation"],"acts_visited":["Exordium","TheCity","TheBeyond"],"potions_floor_usage":[50,50],"damage_taken":[{"damage":0.0,"enemies":"Small Slimes","floor":1.0,"turns":3.0},{"damage":15.0,"enemies":"infinitespire:Voidling","floor":4.0,"turns":2.0},{"damage":0.0,"enemies":"Cultist","floor":5.0,"turns":2.0},{"damage":0.0,"enemies":"Large Slime","floor":6.0,"turns":2.0},{"damage":0.0,"enemies":"2 Fungi Beasts","floor":8.0,"turns":3.0},{"damage":0.0,"enemies":"Red Slaver","floor":10.0,"turns":4.0},{"damage":10.0,"enemies":"3 Sentries","floor":11.0,"turns":3.0},{"damage":0.0,"enemies":"Replay:BlueRogue","floor":14.0,"turns":3.0},{"damage":0.0,"enemies":"Slime Boss","floor":16.0,"turns":2.0},{"damage":1.0,"enemies":"2 Thieves","floor":18.0,"turns":2.0},{"damage":0.0,"enemies":"Shell Parasite","floor":19.0,"turns":2.0},{"damage":0.0,"enemies":"Chosen and Byrds","floor":24.0,"turns":2.0},{"damage":0.0,"enemies":"Nightmare","floor":25.0,"turns":3.0},{"damage":15.0,"enemies":"3 Cultists","floor":27.0,"turns":3.0},{"damage":0.0,"enemies":"Cultist and Chosen","floor":29.0,"turns":3.0},{"damage":0.0,"enemies":"Snecko","floor":31.0,"turns":2.0},{"damage":2.0,"enemies":"Champ","floor":33.0,"turns":3.0},{"damage":0.0,"enemies":"3 Darklings","floor":35.0,"turns":2.0},{"damage":0.0,"enemies":"3 Shapes","floor":36.0,"turns":1.0},{"damage":2.0,"enemies":"3 Darklings","floor":39.0,"turns":2.0},{"damage":4.0,"enemies":"Giant Head","floor":40.0,"turns":4.0},{"damage":11.0,"enemies":"Jaw Worm Horde","floor":44.0,"turns":2.0},{"damage":0.0,"enemies":"Spire Growth","floor":45.0,"turns":1.0},{"damage":0.0,"enemies":"Nemesis","floor":48.0,"turns":1.0},{"damage":96,"enemies":"LordOfAnnihilation","floor":50,"turns":7}],"seed_played":"-3149421470217020738","potions_obtained":[{"floor":4.0,"key":"FearPotion"},{"floor":5.0,"key":"Adrenaline Potion"},{"floor":8.0,"key":"Energy Potion"},{"floor":10.0,"key":"AttackPotion"},{"floor":25.0,"key":"BottledMiracle"},{"floor":33.0,"key":"infinitespire:BlackPotion"}],"is_trial":false,"path_per_floor":["M","?","?","M","M","M","R","M","T","M","E","$","?","E","R","B",null,"M","M","$","?","?","R","M","NM","T","M","AVR","M","R","M","R_BF","B",null,"M","M","?","?","M","E","R","?","T","M","M","R","$","E","R","B"],"character_chosen":"WATCHER","items_purchased":["ReplayTheSpireMod:TigerMarble","Replay:Lucky Slots","Unceasing Top","Centennial Puzzle"],"campfire_rested":0,"item_purchase_floors":[20,20,47,47],"current_hp_per_floor":[61,61,61,46,46,46,46,46,46,46,36,36,15,15,15,15,68,67,67,67,67,67,67,67,67,67,52,52,52,52,52,77,75,83,83,83,83,83,81,77,77,77,77,66,66,86,86,86,86,0,0],"gold":64,"neow_bonus":"TWENTY_PERCENT_HP_BONUS","is_daily":false,"chose_seed":false,"campfire_upgraded":3,"win_rate":0.0,"timestamp":1611069878,"path_taken":["M","?","?","M","?","M","R","M","T","M","E","$","?","E","R","BOSS","M","M","$","?","?","R","M","NM","T","M","AVR","M","R","M","R_BF","BOSS","M","M","?","?","?","E","R","?","T","M","M","R","$","E","R","BOSS"],"items_purchased_type":["Relic","Relic","Relic","Relic"],"build_version":"2020-12-22","purchased_purges":1,"victory":false,"max_hp_per_floor":[86,86,86,86,86,86,86,86,86,86,86,86,86,86,86,86,86,86,86,86,86,86,86,86,86,86,86,86,86,86,86,86,86,86,86,86,86,86,86,86,86,86,86,86,86,86,86,86,86,86,86],"card_choices":[{"not_picked":["Replay:ManipulateFuture","BowlingBash"],"picked":"Replay:AtTheReady","floor":1.0},{"not_picked":["Protect","Crescendo"],"picked":"Wallop","floor":4.0},{"not_picked":["Evaluate","Consecrate"],"picked":"CutThroughFate","floor":5.0},{"not_picked":["Evaluate","ThirdEye"],"picked":"JustLucky","floor":6.0},{"not_picked":["Halt","Wallop","EmptyMind"],"picked":"SKIP","floor":8.0},{"not_picked":["CrushJoints","BattleHymn"],"picked":"SandsOfTime","floor":10.0},{"not_picked":["Wish","FlyingSleeves"],"picked":"Blasphemy","floor":11.0},{"not_picked":["FollowUp","Weave","BattleHymn"],"picked":"SKIP","floor":14.0},{"not_picked":["Crescendo","Replay:AtTheReady"],"picked":"SandsOfTime","floor":18.0},{"not_picked":["Protect","Prostrate","ThirdEye"],"picked":"SKIP","floor":19.0},{"not_picked":["Replay:ManipulateFuture+1","Fasting2","TalkToTheHand+1"],"picked":"SKIP","floor":24.0},{"not_picked":["infinitespire:SealOfDarkness+","infinitespire:DeathsTouch"],"picked":"infinitespire:FinalStrike","floor":25.0},{"not_picked":["Evaluate+1","Crescendo"],"picked":"Replay:AtTheReady+1","floor":25.0},{"not_picked":["Prostrate","EmptyBody","EmptyMind"],"picked":"SKIP","floor":27.0},{"not_picked":["Replay:AtTheReady","Replay:AllIn","Halt+1"],"picked":"SKIP","floor":29.0},{"not_picked":["Replay:BluntJabs","Replay:ManipulateFuture+1","EmptyFist+1"],"picked":"SKIP","floor":31.0},{"not_picked":["Replay:BluntJabs+1"],"picked":"SKIP","floor":35.0},{"not_picked":[],"picked":"Consecrate+1","floor":36.0},{"not_picked":["EmptyBody"],"picked":"SKIP","floor":39.0},{"not_picked":["FollowUp"],"picked":"SKIP","floor":40.0},{"not_picked":[],"picked":"Flash of Steel","floor":42.0},{"not_picked":["CarveReality"],"picked":"SKIP","floor":44.0},{"not_picked":["BowlingBash"],"picked":"SKIP","floor":45.0},{"not_picked":["Replay:ManipulateFuture"],"picked":"SKIP","floor":48.0}],"player_experience":230425,"relics_obtained":[{"floor":9.0,"key":"infinitespire:PuzzleCube"},{"floor":11.0,"key":"Oddly Smooth Stone"},{"floor":14.0,"key":"TeardropLocket"},{"floor":25.0,"key":"Replay:Multitool"},{"floor":26.0,"key":"Replay:Bottled Steam"},{"floor":37.0,"key":"ReplayTheSpireMod:Ring of Collecting"},{"floor":40.0,"key":"Blue Candle"},{"floor":43.0,"key":"Ring of Searing"},{"floor":43.0,"key":"Nunchaku"},{"floor":48.0,"key":"Bag of Preparation"}],"event_choices":[{"damage_healed":0.0,"max_hp_gain":0.0,"max_hp_loss":0.0,"gold_gain":0.0,"event_name":"Living Wall","player_choice":"Grow","floor":2.0,"gold_loss":0.0,"damage_taken":0.0,"cards_upgraded":["Eruption"]},{"cards_removed":["Replay:AtTheReady"],"damage_healed":0.0,"max_hp_gain":0.0,"max_hp_loss":0.0,"gold_gain":0.0,"event_name":"WeMeetAgain","player_choice":"Gave Card","floor":3.0,"gold_loss":0.0,"damage_taken":0.0,"relics_obtained":["hubris:MysteriousPyramids"]},{"damage_healed":0.0,"max_hp_gain":0.0,"max_hp_loss":0.0,"gold_gain":0.0,"event_name":"Golden Idol","player_choice":"Take Damage","floor":13.0,"gold_loss":0.0,"damage_taken":21.0,"relics_obtained":["Golden Idol"]},{"damage_healed":0.0,"max_hp_gain":0.0,"max_hp_loss":0.0,"gold_gain":0.0,"event_name":"The Mausoleum","player_choice":"Opened","floor":22.0,"gold_loss":0.0,"damage_taken":0.0,"relics_obtained":["Girya"]},{"damage_healed":0.0,"max_hp_gain":0.0,"max_hp_loss":0.0,"gold_gain":0.0,"event_name":"Lab","player_choice":"Got Potions","floor":38.0,"gold_loss":0.0,"damage_taken":0.0},{"damage_healed":0.0,"max_hp_gain":0.0,"max_hp_loss":0.0,"gold_gain":0.0,"event_name":"SensoryStone","player_choice":"Memory 1","floor":42.0,"gold_loss":0.0,"damage_taken":0.0}],"is_beta":false,"boss_relics":[{"not_picked":["Empty Cage","hubris:VirtuousBlindfold"],"picked":"Fusion Hammer"},{"not_picked":["Replay:Wanted Poster","SacredBark"],"picked":"Busted Crown"}],"items_purged_floors":[20],"is_endless":true,"potions_floor_spawned":[4,5,8,10,16,25,29,31,33,36,39,45,48],"killed_by":"LordOfAnnihilation","ascension_level":7}}