{"host":"fbrnmnl7irs6wn10","time":1611024758,"event":{"mods":["BaseMod","Custom Start","Friendly Minions","Hero for Fun","Minty Spire (QoL Compilation)","Quick Restart","Relic Stats","Shade Mod","StSLib","The Hierophant","The Necromancer"],"gold_per_floor":[92,92,104,279,299,299,313,313,391,331,331],"floor_reached":10,"language":"FRA","playtime":644,"items_purged":[],"score":58,"play_id":"f0d69930-0758-4ebe-8e76-5047aa7d442c","local_time":"20210119035238","is_ascension_mode":false,"campfire_choices":[{"floor":6,"key":"RECALL"},{"floor":8,"key":"REST"}],"circlet_count":0,"master_deck":["hierophant:Strike_Hierophant","hierophant:Strike_Hierophant","hierophant:Strike_Hierophant","hierophant:Strike_Hierophant","hierophant:Punish","hierophant:Defend_Hierophant","hierophant:Defend_Hierophant","hierophant:Defend_Hierophant","hierophant:Defend_Hierophant","hierophant:ChurchCoffers","Regret","hierophant:Determination","Doubt","hierophant:Encroach","hierophant:TollTheBells"],"relics":["hierophant:PropheticMaskRelic","Dream Catcher"],"acts_visited":["Exordium"],"potions_floor_usage":[10],"damage_taken":[{"damage":1,"enemies":"Jaw Worm","floor":1,"turns":5},{"damage":12,"enemies":"Small Slimes","floor":3,"turns":4},{"damage":1,"enemies":"2 Louse","floor":5,"turns":2},{"damage":33,"enemies":"Red Slaver","floor":7,"turns":5},{"damage":55,"enemies":"Lagavulin","floor":10,"turns":11}],"seed_played":"679693192761069622","potions_obtained":[{"floor":5,"key":"FairyPotion"},{"floor":7,"key":"SneckoOil"}],"is_trial":false,"path_per_floor":["M","?","M","?","M","R","M","R","T","E"],"character_chosen":"HIEROPHANT","items_purchased":[],"campfire_rested":1,"item_purchase_floors":[],"current_hp_per_floor":[81,81,69,69,68,68,36,60,60,5,5],"gold":331,"neow_bonus":"TEN_PERCENT_HP_BONUS","is_daily":false,"chose_seed":false,"campfire_upgraded":0,"win_rate":0.0,"timestamp":1611024758,"path_taken":["M","?","M","?","M","R","M","R","T","E"],"items_purchased_type":[],"build_version":"2020-12-22","purchased_purges":0,"victory":false,"max_hp_per_floor":[82,82,82,82,82,82,82,82,82,82,82],"relic_stats":{"Dream Catcher":1,"counters":[5,27],"obtain_stats":[{"Dream Catcher":2,"hierophant:PropheticMaskRelic":0},{"Dream Catcher":1,"hierophant:PropheticMaskRelic":0},{"Dream Catcher":5,"hierophant:PropheticMaskRelic":0}]},"card_choices":[{"not_picked":["hierophant:Remorse","hierophant:Purify","hierophant:Zeal"],"picked":"SKIP","floor":1},{"not_picked":["hierophant:DisplayOfPower","hierophant:HolyVerse"],"picked":"hierophant:Determination","floor":3},{"not_picked":["hierophant:Upheaval","hierophant:RustyCrate","hierophant:RepressedViolence"],"picked":"SKIP","floor":5},{"not_picked":["hierophant:Shelter","hierophant:Racketeering"],"picked":"hierophant:Encroach","floor":7},{"not_picked":["hierophant:Doubloon","hierophant:RepressedViolence"],"picked":"hierophant:TollTheBells","floor":8}],"player_experience":540445,"relics_obtained":[],"event_choices":[{"damage_healed":0,"gold_gain":0,"player_choice":"Box","damage_taken":0,"relics_obtained":["Dream Catcher"],"max_hp_gain":0,"max_hp_loss":0,"event_name":"Big Fish","floor":2,"gold_loss":0,"cards_obtained":["Regret"]},{"damage_healed":0,"gold_gain":175,"player_choice":"AGREE","damage_taken":0,"max_hp_gain":0,"max_hp_loss":0,"event_name":"Liars Game","floor":4,"gold_loss":0,"cards_obtained":["Doubt"]}],"is_beta":false,"boss_relics":[],"items_purged_floors":[],"is_endless":false,"potions_floor_spawned":[5,7],"killed_by":"Lagavulin","ascension_level":0}}