{"host":"vm3f1ccwgbs4oygt","time":1611066442,"event":{"mods":["BaseMod","BetterRewards","Colored Powertips","Minty Spire (QoL Compilation)","Permanent Neow","Shop Mod","StSLib"],"gold_per_floor":[109,120,120,120,120,152,152,183,183,183,201,212,212,222,222,322,322,342,353,368,379,379,379,405,405,405,405,437,32,32,32,32,131,131,142,142,142],"floor_reached":36,"language":"ENG","playtime":56827,"items_purged":[],"score":534,"play_id":"e9b31483-7169-4e97-9a22-4ae03a6d0b38","local_time":"20210119152722","is_ascension_mode":true,"campfire_choices":[{"data":"Bash","floor":7,"key":"SMITH"},{"data":"Pommel Strike","floor":10,"key":"SMITH"},{"floor":13,"key":"REST"},{"data":"Strike_R","floor":15,"key":"SMITH"},{"data":"Berserk","floor":23,"key":"SMITH"},{"data":"Disarm","floor":25,"key":"SMITH"},{"floor":30,"key":"REST"},{"data":"Flame Barrier","floor":32,"key":"SMITH"}],"circlet_count":0,"master_deck":["Strike_R","Strike_R","Strike_R+1","Strike_R","Defend_R","Defend_R","Defend_R","Bash+1","Intimidate+1","Pommel Strike+1","Clothesline+1","Cleave+1","Clothesline+1","Berserk+1","Flame Barrier+1","Disarm+1","Armaments+1","Disarm+1","Impervious","Carnage+1"],"relics":["Black Blood","NeowsBlessing","MealTicket","Strawberry","Molten Egg 2","Snecko Eye","Omamori","Pocketwatch","Orichalcum","White Beast Statue","Strange Spoon"],"acts_visited":["Exordium","TheCity","TheBeyond"],"potions_floor_usage":[16,16,24,33,36,36],"damage_taken":[{"damage":0,"enemies":"2 Louse","floor":1,"turns":1},{"damage":0,"enemies":"Small Slimes","floor":2,"turns":1},{"damage":0,"enemies":"Lagavulin","floor":6,"turns":1},{"damage":21,"enemies":"Gremlin Nob","floor":8,"turns":4},{"damage":0,"enemies":"Cultist","floor":11,"turns":3},{"damage":17,"enemies":"Lots of Slimes","floor":12,"turns":5},{"damage":6,"enemies":"2 Fungi Beasts","floor":14,"turns":2},{"damage":0,"enemies":"Slime Boss","floor":16,"turns":5},{"damage":8,"enemies":"Chosen","floor":18,"turns":2},{"damage":19,"enemies":"2 Thieves","floor":19,"turns":4},{"damage":28,"enemies":"3 Cultists","floor":20,"turns":6},{"damage":19,"enemies":"Centurion and Healer","floor":21,"turns":4},{"damage":24,"enemies":"Book of Stabbing","floor":24,"turns":8},{"damage":35,"enemies":"Gremlin Leader","floor":28,"turns":7},{"damage":66,"enemies":"Collector","floor":33,"turns":9},{"damage":9,"enemies":"Orb Walker","floor":35,"turns":5},{"damage":95,"enemies":"2 Orb Walkers","floor":36,"turns":6}],"seed_played":"8246994731365456170","potions_obtained":[{"floor":1,"key":"BlessingOfTheForge"},{"floor":8,"key":"AttackPotion"},{"floor":11,"key":"AttackPotion"},{"floor":21,"key":"Block Potion"},{"floor":33,"key":"PowerPotion"},{"floor":35,"key":"Swift Potion"}],"is_trial":false,"path_per_floor":["M","M","?","?","?","E","R","E","T","R","M","M","R","M","R","B",null,"M","M","M","M","?","R","E","R","T","?","E","$","R","$","R","B",null,"M","?"],"character_chosen":"IRONCLAD","items_purchased":["White Beast Statue","Strange Spoon"],"campfire_rested":2,"item_purchase_floors":[29,29],"current_hp_per_floor":[80,80,73,73,73,79,79,71,71,71,77,66,87,87,87,87,87,85,72,50,37,66,66,48,48,48,48,19,34,60,75,75,15,87,87,0,0],"gold":142,"neow_bonus":"THREE_ENEMY_KILL","is_daily":false,"chose_seed":false,"campfire_upgraded":6,"win_rate":0.0,"timestamp":1611066442,"path_taken":["M","M","?","?","?","E","R","E","T","R","?","M","R","?","R","BOSS","M","M","M","M","?","R","E","R","T","?","E","$","R","$","R","BOSS","M","?"],"items_purchased_type":["Relic","Relic"],"build_version":"2020-12-22","purchased_purges":0,"victory":false,"max_hp_per_floor":[80,80,80,80,80,80,80,87,87,87,87,87,87,87,87,87,87,87,87,87,87,87,87,87,87,87,87,87,87,87,87,87,87,87,87,87,87],"card_choices":[{"not_picked":["Cleave","Iron Wave"],"picked":"Intimidate","floor":1},{"not_picked":["Sentinel","Hemokinesis","Havoc"],"picked":"SKIP","floor":2},{"not_picked":["Twin Strike","Combust","True Grit"],"picked":"SKIP","floor":6},{"not_picked":["True Grit","Body Slam"],"picked":"Pommel Strike","floor":8},{"not_picked":["Havoc","Sentinel"],"picked":"Clothesline+1","floor":11},{"not_picked":["Iron Wave+1","Barricade"],"picked":"Cleave+1","floor":12},{"not_picked":["Reckless Charge+1","Body Slam+1"],"picked":"Clothesline+1","floor":14},{"not_picked":["Offering","Corruption"],"picked":"Berserk","floor":16},{"not_picked":["Clash+1","Seeing Red+1"],"picked":"Flame Barrier","floor":18},{"not_picked":["Rupture+1","Havoc"],"picked":"Disarm","floor":19},{"not_picked":["Wild Strike+1","Shrug It Off","Feel No Pain+1"],"picked":"SKIP","floor":20},{"not_picked":["Body Slam+1","Reckless Charge+1"],"picked":"Armaments+1","floor":21},{"not_picked":["Rage","Pummel+1","Iron Wave+1"],"picked":"SKIP","floor":24},{"not_picked":["Sword Boomerang+1","Flex","Bloodletting"],"picked":"SKIP","floor":28},{"not_picked":["Limit Break","Fiend Fire+1"],"picked":"Impervious","floor":33},{"not_picked":["Hemokinesis+1","Iron Wave+1"],"picked":"Carnage+1","floor":35}],"player_experience":542911,"relics_obtained":[{"floor":6,"key":"MealTicket"},{"floor":8,"key":"Strawberry"},{"floor":9,"key":"Molten Egg 2"},{"floor":24,"key":"Omamori"},{"floor":26,"key":"Pocketwatch"},{"floor":28,"key":"Orichalcum"}],"event_choices":[{"cards_removed":["Strike_R"],"damage_healed":0,"gold_gain":0,"player_choice":"Card Removal","damage_taken":7,"max_hp_gain":0,"max_hp_loss":0,"event_name":"Golden Wing","floor":3,"gold_loss":0},{"damage_healed":0,"gold_gain":0,"player_choice":"Grow","damage_taken":0,"max_hp_gain":0,"max_hp_loss":0,"event_name":"Living Wall","floor":4,"gold_loss":0,"cards_upgraded":["Intimidate"]},{"cards_removed":["Defend_R"],"damage_healed":0,"gold_gain":0,"player_choice":"Purged","damage_taken":0,"max_hp_gain":0,"max_hp_loss":0,"event_name":"Purifier","floor":5,"gold_loss":0},{"damage_healed":29,"gold_gain":0,"player_choice":"Heal","damage_taken":0,"max_hp_gain":0,"max_hp_loss":0,"event_name":"The Library","floor":22,"gold_loss":0},{"damage_healed":0,"gold_gain":0,"player_choice":"Copied","damage_taken":0,"max_hp_gain":0,"max_hp_loss":0,"event_name":"Duplicator","floor":27,"gold_loss":0,"cards_obtained":["Disarm"]},{"damage_healed":0,"gold_gain":0,"player_choice":"Fight","damage_taken":0,"max_hp_gain":0,"max_hp_loss":0,"event_name":"Mysterious Sphere","floor":36,"gold_loss":0}],"is_beta":false,"boss_relics":[{"not_picked":["Pandora\u0027s Box","Runic Pyramid"],"picked":"Snecko Eye"},{"not_picked":["Astrolabe","Velvet Choker"],"picked":"Black Blood"}],"items_purged_floors":[],"is_endless":false,"potions_floor_spawned":[1,8,11,21,33,35],"killed_by":"2 Orb Walkers","ascension_level":2}}