{"host":"s41rn2jhghpwfrvz","time":1611031639,"event":{"mods":["BaseMod","Minty Spire (QoL Compilation)","Quick Restart","Relic Stats","SuperFastMode"],"gold_per_floor":[112,126,126,176,195,195,230,230,230,155,167,196,196,196,196,289,289,309,309,329,229,229,262,295,319,319,299,334,105,124,160,160,160,160,173,173,189,249,582,615,615,293,293,306,322,333,358,392,392,392,392,392,392,38,70,70],"floor_reached":57,"language":"ENG","playtime":1428,"items_purged":["Tempest","Crescendo","Steam","Ghostly Armor+1","Conserve Battery+1"],"score":3717,"play_id":"40216671-2407-4296-9b1a-7c838f80b43d","local_time":"20210119064719","daily_mods":["SealedDeck","Vintage","Diverse"],"is_ascension_mode":true,"campfire_choices":[{"data":"Body Slam","floor":6.0,"key":"SMITH"},{"data":"Expertise","floor":8.0,"key":"SMITH"},{"data":"Shrug It Off","floor":15.0,"key":"SMITH"},{"data":"Footwork","floor":32.0,"key":"SMITH"},{"floor":49.0,"key":"RECALL"},{"floor":53.0,"key":"REST"}],"circlet_count":0,"master_deck":["AscendersBane","Footwork+1","Quick Slash","Expertise+1","Body Slam+1","Shrug It Off+1","White Noise+1","Madness+1","Madness+1"],"relics":["Burning Blood","Ornamental Fan","WingedGreaves","MealTicket","Happy Flower","TungstenRod","Pear","Bottled Tornado","Orichalcum","Runic Pyramid","Blood Vial","Toxic Egg 2","Gambling Chip","Magic Flower","The Courier","Letter Opener","ClockworkSouvenir","Dream Catcher","War Paint","Fusion Hammer","Lizard Tail","Akabeko","Ice Cream","Bottled Lightning","Bag of Marbles","Regal Pillow","Oddly Smooth Stone","Centennial Puzzle","FossilizedHelix","Mango","Bag of Preparation","Shuriken","Eternal Feather"],"acts_visited":["Exordium","TheCity","TheBeyond","TheEnding"],"potions_floor_usage":[56,56],"damage_taken":[{"damage":0.0,"enemies":"Jaw Worm","floor":1.0,"turns":4.0},{"damage":2.0,"enemies":"Small Slimes","floor":2.0,"turns":3.0},{"damage":0.0,"enemies":"Cultist","floor":5.0,"turns":3.0},{"damage":34.0,"enemies":"3 Sentries","floor":7.0,"turns":6.0},{"damage":0.0,"enemies":"Red Slaver","floor":11.0,"turns":2.0},{"damage":0.0,"enemies":"Gremlin Nob","floor":12.0,"turns":2.0},{"damage":0.0,"enemies":"The Guardian","floor":16.0,"turns":5.0},{"damage":0.0,"enemies":"Chosen","floor":18.0,"turns":4.0},{"damage":2.0,"enemies":"2 Thieves","floor":20.0,"turns":3.0},{"damage":0.0,"enemies":"Book of Stabbing","floor":23.0,"turns":4.0},{"damage":49.0,"enemies":"Slavers","floor":24.0,"turns":8.0},{"damage":33.0,"enemies":"Snecko","floor":25.0,"turns":9.0},{"damage":0.0,"enemies":"Gremlin Leader","floor":28.0,"turns":6.0},{"damage":0.0,"enemies":"Chosen and Byrds","floor":30.0,"turns":4.0},{"damage":9.0,"enemies":"Slavers","floor":31.0,"turns":5.0},{"damage":0.0,"enemies":"Collector","floor":33.0,"turns":7.0},{"damage":8.0,"enemies":"3 Shapes","floor":35.0,"turns":2.0},{"damage":0.0,"enemies":"3 Darklings","floor":37.0,"turns":3.0},{"damage":4.0,"enemies":"2 Orb Walkers","floor":38.0,"turns":3.0},{"damage":0.0,"enemies":"Giant Head","floor":40.0,"turns":4.0},{"damage":0.0,"enemies":"Maw","floor":44.0,"turns":2.0},{"damage":0.0,"enemies":"4 Shapes","floor":45.0,"turns":1.0},{"damage":0.0,"enemies":"Writhing Mass","floor":46.0,"turns":1.0},{"damage":0.0,"enemies":"Mind Bloom Boss Battle","floor":47.0,"turns":1.0},{"damage":0.0,"enemies":"Nemesis","floor":48.0,"turns":1.0},{"damage":0.0,"enemies":"Time Eater","floor":50.0,"turns":4.0},{"damage":0.0,"enemies":"Awakened One","floor":51.0,"turns":3.0},{"damage":0.0,"enemies":"Shield and Spear","floor":55.0,"turns":1.0},{"damage":0,"enemies":"The Heart","floor":56,"turns":4}],"seed_played":"-3121286660784734988","potions_obtained":[{"floor":2.0,"key":"Weak Potion"},{"floor":12.0,"key":"Ancient Potion"},{"floor":25.0,"key":"DuplicationPotion"},{"floor":28.0,"key":"Dexterity Potion"}],"is_trial":true,"path_per_floor":["M","M","?","?","M","R","E","R","T","$","M","E","?","?","R","B",null,"M","?","M","$","?","E","E","M","T","?","E","$","M","E","R","B",null,"M","?","M","?","?","E","?","$","T","M","M","M","?","E","R","B","B",null,"R","$","E","B",null],"character_chosen":"IRONCLAD","items_purchased":["ClockworkSouvenir","Madness+1","Bag of Marbles","Shuriken"],"campfire_rested":1,"item_purchase_floors":[29,42,42,54],"current_hp_per_floor":[74,75,57,57,63,63,35,35,45,60,66,72,44,85,85,85,85,85,85,85,85,85,85,42,21,21,21,33,48,60,63,63,75,83,85,85,85,85,85,85,85,85,85,85,85,85,99,99,99,99,99,99,99,99,99,99],"gold":70,"neow_bonus":"","is_daily":false,"chose_seed":false,"campfire_upgraded":4,"win_rate":0.0,"timestamp":1611031639,"path_taken":["M","M","?","?","?","R","E","R","T","?","M","E","?","?","R","BOSS","M","?","M","$","?","E","E","M","T","?","E","$","M","E","R","BOSS","M","?","M","?","?","E","?","$","T","M","M","?","?","E","R","BOSS","BOSS","R","$","E","BOSS"],"items_purchased_type":["Relic","Card","Relic","Relic"],"build_version":"2020-12-22","purchased_purges":5,"victory":true,"max_hp_per_floor":[75,75,75,75,75,75,75,75,85,85,85,85,85,85,85,85,85,85,85,85,85,85,85,85,85,85,85,85,85,85,85,85,85,85,85,85,85,85,85,85,85,85,85,85,85,85,99,99,99,99,99,99,99,99,99,99],"relic_stats":{"Regal Pillow":0,"Happy Flower":[31],"counters":[29,105],"Magic Flower":[22],"Eternal Feather":0,"Bag of Preparation":[8],"Letter Opener":[530],"Orichalcum":[6],"War Paint":["Conserve Battery","Ghostly Armor"],"Burning Blood":98,"Blood Vial":17,"Dream Catcher":1,"Lizard Tail":0,"Centennial Puzzle":[0],"Ornamental Fan":[224],"Shuriken":[15],"Gambling Chip":[5],"MealTicket":30,"obtain_stats":[{"Ice Cream":38,"Regal Pillow":43,"Magic Flower":24,"Mango":47,"Bag of Preparation":48,"Bottled Tornado":11,"Burning Blood":0,"ClockworkSouvenir":29,"Blood Vial":18,"Dream Catcher":30,"Lizard Tail":35,"Centennial Puzzle":45,"Gambling Chip":23,"MealTicket":3,"WingedGreaves":2,"Fusion Hammer":34,"Toxic Egg 2":20,"Runic Pyramid":17,"Pear":9,"Happy Flower":5,"Golden Idol":13,"Oddly Smooth Stone":44,"Eternal Feather":55,"The Courier":25,"Letter Opener":28,"Orichalcum":12,"War Paint":31,"Akabeko":37,"Ornamental Fan":1,"Shuriken":54,"Bag of Marbles":42,"Bottled Lightning":40,"TungstenRod":7,"FossilizedHelix":46},{"Ice Cream":19,"Regal Pillow":20,"Magic Flower":11,"Mango":24,"Bag of Preparation":25,"Bottled Tornado":5,"Burning Blood":0,"ClockworkSouvenir":13,"Blood Vial":8,"Dream Catcher":14,"Lizard Tail":17,"Centennial Puzzle":22,"Gambling Chip":10,"MealTicket":2,"WingedGreaves":2,"Fusion Hammer":16,"Toxic Egg 2":9,"Runic Pyramid":7,"Pear":4,"Happy Flower":3,"Golden Idol":6,"Oddly Smooth Stone":21,"Eternal Feather":28,"The Courier":12,"Letter Opener":13,"Orichalcum":6,"War Paint":15,"Akabeko":18,"Ornamental Fan":1,"Shuriken":27,"Bag of Marbles":20,"Bottled Lightning":20,"TungstenRod":4,"FossilizedHelix":23},{"Ice Cream":83,"Regal Pillow":87,"Magic Flower":44,"Mango":92,"Bag of Preparation":93,"Bottled Tornado":18,"Burning Blood":0,"ClockworkSouvenir":59,"Blood Vial":29,"Dream Catcher":63,"Lizard Tail":77,"Centennial Puzzle":90,"Gambling Chip":36,"MealTicket":7,"WingedGreaves":7,"Fusion Hammer":75,"Toxic Egg 2":32,"Runic Pyramid":25,"Pear":16,"Happy Flower":10,"Golden Idol":20,"Oddly Smooth Stone":89,"Eternal Feather":101,"The Courier":53,"Letter Opener":59,"Orichalcum":20,"War Paint":68,"Akabeko":80,"Ornamental Fan":4,"Shuriken":100,"Bag of Marbles":87,"Bottled Lightning":87,"TungstenRod":16,"FossilizedHelix":91}],"TungstenRod":18},"card_choices":[{"not_picked":["Leap","Wild Strike","ClearTheMind"],"picked":"SKIP","floor":7.0},{"not_picked":["Leap","Wild Strike","ClearTheMind"],"picked":"SKIP","floor":7.0},{"not_picked":["Malaise","Blade Dance"],"picked":"Shrug It Off","floor":12.0},{"not_picked":["ThirdEye+1","BattleHymn"],"picked":"White Noise+1","floor":23.0},{"not_picked":["Fasting2","FlurryOfBlows","FearNoEvil+1"],"picked":"SKIP","floor":24.0},{"not_picked":["Warcry+1","Indignation+1","Blade Dance+1"],"picked":"SKIP","floor":28.0},{"not_picked":["Double Tap+1","Perfected Strike","FlyingSleeves+1"],"picked":"SKIP","floor":31.0},{"not_picked":["Combust+1","Hello World+1","Redo+1"],"picked":"SKIP","floor":40.0},{"not_picked":["Forethought+1","The Bomb+1"],"picked":"Madness+1","floor":41.0},{"not_picked":["All Out Attack","JustLucky","Chaos+1"],"picked":"SKIP","floor":48.0},{"not_picked":["Armaments+1","EmptyFist+1","Wallop"],"picked":"SKIP","floor":55.0}],"player_experience":1805011,"relics_obtained":[{"floor":1.0,"key":"Ornamental Fan"},{"floor":2.0,"key":"WingedGreaves"},{"floor":5.0,"key":"Happy Flower"},{"floor":7.0,"key":"TungstenRod"},{"floor":9.0,"key":"Pear"},{"floor":11.0,"key":"Bottled Tornado"},{"floor":12.0,"key":"Orichalcum"},{"floor":18.0,"key":"Blood Vial"},{"floor":20.0,"key":"Toxic Egg 2"},{"floor":23.0,"key":"Gambling Chip"},{"floor":24.0,"key":"Magic Flower"},{"floor":25.0,"key":"The Courier"},{"floor":28.0,"key":"Letter Opener"},{"floor":30.0,"key":"Dream Catcher"},{"floor":31.0,"key":"War Paint"},{"floor":35.0,"key":"Lizard Tail"},{"floor":37.0,"key":"Akabeko"},{"floor":38.0,"key":"Ice Cream"},{"floor":40.0,"key":"Bottled Lightning"},{"floor":43.0,"key":"Regal Pillow"},{"floor":44.0,"key":"Oddly Smooth Stone"},{"floor":45.0,"key":"Centennial Puzzle"},{"floor":46.0,"key":"FossilizedHelix"},{"floor":47.0,"key":"Mango"},{"floor":48.0,"key":"Bag of Preparation"},{"floor":55.0,"key":"Eternal Feather"}],"event_choices":[{"damage_healed":0.0,"max_hp_gain":0.0,"max_hp_loss":0.0,"gold_gain":0.0,"event_name":"Scrap Ooze","player_choice":"Success","floor":3.0,"gold_loss":0.0,"damage_taken":18.0,"relics_obtained":["MealTicket"]},{"damage_healed":0.0,"max_hp_gain":0.0,"max_hp_loss":0.0,"gold_gain":50.0,"event_name":"Golden Shrine","player_choice":"Pray","floor":4.0,"gold_loss":0.0,"damage_taken":0.0},{"damage_healed":0.0,"max_hp_gain":0.0,"max_hp_loss":0.0,"gold_gain":0.0,"event_name":"Golden Idol","player_choice":"Take Damage","floor":13.0,"gold_loss":0.0,"damage_taken":29.0,"relics_obtained":["Golden Idol"]},{"damage_healed":41.0,"max_hp_gain":0.0,"max_hp_loss":0.0,"gold_gain":0.0,"event_name":"Wheel of Change","player_choice":"Full Heal","floor":14.0,"gold_loss":0.0,"damage_taken":0.0},{"damage_healed":0.0,"max_hp_gain":0.0,"max_hp_loss":0.0,"gold_gain":0.0,"event_name":"The Mausoleum","player_choice":"Ignored","floor":19.0,"gold_loss":0.0,"damage_taken":0.0},{"damage_healed":0.0,"max_hp_gain":0.0,"max_hp_loss":0.0,"gold_gain":0.0,"event_name":"Ghosts","player_choice":"Ignored","floor":22.0,"gold_loss":0.0,"damage_taken":0.0},{"damage_healed":0.0,"max_hp_gain":0.0,"max_hp_loss":0.0,"gold_gain":0.0,"event_name":"The Woman in Blue","player_choice":"Bought 1 Potion","floor":27.0,"gold_loss":0.0,"damage_taken":0.0},{"cards_removed":["Quick Slash"],"damage_healed":0.0,"max_hp_gain":0.0,"max_hp_loss":0.0,"gold_gain":0.0,"event_name":"Falling","player_choice":"Removed Attack","floor":36.0,"gold_loss":0.0,"damage_taken":0.0},{"damage_healed":0.0,"max_hp_gain":0.0,"max_hp_loss":0.0,"gold_gain":0.0,"event_name":"Mysterious Sphere","player_choice":"Fight","floor":38.0,"gold_loss":0.0,"damage_taken":0.0},{"damage_healed":0.0,"max_hp_gain":0.0,"max_hp_loss":0.0,"gold_gain":333.0,"event_name":"The Moai Head","player_choice":"Gave Idol","floor":39.0,"relics_lost":["Golden Idol"],"gold_loss":0.0,"damage_taken":0.0},{"damage_healed":0.0,"max_hp_gain":0.0,"max_hp_loss":0.0,"gold_gain":0.0,"event_name":"SensoryStone","player_choice":"Memory 1","floor":41.0,"gold_loss":0.0,"damage_taken":0.0},{"damage_healed":0.0,"max_hp_gain":0.0,"max_hp_loss":0.0,"gold_gain":0.0,"event_name":"MindBloom","player_choice":"Fight","floor":47.0,"gold_loss":0.0,"damage_taken":0.0}],"is_beta":false,"boss_relics":[{"not_picked":["Mark of Pain","Velvet Choker"],"picked":"Runic Pyramid"},{"not_picked":["Cursed Key","Philosopher\u0027s Stone"],"picked":"Fusion Hammer"}],"items_purged_floors":[10,21,29,42,54],"is_endless":false,"potions_floor_spawned":[2,12,18,24,25,28,31,40,46,48],"ascension_level":20}}