{"host":"9l1knhxfturzliqa","time":1611050426,"event":{"mods":["BaseMod","Colored Map","Colored Powertips","DeckTracker","Highlight Path","Keyboard Shortcuts","Minty Spire (QoL Compilation)","Random Character Button"],"gold_per_floor":[14,29,46,46,64,64,29,29,56,56,56,73,73,73,73,148,148,158,173,173,190,203,203,232,232,256,282,297,313,323,373,373,450,450,466,13,38,51,63,63,89,112,177,189,201,201],"floor_reached":45,"language":"KOR","playtime":3801,"items_purged":[],"score":979,"play_id":"6602dd8f-1141-4876-814f-dc8d4854f297","local_time":"20210119190026","is_ascension_mode":true,"campfire_choices":[{"data":"Noxious Fumes","floor":6.0,"key":"SMITH"},{"data":"Crippling Poison","floor":8.0,"key":"SMITH"},{"data":"Neutralize","floor":11.0,"key":"SMITH"},{"data":"PiercingWail","floor":13.0,"key":"SMITH"},{"data":"Masterful Stab","floor":15.0,"key":"SMITH"},{"data":"Adrenaline","floor":23.0,"key":"SMITH"},{"data":"Burst","floor":25.0,"key":"SMITH"},{"floor":32.0,"key":"REST"},{"data":"Skewer","floor":40.0,"key":"SMITH"}],"circlet_count":0,"master_deck":["AscendersBane","Survivor","Neutralize+1","Masterful Stab+1","Noxious Fumes+1","Crippling Poison+1","PiercingWail+1","Burst+1","Dagger Spray","Predator","Sucker Punch","Heel Hook","Adrenaline+1","Backflip","Prepared","Outmaneuver+1","Escape Plan","Skewer+1","Doppelganger","Night Terror"],"relics":["Ring of the Snake","Snake Skull","Pandora\u0027s Box","Orichalcum","Strawberry","Blue Candle","Sozu","Bottled Tornado","TheAbacus","StoneCalendar","MawBank","PreservedInsect"],"acts_visited":["Exordium","TheCity","TheBeyond"],"potions_floor_usage":[45],"damage_taken":[{"damage":0.0,"enemies":"2 Louse","floor":1.0,"turns":3.0},{"damage":0.0,"enemies":"Cultist","floor":2.0,"turns":3.0},{"damage":7.0,"enemies":"Small Slimes","floor":3.0,"turns":4.0},{"damage":0.0,"enemies":"Exordium Wildlife","floor":5.0,"turns":3.0},{"damage":1.0,"enemies":"Blue Slaver","floor":12.0,"turns":3.0},{"damage":26.0,"enemies":"Hexaghost","floor":16.0,"turns":9.0},{"damage":3.0,"enemies":"Chosen","floor":18.0,"turns":3.0},{"damage":10.0,"enemies":"Shell Parasite","floor":19.0,"turns":5.0},{"damage":7.0,"enemies":"Cultist and Chosen","floor":21.0,"turns":4.0},{"damage":0.0,"enemies":"3 Cultists","floor":22.0,"turns":3.0},{"damage":8.0,"enemies":"Gremlin Leader","floor":24.0,"turns":5.0},{"damage":12.0,"enemies":"Slavers","floor":27.0,"turns":4.0},{"damage":0.0,"enemies":"Snake Plant","floor":28.0,"turns":3.0},{"damage":13.0,"enemies":"Shelled Parasite and Fungi","floor":29.0,"turns":4.0},{"damage":0.0,"enemies":"Centurion and Healer","floor":30.0,"turns":4.0},{"damage":46.0,"enemies":"Champ","floor":33.0,"turns":15.0},{"damage":4.0,"enemies":"Orb Walker","floor":35.0,"turns":3.0},{"damage":0.0,"enemies":"Mind Bloom Boss Battle","floor":37.0,"turns":5.0},{"damage":0.0,"enemies":"3 Shapes","floor":38.0,"turns":2.0},{"damage":14.0,"enemies":"Writhing Mass","floor":39.0,"turns":6.0},{"damage":6.0,"enemies":"Reptomancer","floor":41.0,"turns":4.0},{"damage":24.0,"enemies":"Spire Growth","floor":42.0,"turns":3.0},{"damage":11,"enemies":"Jaw Worm Horde","floor":45,"turns":1}],"seed_played":"-9181748877317730125","potions_obtained":[{"floor":1.0,"key":"Regen Potion"},{"floor":2.0,"key":"Fire Potion"},{"floor":16.0,"key":"Energy Potion"},{"floor":22.0,"key":"LiquidMemories"},{"floor":27.0,"key":"Dexterity Potion"},{"floor":29.0,"key":"Fire Potion"},{"floor":33.0,"key":"CultistPotion"}],"is_trial":false,"path_per_floor":["M","M","M","?","M","R","?","R","T","?","R","M","R","$","R","B",null,"M","M","?","M","M","R","E","R","T","E","M","M","M","?","R","B",null,"M","$","?","M","M","R","E","M","T","?","M"],"character_chosen":"THE_SILENT","items_purchased":["Bottled Tornado","TheAbacus"],"campfire_rested":1,"item_purchase_floors":[36,36],"current_hp_per_floor":[59,59,52,52,52,52,66,66,66,59,59,58,58,58,58,32,58,55,45,45,38,38,38,30,30,37,39,39,26,26,26,47,1,55,51,51,51,51,37,37,31,7,7,7,0,0],"gold":201,"neow_bonus":"REMOVE_TWO","is_daily":false,"chose_seed":false,"campfire_upgraded":8,"win_rate":0.0,"timestamp":1611050426,"path_taken":["M","M","M","?","?","R","?","R","T","?","R","M","R","?","R","BOSS","M","M","?","M","M","R","E","R","T","E","M","M","M","?","R","BOSS","M","$","?","M","M","R","E","M","T","?","M"],"items_purchased_type":["Relic","Relic"],"build_version":"2020-12-22","purchased_purges":0,"victory":false,"max_hp_per_floor":[66,66,66,66,66,66,66,66,66,66,66,66,66,66,66,66,66,66,66,66,66,66,66,66,66,73,73,73,73,73,73,73,73,73,73,73,73,73,73,73,73,73,73,73,73,73],"card_choices":[{"not_picked":["Choke","Infinite Blades"],"picked":"Masterful Stab","floor":1.0},{"not_picked":["Flying Knee","Masterful Stab"],"picked":"Noxious Fumes","floor":2.0},{"not_picked":["Concentrate","PiercingWail"],"picked":"Crippling Poison","floor":3.0},{"not_picked":["Quick Slash","Predator","Expertise"],"picked":"SKIP","floor":5.0},{"not_picked":["Acrobatics","Outmaneuver"],"picked":"PiercingWail","floor":12.0},{"not_picked":["Wraith Form v2","Doppelganger"],"picked":"Burst","floor":16.0},{"not_picked":["Cloak And Dagger","Underhanded Strike+1","Dagger Spray"],"picked":"SKIP","floor":18.0},{"not_picked":["Quick Slash","Deflect"],"picked":"Backflip","floor":19.0},{"not_picked":["Dodge and Roll","Deflect"],"picked":"Prepared","floor":21.0},{"not_picked":["Masterful Stab","Prepared","Heel Hook"],"picked":"SKIP","floor":22.0},{"not_picked":["Infinite Blades","Bane","Phantasmal Killer"],"picked":"SKIP","floor":24.0},{"not_picked":["Crippling Poison","Slice"],"picked":"Outmaneuver+1","floor":27.0},{"not_picked":["Backstab+1","Infinite Blades"],"picked":"Escape Plan","floor":28.0},{"not_picked":["Bane","Dagger Throw+1","Slice"],"picked":"SKIP","floor":29.0},{"not_picked":["Slice","Prepared","Skewer"],"picked":"SKIP","floor":30.0},{"not_picked":["Slice","Prepared"],"picked":"Skewer","floor":30.0},{"not_picked":["Phantasmal Killer","Envenom"],"picked":"Doppelganger","floor":33.0},{"not_picked":["Blade Dance+1","Cloak And Dagger","Underhanded Strike"],"picked":"SKIP","floor":35.0},{"not_picked":["Distraction","Acrobatics+1","Outmaneuver"],"picked":"SKIP","floor":38.0},{"not_picked":["Blade Dance+1","Predator","Backflip"],"picked":"SKIP","floor":39.0},{"not_picked":["Blade Dance","Expertise"],"picked":"Night Terror","floor":41.0},{"not_picked":["Cloak And Dagger+1","Distraction","Infinite Blades+1"],"picked":"SKIP","floor":42.0}],"player_experience":496004,"relics_obtained":[{"floor":9.0,"key":"Snake Skull"},{"floor":24.0,"key":"Orichalcum"},{"floor":26.0,"key":"Strawberry"},{"floor":27.0,"key":"Blue Candle"},{"floor":37.0,"key":"StoneCalendar"},{"floor":41.0,"key":"MawBank"},{"floor":43.0,"key":"PreservedInsect"}],"event_choices":[{"cards_removed":["Strike_G"],"damage_healed":0.0,"max_hp_gain":0.0,"max_hp_loss":0.0,"gold_gain":0.0,"event_name":"Bonfire Elementals","player_choice":"Offered Basic","floor":4.0,"gold_loss":0.0,"damage_taken":0.0},{"damage_healed":16.0,"max_hp_gain":0.0,"max_hp_loss":0.0,"gold_gain":0.0,"event_name":"The Cleric","player_choice":"Healed","floor":7.0,"gold_loss":35.0,"damage_taken":0.0},{"cards_removed":["Defend_G"],"damage_healed":0.0,"max_hp_gain":0.0,"max_hp_loss":0.0,"gold_gain":0.0,"event_name":"Golden Wing","player_choice":"Card Removal","floor":10.0,"gold_loss":0.0,"damage_taken":7.0},{"cards_removed":["Grand Finale"],"damage_healed":0.0,"max_hp_gain":0.0,"max_hp_loss":0.0,"gold_gain":0.0,"event_name":"Back to Basics","player_choice":"Elegance","floor":20.0,"gold_loss":0.0,"damage_taken":0.0},{"damage_healed":0.0,"max_hp_gain":0.0,"max_hp_loss":0.0,"gold_gain":100.0,"event_name":"The Joust","player_choice":"Bet on Murderer","floor":31.0,"gold_loss":50.0,"damage_taken":0.0},{"damage_healed":0.0,"max_hp_gain":0.0,"max_hp_loss":0.0,"gold_gain":0.0,"event_name":"MindBloom","player_choice":"Fight","floor":37.0,"gold_loss":0.0,"damage_taken":0.0},{"damage_healed":0.0,"max_hp_gain":0.0,"max_hp_loss":0.0,"gold_gain":0.0,"event_name":"Lab","player_choice":"Got Potions","floor":44.0,"gold_loss":0.0,"damage_taken":0.0}],"is_beta":false,"boss_relics":[{"not_picked":["Calling Bell","Ring of the Serpent"],"picked":"Pandora\u0027s Box"},{"not_picked":["Philosopher\u0027s Stone","Runic Pyramid"],"picked":"Sozu"}],"items_purged_floors":[],"is_endless":false,"potions_floor_spawned":[1,2,5,16,18,22,27,29,33,37,38,42],"killed_by":"Jaw Worm Horde","ascension_level":19}}