{"host":"dv93mabv568wiefh","time":1611026816,"event":{"mods":["BaseMod","Better Altar","Better Match","Better Note","Better Sensory Stone","Better Skull","Better Third Choice","Hermit","Hubris","Infinite Spire","Marisa????????","Minty Spire (QoL Compilation)","Rare Cards Sparkle","Replay The Spire","StSLib","The Construct"],"gold_per_floor":[110,110,110,35,45,45,74,74,74,86,86,86,97,123,123,196,196,214,214,184,184,195,195,222,222,222,222,256,256,268,58,58,133,133,148,148,148,160,3,3,20,51,126,147,22,22,22,40,40,40],"floor_reached":51,"language":"ENG","playtime":2270,"items_purged":["Strike_R","Defend_R","Strike_R"],"score":1347,"play_id":"996b09cd-c1b0-4315-81a2-63627c7c6a72","local_time":"20210118222656","is_ascension_mode":true,"campfire_choices":[{"data":"Bash","floor":6.0,"key":"SMITH"},{"data":"ReplayTheSpireMod:Muscle Training","floor":8.0,"key":"SMITH"},{"data":"Uppercut","floor":12.0,"key":"SMITH"},{"data":"Flame Barrier","floor":23.0,"key":"SMITH"},{"data":"Demon Form","floor":25.0,"key":"SMITH"},{"data":"Whirlwind","floor":27.0,"key":"SMITH"},{"floor":29.0,"key":"REST"},{"data":"Heavy Blade","floor":32.0,"key":"SMITH"},{"floor":40.0,"key":"REST"},{"data":"Rampage","floor":47,"key":"SMITH"},{"data":"Battle Trance","floor":49,"key":"SMITH"}],"circlet_count":0,"master_deck":["AscendersBane","Strike_R","Defend_R+1","Defend_R+1","Defend_R","Bash+1","Battle Trance+1","Shrug It Off+1","ReplayTheSpireMod:Muscle Training+1","Uppercut+1","Demon Form+1","Flame Barrier+1","RitualDagger+1","Whirlwind+1","Heavy Blade+1","Demon Form+1","Rampage+1","hubris:Greed"],"relics":["Burning Blood","NeowsBlessing","Replay:Baseball","ReplayTheSpireMod:Lightbulb","Eternal Feather","Cursed Key","Replay:Ringing Soul","Pen Nib","Centennial Puzzle","BargainBundle","construct:WeddingRing","Spirit Poop","Replay:Wax Seal","Gremlin Food","White Beast Statue","infinitespire:EmpoweringShard"],"acts_visited":["Exordium","TheCity","TheBeyond"],"potions_floor_usage":[48],"damage_taken":[{"damage":0.0,"enemies":"Cultist","floor":1.0,"turns":1.0},{"damage":0.0,"enemies":"2 Louse","floor":5.0,"turns":1.0},{"damage":0.0,"enemies":"Gremlin Nob","floor":7.0,"turns":1.0},{"damage":1.0,"enemies":"Small Slimes","floor":10.0,"turns":3.0},{"damage":10.0,"enemies":"Blue Slaver","floor":13.0,"turns":3.0},{"damage":24.0,"enemies":"Lagavulin","floor":14.0,"turns":7.0},{"damage":22.0,"enemies":"The Guardian","floor":16.0,"turns":12.0},{"damage":7.0,"enemies":"Shell Parasite","floor":18.0,"turns":4.0},{"damage":21.0,"enemies":"2 Thieves","floor":20.0,"turns":5.0},{"damage":3.0,"enemies":"Snecko","floor":22.0,"turns":5.0},{"damage":2.0,"enemies":"Replay:Snechameleon","floor":24.0,"turns":6.0},{"damage":58.0,"enemies":"Slavers","floor":28.0,"turns":5.0},{"damage":6.0,"enemies":"Cultist and Chosen","floor":30.0,"turns":5.0},{"damage":53.0,"enemies":"Champ","floor":33.0,"turns":9.0},{"damage":28.0,"enemies":"3 Shapes","floor":35.0,"turns":3.0},{"damage":8.0,"enemies":"Orb Walker","floor":38.0,"turns":3.0},{"damage":11.0,"enemies":"4 Shapes","floor":41.0,"turns":4.0},{"damage":1.0,"enemies":"R_Hoarder","floor":42.0,"turns":4.0},{"damage":41.0,"enemies":"Jaw Worm Horde","floor":44.0,"turns":3.0},{"damage":10,"enemies":"3 Darklings","floor":48,"turns":5},{"damage":34,"enemies":"Time Eater","floor":50,"turns":5}],"seed_played":"3194380008060307468","potions_obtained":[{"floor":1.0,"key":"FearPotion"},{"floor":5.0,"key":"Elixir"},{"floor":16.0,"key":"Weak Potion"},{"floor":22.0,"key":"DuplicationPotion"},{"floor":28.0,"key":"Death Potion"},{"floor":35.0,"key":"SkillPotion"},{"floor":41.0,"key":"Toxic Potion"},{"floor":44.0,"key":"Regen Potion"},{"floor":48,"key":"Dexterity Potion"}],"is_trial":false,"path_per_floor":["M","?","?","$","M","R","E","R","T","M","?","R","M","E","R","B",null,"M","?","M","?","M","R","E","R","T","R","E","R","M","$","R","B",null,"M","?","AVR","M","$","R","M","E","T","M","$","?","R","M","R","B",null],"character_chosen":"IRONCLAD","items_purchased":["BargainBundle","Reflective Coating","Gremlin Food"],"campfire_rested":2,"item_purchase_floors":[31,31,39],"current_hp_per_floor":[74,51,51,51,57,57,63,63,63,68,68,68,64,46,74,58,71,70,64,49,49,52,61,68,77,80,81,29,62,65,65,74,30,73,51,51,51,49,49,84,79,87,90,55,55,55,64,74,83,55],"gold":40,"neow_bonus":"THREE_ENEMY_KILL","is_daily":false,"chose_seed":false,"campfire_upgraded":9,"win_rate":0.0,"timestamp":1611026816,"path_taken":["M","?","?","$","?","R","E","R","T","M","?","R","M","E","R","BOSS","M","?","M","?","?","R","E","R","T","R","E","R","M","$","R","BOSS","M","?","AVR","M","$","R","M","E","T","M","?","?","R","M","R","BOSS"],"items_purchased_type":["Relic","Potion","Relic"],"build_version":"2020-12-22","purchased_purges":3,"victory":true,"max_hp_per_floor":[75,75,75,75,75,75,75,75,75,75,75,75,75,75,75,75,75,75,75,75,75,75,75,78,78,81,81,81,81,84,84,84,87,87,87,87,87,87,87,87,87,90,93,93,93,93,93,93,93,93],"card_choices":[{"not_picked":["Warcry","Clash"],"picked":"Battle Trance","floor":1.0},{"not_picked":["Intimidate","Headbutt"],"picked":"Shrug It Off","floor":5.0},{"not_picked":["Whirlwind","Havoc"],"picked":"ReplayTheSpireMod:Muscle Training","floor":7.0},{"not_picked":["Thunderclap","Replay:Undeath\u0027s Touch"],"picked":"Uppercut","floor":10.0},{"not_picked":["Rage","Massacre","Thunderclap"],"picked":"SKIP","floor":13.0},{"not_picked":["Ghostly Armor","Twin Strike","Reckless Charge"],"picked":"SKIP","floor":14.0},{"not_picked":["Juggernaut","Demonic Infusion"],"picked":"Demon Form","floor":16.0},{"not_picked":["hubris:ReadiedAction","Life Link"],"picked":"Flame Barrier","floor":18.0},{"not_picked":["ReplayTheSpireMod:Strike From Hell","Run Through","Thunderclap+1"],"picked":"SKIP","floor":20.0},{"not_picked":["Second Wind+1","Iron Wave","Burning Pact"],"picked":"SKIP","floor":22.0},{"not_picked":["Corruption","Armaments"],"picked":"Whirlwind","floor":24.0},{"not_picked":["hubris:CleavingFinish","Warcry","Havoc"],"picked":"SKIP","floor":28.0},{"not_picked":["Shrug It Off","Hemokinesis"],"picked":"Heavy Blade","floor":30.0},{"not_picked":["Reaper","Immolate"],"picked":"Demon Form","floor":33.0},{"not_picked":["Burning Pact","Armaments+1","Shockwave+1"],"picked":"SKIP","floor":35.0},{"not_picked":["Anger","hubris:ReadiedAction","Wild Strike"],"picked":"SKIP","floor":38.0},{"not_picked":["Demonic Infusion","hubris:ReadiedAction","Power Through"],"picked":"SKIP","floor":41.0},{"not_picked":["Perfected Strike","Battle Trance"],"picked":"Rampage","floor":42.0},{"not_picked":["Pommel Strike","Cleave","Sever Soul+1"],"picked":"SKIP","floor":44.0},{"not_picked":["Perfected Strike+1","Cleave","Clash"],"picked":"SKIP","floor":48}],"player_experience":900799,"relics_obtained":[{"floor":7.0,"key":"Replay:Baseball"},{"floor":9.0,"key":"ReplayTheSpireMod:Lightbulb"},{"floor":14.0,"key":"Eternal Feather"},{"floor":24.0,"key":"Replay:Ringing Soul"},{"floor":26.0,"key":"Pen Nib"},{"floor":28.0,"key":"Centennial Puzzle"},{"floor":42.0,"key":"White Beast Statue"},{"floor":43.0,"key":"infinitespire:EmpoweringShard"}],"event_choices":[{"damage_healed":0.0,"max_hp_gain":0.0,"max_hp_loss":0.0,"gold_gain":0.0,"event_name":"Shining Light","player_choice":"Entered Light","floor":2.0,"gold_loss":0.0,"damage_taken":23.0,"cards_upgraded":["Defend_R","Defend_R"]},{"cards_removed":["Strike_R"],"damage_healed":0.0,"max_hp_gain":0.0,"max_hp_loss":0.0,"gold_gain":0.0,"event_name":"Wheel of Change","player_choice":"Card Removal","floor":3.0,"gold_loss":0.0,"damage_taken":0.0},{"cards_removed":["Strike_R"],"damage_healed":0.0,"max_hp_gain":0.0,"max_hp_loss":0.0,"gold_gain":0.0,"event_name":"Living Wall","player_choice":"Forget","floor":11.0,"gold_loss":0.0,"damage_taken":0.0},{"damage_healed":0.0,"max_hp_gain":0.0,"max_hp_loss":0.0,"gold_gain":0.0,"event_name":"Nest","player_choice":"Joined the Cult","floor":19.0,"gold_loss":0.0,"damage_taken":6.0,"cards_obtained":["RitualDagger"]},{"damage_healed":0.0,"max_hp_gain":0.0,"max_hp_loss":0.0,"gold_gain":0.0,"event_name":"Upgrade Shrine","player_choice":"Upgraded","floor":21.0,"gold_loss":0.0,"damage_taken":0.0,"cards_upgraded":["RitualDagger"]},{"cards_removed":["Voices"],"damage_healed":0.0,"max_hp_gain":0.0,"max_hp_loss":0.0,"gold_gain":0.0,"event_name":"Bonfire Elementals","player_choice":"Offered Curse","floor":36.0,"gold_loss":0.0,"damage_taken":0.0,"relics_obtained":["Spirit Poop"]}],"is_beta":false,"boss_relics":[{"not_picked":["hubris:CrackedHourglass","Replay:Drink Me"],"picked":"Cursed Key"},{"not_picked":["ChewingGum","hubris:Stopwatch"],"picked":"construct:WeddingRing"}],"items_purged_floors":[4,31,45],"is_endless":false,"potions_floor_spawned":[1,5,7,16,22,28,35,41,44,48],"ascension_level":16}}