{"host":"8d3fefv2347kqkpz","time":1611020177,"event":{"mods":["100% Spire Juice","AchievementEnabler","Act Like it!","Aspiration","BaseMod","Better Vampires","Colored Map","Colored Powertips","Conspire","GifTheSpireLib","Highlight Path","Mimic Mod","Minty Spire (QoL Compilation)","Quick Restart","Reimu£®≤©¿ˆ¡È√Œ£©","Relic Stats","Remilia£®¿Ÿ√◊¿Ú—«£©","Replay The Spire","Spicy Shops","StSLib","The Gatherer","The Jungle","The Senshi","The Servant 0.9.4","Waifu the Spire","vexMod"],"gold_per_floor":[117,117,136,61,77,92,92,112,147,147,162,203,203,223,223,318,318,329,347,15,15,42,42,59,75,107,107,107],"floor_reached":27,"language":"ZHS","playtime":1398,"items_purged":["Strike_B","Strike_B"],"score":207,"play_id":"393777d0-94d4-4b8c-a1af-3e0cb7e2f8d7","local_time":"20210119093617","is_ascension_mode":false,"campfire_choices":[{"data":"Loop","floor":7.0,"key":"SMITH"},{"data":"ReplayTheSpireMod:Dual Polarity","floor":13,"key":"SMITH"},{"floor":15,"key":"REST"},{"floor":23,"key":"DIG"}],"circlet_count":0,"master_deck":["Strike_B","Defend_B","Defend_B","Defend_B","Defend_B","Zap","Dualcast","Tempest","Loop+1","White Noise","ReplayTheSpireMod:Dual Polarity+1","Conserve Battery","Core Surge","Redo","aspiration:Polymerization","FIFO Queue","Redo+1"],"relics":["Cracked Core","Oddly Smooth Stone","ReplayTheSpireMod:Lightbulb","Lantern","Lee\u0027s Waffle","Shovel","Ancient Tea Set","Bag of Marbles","vexMod:ScavengeHelm"],"acts_visited":["Exordium","Exordium"],"potions_floor_usage":[27],"damage_taken":[{"damage":0.0,"enemies":"2 Louse","floor":1.0,"turns":2.0},{"damage":1.0,"enemies":"Cultist","floor":3.0,"turns":4.0},{"damage":5.0,"enemies":"Small Slimes","floor":5.0,"turns":4.0},{"damage":3.0,"enemies":"2 Fungi Beasts","floor":6.0,"turns":4.0},{"damage":11.0,"enemies":"3 Louse","floor":8.0,"turns":4.0},{"damage":0.0,"enemies":"Large Slime","floor":9.0,"turns":6.0},{"damage":0.0,"enemies":"Large Slime","floor":11.0,"turns":5.0},{"damage":8,"enemies":"conspire:MimicChest","floor":12,"turns":8},{"damage":4,"enemies":"Looter","floor":14,"turns":3},{"damage":50,"enemies":"The Guardian","floor":16,"turns":10},{"damage":28,"enemies":"theJungle:GiantWrat","floor":18,"turns":5},{"damage":20,"enemies":"theJungle:5_Spyders","floor":19,"turns":8},{"damage":35,"enemies":"Snake Plant","floor":24,"turns":5},{"damage":20,"enemies":"theJungle:Snecko_Cultist_And_Trap","floor":25,"turns":6},{"damage":9,"enemies":"theJungle:2_Flameangoes","floor":26,"turns":6},{"damage":36,"enemies":"theJungle:2_Flameangoes","floor":27,"turns":6}],"seed_played":"-7515372698543074373","potions_obtained":[{"floor":3.0,"key":"LiquidBronze"},{"floor":6.0,"key":"ColorlessPotion"},{"floor":8.0,"key":"Swift Potion"},{"floor":12,"key":"FairyPotion"}],"is_trial":false,"path_per_floor":["M","?","M","$","M","M","R","M","MIM","?","M","?","R","M","R","B",null,"M","M","$","?","T","R","M","M","MIM","M"],"character_chosen":"DEFECT","items_purchased":["FIFO Queue","Lee\u0027s Waffle"],"campfire_rested":1,"item_purchase_floors":[20,20],"current_hp_per_floor":[75,75,74,74,69,66,66,55,55,52,52,44,44,40,62,12,75,47,27,82,72,72,72,37,17,8,0,0],"gold":107,"neow_bonus":"REMOVE_CARD","is_daily":false,"chose_seed":false,"campfire_upgraded":2,"win_rate":0.0,"timestamp":1611020177,"path_taken":["M","?","?","$","M","?","R","M","MIM","?","M","?","R","M","R","BOSS","M","M","$","?","?","R","M","M","MIM","M"],"items_purchased_type":["Card","Relic"],"build_version":"2020-12-22","purchased_purges":2,"victory":false,"max_hp_per_floor":[75,75,75,75,75,75,75,75,75,75,75,75,75,75,75,75,75,75,75,82,82,82,82,82,82,82,82,82],"relic_stats":{"Lee\u0027s Waffle":55,"Shovel":1,"counters":[16,85],"obtain_stats":[{"Lantern":12,"Lee\u0027s Waffle":20,"Shovel":21,"vexMod:ScavengeHelm":26,"Oddly Smooth Stone":9,"Bag of Marbles":23,"Cracked Core":0,"ReplayTheSpireMod:Lightbulb":10,"Ancient Tea Set":22},{"Lantern":8,"Lee\u0027s Waffle":12,"Shovel":12,"vexMod:ScavengeHelm":15,"Oddly Smooth Stone":6,"Bag of Marbles":12,"Cracked Core":0,"ReplayTheSpireMod:Lightbulb":6,"Ancient Tea Set":12},{"Lantern":37,"Lee\u0027s Waffle":63,"Shovel":63,"vexMod:ScavengeHelm":79,"Oddly Smooth Stone":24,"Bag of Marbles":63,"Cracked Core":0,"ReplayTheSpireMod:Lightbulb":24,"Ancient Tea Set":63}]},"card_choices":[{"not_picked":["Hologram","BasicCrystalCard","Sweeping Beam"],"picked":"SKIP","floor":1.0},{"not_picked":["ReplayTheSpireMod:Repulse","Sweeping Beam","Glacier"],"picked":"SKIP","floor":3.0},{"not_picked":["Force Field","White Noise"],"picked":"Tempest","floor":5.0},{"not_picked":["Lockon","ReplayTheSpireMod:Reroute Power"],"picked":"Loop","floor":6.0},{"not_picked":["Genetic Algorithm","Ball Lightning"],"picked":"White Noise","floor":8.0},{"not_picked":["Gash","Stack"],"picked":"ReplayTheSpireMod:Dual Polarity","floor":9.0},{"not_picked":["Melter","Streamline"],"picked":"Conserve Battery","floor":11.0},{"not_picked":["Panic Button","BasicCrystalCard","Hologram"],"picked":"SKIP","floor":14},{"not_picked":["Meteor Strike","All For One"],"picked":"Core Surge","floor":16},{"not_picked":["Steam","Compile Driver"],"picked":"Redo","floor":18},{"not_picked":["ReplayTheSpireMod:GoodbyeWorld","Beam Cell+1"],"picked":"aspiration:Polymerization","floor":19},{"not_picked":["Undo","BasicCrystalCard","Steam Power"],"picked":"SKIP","floor":24},{"not_picked":["Sweeping Beam","BasicCrystalCard"],"picked":"Redo+1","floor":25}],"player_experience":117264,"relics_obtained":[{"floor":9.0,"key":"Oddly Smooth Stone"},{"floor":12,"key":"Lantern"},{"floor":22,"key":"Ancient Tea Set"},{"floor":23,"key":"Bag of Marbles"},{"floor":26,"key":"vexMod:ScavengeHelm"}],"event_choices":[{"damage_healed":0.0,"max_hp_gain":0.0,"max_hp_loss":0.0,"gold_gain":0.0,"event_name":"NoteForYourself","player_choice":"Ignored","floor":2.0,"gold_loss":0.0,"damage_taken":0.0},{"damage_healed":0.0,"max_hp_gain":0.0,"max_hp_loss":0.0,"gold_gain":0.0,"event_name":"Scrap Ooze","player_choice":"Success","floor":10.0,"gold_loss":0.0,"damage_taken":3.0,"relics_obtained":["ReplayTheSpireMod:Lightbulb"]}],"is_beta":false,"boss_relics":[{"not_picked":["vexMod:EndlessSickness","ChewingGum","conspire:RunicOctahedron"]}],"items_purged_floors":[4,20],"is_endless":false,"potions_floor_spawned":[3,6,8,11,12,18],"killed_by":"theJungle:2_Flameangoes","ascension_level":0}}