{"host":"i09pxcjttd31eh4q","time":1611064698,"event":{"mods":["AchievementEnabler","BaseMod","Colored Map","Keyboard Shortcuts","Minty Spire (QoL Compilation)","StSLib","SuperFastMode"],"gold_per_floor":[112,112,9,9,25,25,59,73,73,73,90,90,90,90,90,165,165,185,185,85,100,100,100,100,100,100,100,100,119,119,142,142,216,216,216],"floor_reached":34,"language":"KOR","playtime":662,"items_purged":["Strike_G","Defend_G"],"score":738,"play_id":"fd02edc5-342e-4296-aa99-a610e92393d4","local_time":"20210119225818","is_ascension_mode":true,"campfire_choices":[{"data":"Blade Dance","floor":6.0,"key":"SMITH"},{"data":"Noxious Fumes","floor":10.0,"key":"SMITH"},{"data":"Poisoned Stab","floor":15.0,"key":"SMITH"},{"data":"Venomology","floor":23.0,"key":"SMITH"},{"data":"Acrobatics","floor":27.0,"key":"SMITH"},{"data":"Neutralize","floor":30,"key":"SMITH"},{"floor":32,"key":"REST"}],"circlet_count":0,"master_deck":["AscendersBane","Defend_G","Defend_G","Defend_G","Survivor","Neutralize+1","Poisoned Stab+1","Blade Dance+1","Acrobatics+1","Dagger Throw","Noxious Fumes+1","Prepared","Venomology+1","PiercingWail+1","Flechettes+1","Deflect+1","Blade Dance+1","Adrenaline","CurseOfTheBell"],"relics":["Ring of the Snake","NeowsBlessing","Pear","InkBottle","Astrolabe","Enchiridion","Centennial Puzzle","Nunchaku","Calling Bell","Orichalcum","HornCleat","StoneCalendar"],"acts_visited":["Exordium","TheCity","TheBeyond"],"potions_floor_usage":[29,33,33],"damage_taken":[{"damage":0.0,"enemies":"Jaw Worm","floor":1.0,"turns":1.0},{"damage":0.0,"enemies":"2 Louse","floor":5.0,"turns":1.0},{"damage":0.0,"enemies":"3 Sentries","floor":7.0,"turns":1.0},{"damage":1.0,"enemies":"Small Slimes","floor":8.0,"turns":3.0},{"damage":4.0,"enemies":"2 Fungi Beasts","floor":11.0,"turns":3.0},{"damage":38.0,"enemies":"Slime Boss","floor":16.0,"turns":7.0},{"damage":14.0,"enemies":"Chosen","floor":18.0,"turns":5.0},{"damage":15.0,"enemies":"Shell Parasite","floor":21.0,"turns":6.0},{"damage":3,"enemies":"Shelled Parasite and Fungi","floor":29,"turns":4},{"damage":21,"enemies":"Collector","floor":33,"turns":7}],"seed_played":"-5975528669863179904","potions_obtained":[{"floor":5.0,"key":"PowerPotion"},{"floor":11.0,"key":"Fire Potion"},{"floor":16.0,"key":"BlessingOfTheForge"},{"floor":18.0,"key":"LiquidMemories"},{"floor":21.0,"key":"SkillPotion"},{"floor":33,"key":"BlessingOfTheForge"}],"is_trial":false,"path_per_floor":["M","?","$","?","M","R","E","M","T","R","M","?","?","$","R","B",null,"M","?","$","M","?","R","?","$","T","R","?","M","R","T","R","B",null],"character_chosen":"THE_SILENT","items_purchased":["Blade Dance"],"campfire_rested":1,"item_purchase_floors":[3],"current_hp_per_floor":[59,59,59,64,64,64,74,73,73,73,69,69,62,62,62,24,67,53,53,53,38,38,38,17,17,17,17,11,8,8,8,32,11,64,64],"gold":216,"neow_bonus":"THREE_ENEMY_KILL","is_daily":false,"chose_seed":false,"campfire_upgraded":6,"win_rate":0.0,"timestamp":1611064698,"path_taken":["M","?","$","?","M","R","E","M","T","R","M","?","?","$","R","BOSS","M","?","$","M","?","R","?","?","T","R","?","?","R","?","R","BOSS"],"items_purchased_type":["Card"],"build_version":"2020-12-22","purchased_purges":2,"victory":false,"max_hp_per_floor":[66,66,66,71,71,71,81,81,81,81,81,81,81,81,81,81,81,81,81,81,81,81,81,81,81,81,81,81,81,81,81,81,81,81,81],"card_choices":[{"not_picked":["Slice","Finisher"],"picked":"Poisoned Stab","floor":1.0},{"not_picked":["Sucker Punch","Blur"],"picked":"Acrobatics","floor":5.0},{"not_picked":["Acrobatics","Outmaneuver"],"picked":"Dagger Throw","floor":7.0},{"not_picked":["Deflect","Acrobatics"],"picked":"Noxious Fumes","floor":8.0},{"not_picked":["Bullet Time","Bane"],"picked":"Prepared","floor":11.0},{"not_picked":["Malaise","Envenom"],"picked":"Venomology","floor":16.0},{"not_picked":["Dagger Throw","Setup","Deflect"],"picked":"SKIP","floor":18.0},{"not_picked":["Masterful Stab","Dodge and Roll"],"picked":"Blade Dance+1","floor":21.0},{"not_picked":["All Out Attack","Cloak And Dagger","PiercingWail"],"picked":"SKIP","floor":29},{"not_picked":["Malaise","Storm of Steel"],"picked":"Adrenaline","floor":33}],"player_experience":871794,"relics_obtained":[{"floor":7.0,"key":"Pear"},{"floor":9.0,"key":"InkBottle"},{"floor":24.0,"key":"Enchiridion"},{"floor":26.0,"key":"Centennial Puzzle"},{"floor":31,"key":"Nunchaku"},{"floor":34,"key":"Orichalcum"},{"floor":34,"key":"HornCleat"},{"floor":34,"key":"StoneCalendar"}],"event_choices":[{"cards_removed":["Strike_G"],"damage_healed":0.0,"max_hp_gain":0.0,"max_hp_loss":0.0,"gold_gain":0.0,"event_name":"Living Wall","player_choice":"Forget","floor":2.0,"gold_loss":0.0,"damage_taken":0.0},{"damage_healed":0.0,"max_hp_gain":5.0,"max_hp_loss":0.0,"gold_gain":0.0,"event_name":"Big Fish","player_choice":"Donut","floor":4.0,"gold_loss":0.0,"damage_taken":0.0},{"damage_healed":0.0,"max_hp_gain":0.0,"max_hp_loss":0.0,"gold_gain":0.0,"event_name":"Dead Adventurer","player_choice":"Searched \u00270\u0027 times","floor":12.0,"gold_loss":0.0,"damage_taken":0.0},{"cards_removed":["Strike_G"],"damage_healed":0.0,"max_hp_gain":0.0,"max_hp_loss":0.0,"gold_gain":0.0,"event_name":"Golden Wing","player_choice":"Card Removal","floor":13.0,"gold_loss":0.0,"damage_taken":7.0},{"damage_healed":0.0,"max_hp_gain":0.0,"max_hp_loss":0.0,"gold_gain":0.0,"event_name":"Ghosts","player_choice":"Ignored","floor":19.0,"gold_loss":0.0,"damage_taken":0.0},{"damage_healed":0.0,"max_hp_gain":0.0,"max_hp_loss":0.0,"gold_gain":0.0,"event_name":"Vampires","player_choice":"Ignored","floor":22.0,"gold_loss":0.0,"damage_taken":0.0},{"damage_healed":0.0,"max_hp_gain":0.0,"max_hp_loss":0.0,"gold_gain":0.0,"event_name":"Cursed Tome","player_choice":"Obtained Book","floor":24.0,"gold_loss":0.0,"damage_taken":21.0},{"damage_healed":0.0,"max_hp_gain":0.0,"max_hp_loss":0.0,"gold_gain":0.0,"event_name":"Knowing Skull","player_choice":"","floor":28.0,"potions_obtained":[],"gold_loss":0.0,"damage_taken":6.0,"cards_obtained":[]}],"is_beta":false,"boss_relics":[{"not_picked":["Busted Crown","SlaversCollar"],"picked":"Astrolabe"},{"not_picked":["Black Star","Tiny House"],"picked":"Calling Bell"}],"items_purged_floors":[3,20],"is_endless":false,"potions_floor_spawned":[5,11,16,18,21,33],"ascension_level":20}}