{"host":"uyrebrj0204enqpc","time":1611097543,"event":{"mods":["Act Like it!","Bard","BaseMod","Block Reminder","Challenge The Spire","Colored Map","Colored Powertips","DeckTracker","Downfall","GifTheSpireLib","HexUI Lib","Highlight Path","Hubris","Infinite Spire","Minty Spire (QoL Compilation)","Pale of the Ancients","Quick Restart","Random Character Button","Relic Sorter","Relic Stats","Shop Mod","StSLib","The Blue Laboratory","The Bug Knight","The Cursed","The Jungle","The Marked","Wandering Minibosses"],"gold_per_floor":[113,113,113,125,145,145,173,191,214,207,132,132,146,151,151,146,146],"floor_reached":16,"language":"ENG","playtime":892,"items_purged":["Pain"],"score":155,"play_id":"fdd8ef77-269b-40d7-af97-2cdaeaa8a741","local_time":"20210119180543","is_ascension_mode":true,"campfire_choices":[{"data":"theMarked:SoldierOfQuellstein","floor":6,"key":"SMITH"},{"data":"theMarked:EmpowerWeapon","floor":12,"key":"SMITH"},{"floor":15,"key":"REST"}],"circlet_count":0,"master_deck":["theMarked:Strike","theMarked:Strike","theMarked:Strike","theMarked:Strike","theMarked:Defend","theMarked:Defend","theMarked:Defend","theMarked:Defend","theMarked:SoldierOfQuellstein+1","theMarked:EmpowerWeapon+1","theMarked:EmpowerWeapon","theMarked:Static","theMarked:SoldierForm"],"relics":["theMarked:ArtifactOfAir","WarpedTongs","Bronze Scales"],"acts_visited":["Exordium"],"potions_floor_usage":[16],"damage_taken":[{"damage":7,"enemies":"Jaw Worm","floor":1,"turns":4},{"damage":5,"enemies":"Small Slimes","floor":4,"turns":2},{"damage":2,"enemies":"Cultist","floor":5,"turns":3},{"damage":7,"enemies":"HollowMod:MossKnight","floor":7,"turns":5},{"damage":5,"enemies":"Large Slime","floor":8,"turns":5},{"damage":8,"enemies":"2 Fungi Beasts","floor":10,"turns":5},{"damage":3,"enemies":"Looter","floor":13,"turns":2},{"damage":18,"enemies":"Large Slime","floor":14,"turns":4},{"damage":42,"enemies":"Hexaghost","floor":16,"turns":7}],"seed_played":"8044764320880069005","potions_obtained":[{"floor":8,"key":"blueLaboratory:LouseDecoction"},{"floor":10,"key":"bronze:BurnAndBuffPotion"}],"is_trial":false,"path_per_floor":["M","?","?","M","M","R","E","M","T","M","$","R","M","M","R","B"],"character_chosen":"THE_DEFAULT","items_purchased":[],"campfire_rested":1,"item_purchase_floors":[],"current_hp_per_floor":[63,63,63,58,56,56,49,44,44,36,36,36,33,15,36,0,0],"gold":146,"neow_bonus":"THREE_CARDS","is_daily":false,"chose_seed":false,"campfire_upgraded":2,"win_rate":0.0,"timestamp":1611097543,"path_taken":["M","?","?","M","?","R","E","M","T","M","$","R","M","M","R","BOSS"],"items_purchased_type":[],"build_version":"2020-12-22","purchased_purges":1,"victory":false,"max_hp_per_floor":[70,70,70,70,70,70,70,70,70,70,70,70,70,70,70,70,70],"relic_stats":{"counters":[9,37],"Bronze Scales":[54],"obtain_stats":[{"theMarked:ArtifactOfAir":0,"Bronze Scales":7,"WarpedTongs":3},{"theMarked:ArtifactOfAir":0,"Bronze Scales":4,"WarpedTongs":1},{"theMarked:ArtifactOfAir":0,"Bronze Scales":14,"WarpedTongs":4}],"WarpedTongs":[33]},"card_choices":[{"not_picked":["theMarked:ReduceFriction","theMarked:GodGivenPower"],"picked":"theMarked:EmpowerWeapon","floor":0},{"not_picked":["theMarked:HeightenedSenses","theMarked:Frustration"],"picked":"theMarked:EmpowerWeapon","floor":1},{"not_picked":["theMarked:DeterminationOfTheMarked","theMarked:Overcharge","theMarked:Aftermath"],"picked":"SKIP","floor":4},{"not_picked":["theMarked:DeterminationOfTheMarked","theMarked:TakeCover","theMarked:ChainLightning"],"picked":"SKIP","floor":5},{"not_picked":["theMarked:HeightenedSenses","theMarked:TakeCover","theMarked:Polarize"],"picked":"SKIP","floor":7},{"not_picked":["theMarked:KeepCalmAndFightOn","theMarked:Static","theMarked:WastefulAttack"],"picked":"SKIP","floor":8},{"not_picked":["theMarked:ResourceFulStrike","theMarked:BanishingWave","theMarked:RepellingDischarge"],"picked":"SKIP","floor":10},{"not_picked":["theMarked:TunnelVision","theMarked:WardOff","theMarked:HeritageOfTheMarked"],"picked":"SKIP","floor":13},{"not_picked":["theMarked:Frustration","theMarked:Opportunist"],"picked":"theMarked:SoldierForm","floor":14}],"player_experience":1071542,"relics_obtained":[{"floor":7,"key":"Bronze Scales"}],"event_choices":[{"damage_healed":0,"gold_gain":0,"cards_transformed":["theMarked:Strike"],"player_choice":"Change","damage_taken":0,"max_hp_gain":0,"max_hp_loss":0,"event_name":"Living Wall","floor":2,"gold_loss":0,"cards_obtained":["theMarked:Static"]},{"damage_healed":0,"gold_gain":0,"player_choice":"Rummage","damage_taken":0,"relics_obtained":["WarpedTongs"],"max_hp_gain":0,"max_hp_loss":0,"event_name":"Accursed Blacksmith","floor":3,"gold_loss":0,"cards_obtained":["Pain"]}],"is_beta":false,"boss_relics":[],"items_purged_floors":[11],"is_endless":false,"potions_floor_spawned":[8,10],"killed_by":"Hexaghost","ascension_level":4}}