{"host":"s41rn2jhghpwfrvz","time":1611030132,"event":{"mods":["BaseMod","Minty Spire (QoL Compilation)","Quick Restart","Relic Stats","SuperFastMode"],"gold_per_floor":[116,116,41,41,41,66,66,66,66,81,107,127,157,167,167,238,238,258,258,258,258,173,204,204,234,259,273,253,285,296,571,571,648,698,709,709,709,723,737,771,771,806,806,806,833,844,521,539,539,539,539,539,539,49,81,81],"floor_reached":57,"language":"ENG","playtime":1192,"items_purged":["Hologram"],"score":3803,"play_id":"9ec53ca7-bd2b-49c1-add6-921cedee06d3","local_time":"20210119062212","daily_mods":["SealedDeck","Vintage","Diverse"],"is_ascension_mode":true,"campfire_choices":[{"data":"Prostrate","floor":7,"key":"SMITH"},{"data":"Expertise","floor":15,"key":"SMITH"},{"data":"Adrenaline","floor":24,"key":"SMITH"},{"data":"Pommel Strike","floor":32,"key":"SMITH"},{"floor":41,"key":"RECALL"},{"data":"Madness","floor":44,"key":"SMITH"},{"data":"Madness","floor":49,"key":"SMITH"},{"floor":53,"key":"REST"}],"circlet_count":0,"master_deck":["AscendersBane","Gash+1","Expertise+1","Pommel Strike+1","Burning Pact+1","Expertise+1","Prostrate+1","Genetic Algorithm+1","Blur+1","Adrenaline+1","Madness+1","Madness+1"],"relics":["Burning Blood","Du-Vu Doll","Juzu Bracelet","TungstenRod","Sundial","Bag of Preparation","FossilizedHelix","Lantern","Self Forming Clay","Art of War","SacredBark","Ancient Tea Set","MutagenicStrength","Happy Flower","Anchor","Question Card","Omamori","War Paint","Tiny Chest","Tiny House","Potion Belt","Nunchaku","Shuriken","Boot","Bird Faced Urn","Paper Frog","Ginger","CeramicFish","Pen Nib","Bronze Scales","Lizard Tail","Bag of Marbles","Torii"],"acts_visited":["Exordium","TheCity","TheBeyond","TheEnding"],"potions_floor_usage":[11,55,56,56,56,56],"damage_taken":[{"damage":0,"enemies":"Small Slimes","floor":1,"turns":4},{"damage":0,"enemies":"Lagavulin","floor":6,"turns":4},{"damage":0,"enemies":"Jaw Worm","floor":10,"turns":2},{"damage":7,"enemies":"3 Sentries","floor":11,"turns":7},{"damage":0,"enemies":"Cultist","floor":12,"turns":2},{"damage":0,"enemies":"Gremlin Nob","floor":13,"turns":2},{"damage":0,"enemies":"2 Fungi Beasts","floor":14,"turns":2},{"damage":0,"enemies":"Slime Boss","floor":16,"turns":3},{"damage":0,"enemies":"2 Thieves","floor":18,"turns":2},{"damage":0,"enemies":"Book of Stabbing","floor":23,"turns":1},{"damage":0,"enemies":"Slavers","floor":25,"turns":1},{"damage":0,"enemies":"3 Byrds","floor":27,"turns":1},{"damage":0,"enemies":"Gremlin Leader","floor":29,"turns":1},{"damage":0,"enemies":"Cultist and Chosen","floor":30,"turns":1},{"damage":0,"enemies":"Champ","floor":33,"turns":1},{"damage":0,"enemies":"Orb Walker","floor":35,"turns":1},{"damage":0,"enemies":"3 Shapes","floor":38,"turns":1},{"damage":0,"enemies":"Jaw Worm Horde","floor":39,"turns":1},{"damage":0,"enemies":"Giant Head","floor":40,"turns":1},{"damage":0,"enemies":"Nemesis","floor":42,"turns":1},{"damage":0,"enemies":"Reptomancer","floor":45,"turns":1},{"damage":0,"enemies":"Sphere and 2 Shapes","floor":46,"turns":1},{"damage":0,"enemies":"Maw","floor":48,"turns":1},{"damage":0,"enemies":"Time Eater","floor":50,"turns":3},{"damage":0,"enemies":"Awakened One","floor":51,"turns":2},{"damage":0,"enemies":"Shield and Spear","floor":55,"turns":1},{"damage":0,"enemies":"The Heart","floor":56,"turns":4}],"seed_played":"-4576010748370465995","potions_obtained":[{"floor":6,"key":"Fire Potion"},{"floor":11,"key":"Weak Potion"},{"floor":16,"key":"BlessingOfTheForge"},{"floor":18,"key":"Swift Potion"},{"floor":39,"key":"CultistPotion"},{"floor":42,"key":"Energy Potion"},{"floor":55,"key":"Explosive Potion"}],"is_trial":true,"path_per_floor":["M","?","$","?","?","E","R","?","T","M","E","M","E","M","R","B",null,"M","?","?","$","?","E","R","E","T","M","?","E","M","?","R","B",null,"M","$","?","M","M","E","R","E","T","R","E","M","$","M","R","B","B",null,"R","$","E","B",null],"character_chosen":"IRONCLAD","items_purchased":["Pen Nib","DuplicationPotion","DuplicationPotion","Lizard Tail","Bag of Marbles"],"campfire_rested":1,"item_purchase_floors":[47,47,47,54,54],"current_hp_per_floor":[74,56,56,56,49,55,55,55,55,61,60,66,72,75,75,75,75,75,75,75,75,75,75,75,75,75,75,75,75,75,75,75,75,80,80,80,67,73,79,80,80,80,80,80,80,80,80,80,80,80,80,80,80,80,80,80],"gold":81,"neow_bonus":"","is_daily":false,"chose_seed":false,"campfire_upgraded":6,"win_rate":0.0,"timestamp":1611030132,"path_taken":["M","?","$","?","?","E","R","?","T","M","E","M","E","M","R","BOSS","M","?","?","$","?","E","R","E","T","M","?","E","M","?","R","BOSS","M","$","?","M","M","E","R","E","T","R","E","M","$","M","R","BOSS","BOSS","R","$","E","BOSS"],"items_purchased_type":["Relic","Potion","Potion","Relic","Relic"],"build_version":"2020-12-22","purchased_purges":1,"victory":true,"max_hp_per_floor":[75,75,75,75,75,75,75,75,75,75,75,75,75,75,75,75,75,75,75,75,75,75,75,75,75,75,75,75,75,75,75,75,75,80,80,80,80,80,80,80,80,80,80,80,80,80,80,80,80,80,80,80,80,80,80,80],"relic_stats":{"Happy Flower":[8],"Torii":0,"counters":[27,52],"Self Forming Clay":[0],"CeramicFish":0,"Pen Nib":[8],"Juzu Bracelet":3,"Bag of Preparation":[48],"Ginger":[2],"War Paint":["Blur","Burning Pact"],"Question Card":7,"Boot":[0],"Burning Blood":52,"Nunchaku":[12],"Lizard Tail":0,"Sundial":[148],"Shuriken":[34],"Bird Faced Urn":[0],"Bronze Scales":[66],"Tiny Chest":0,"Art of War":[0],"obtain_stats":[{"Lantern":12,"Tiny House":34,"Torii":55,"SacredBark":17,"CeramicFish":46,"Juzu Bracelet":2,"Bag of Preparation":10,"Ginger":45,"Ancient Tea Set":18,"Boot":40,"Burning Blood":0,"Nunchaku":38,"Lizard Tail":54,"Sundial":9,"Tiny Chest":30,"Paper Frog":43,"Potion Belt":35,"Happy Flower":22,"Self Forming Clay":13,"Pen Nib":47,"Omamori":27,"War Paint":29,"Question Card":25,"Du-Vu Doll":1,"Anchor":23,"Shuriken":39,"MutagenicStrength":19,"Bird Faced Urn":42,"Bronze Scales":48,"Art of War":14,"Bag of Marbles":54,"TungstenRod":6,"FossilizedHelix":11},{"Lantern":5,"Tiny House":15,"Torii":26,"SacredBark":8,"CeramicFish":22,"Juzu Bracelet":1,"Bag of Preparation":3,"Ginger":21,"Ancient Tea Set":9,"Boot":19,"Burning Blood":0,"Nunchaku":17,"Lizard Tail":25,"Sundial":2,"Tiny Chest":14,"Paper Frog":20,"Potion Belt":16,"Happy Flower":9,"Self Forming Clay":6,"Pen Nib":22,"Omamori":12,"War Paint":13,"Question Card":11,"Du-Vu Doll":1,"Anchor":10,"Shuriken":18,"MutagenicStrength":9,"Bird Faced Urn":20,"Bronze Scales":23,"Art of War":7,"Bag of Marbles":25,"TungstenRod":2,"FossilizedHelix":4},{"Lantern":19,"Tiny House":34,"Torii":48,"SacredBark":26,"CeramicFish":41,"Juzu Bracelet":4,"Bag of Preparation":10,"Ginger":40,"Ancient Tea Set":28,"Boot":38,"Burning Blood":0,"Nunchaku":36,"Lizard Tail":47,"Sundial":8,"Tiny Chest":33,"Paper Frog":39,"Potion Belt":35,"Happy Flower":28,"Self Forming Clay":21,"Pen Nib":41,"Omamori":31,"War Paint":32,"Question Card":30,"Du-Vu Doll":4,"Anchor":29,"Shuriken":37,"MutagenicStrength":28,"Bird Faced Urn":39,"Bronze Scales":42,"Art of War":23,"Bag of Marbles":47,"TungstenRod":8,"FossilizedHelix":17}],"TungstenRod":4},"card_choices":[{"not_picked":["Heel Hook","Dodge and Roll","Dagger Throw"],"picked":"SKIP","floor":6},{"not_picked":["Rebound","Disarm","Stack"],"picked":"SKIP","floor":11},{"not_picked":["Stack","ThirdEye","Storm of Steel"],"picked":"SKIP","floor":13},{"not_picked":["Blasphemy","Unload"],"picked":"Adrenaline","floor":16},{"not_picked":["Consecrate","Blizzard+1","Weave"],"picked":"SKIP","floor":23},{"not_picked":["True Grit","Pommel Strike","Thunderclap"],"picked":"SKIP","floor":25},{"not_picked":["Flechettes","CutThroughFate","Limit Break","WreathOfFlame"],"picked":"SKIP","floor":29},{"not_picked":["Hemokinesis+1","JustLucky+1","Reflex+1","Glacier"],"picked":"SKIP","floor":40},{"not_picked":["Terror+1","Rip and Tear","EmptyFist","Distraction"],"picked":"SKIP","floor":42},{"not_picked":["Clash","Tempest","Berserk","Bane"],"picked":"SKIP","floor":45},{"not_picked":["Weave","Cold Snap","PathToVictory+1","Backflip+1"],"picked":"SKIP","floor":55}],"player_experience":1805011,"relics_obtained":[{"floor":1,"key":"Du-Vu Doll"},{"floor":6,"key":"TungstenRod"},{"floor":9,"key":"Sundial"},{"floor":10,"key":"Bag of Preparation"},{"floor":11,"key":"FossilizedHelix"},{"floor":12,"key":"Lantern"},{"floor":13,"key":"Self Forming Clay"},{"floor":14,"key":"Art of War"},{"floor":18,"key":"Ancient Tea Set"},{"floor":23,"key":"Anchor"},{"floor":25,"key":"Question Card"},{"floor":27,"key":"Omamori"},{"floor":29,"key":"War Paint"},{"floor":30,"key":"Tiny Chest"},{"floor":35,"key":"Potion Belt"},{"floor":38,"key":"Nunchaku"},{"floor":39,"key":"Shuriken"},{"floor":40,"key":"Boot"},{"floor":42,"key":"Bird Faced Urn"},{"floor":43,"key":"Paper Frog"},{"floor":45,"key":"Ginger"},{"floor":46,"key":"CeramicFish"},{"floor":48,"key":"Bronze Scales"},{"floor":55,"key":"Torii"}],"event_choices":[{"damage_healed":0,"gold_gain":0,"player_choice":"Success","damage_taken":18,"relics_obtained":["Juzu Bracelet"],"max_hp_gain":0,"max_hp_loss":0,"event_name":"Scrap Ooze","floor":2,"gold_loss":0},{"damage_healed":0,"gold_gain":0,"player_choice":"Ignored","damage_taken":0,"max_hp_gain":0,"max_hp_loss":0,"event_name":"Transmorgrifier","floor":4,"gold_loss":0},{"cards_removed":["Deflect"],"damage_healed":0,"gold_gain":0,"player_choice":"Card Removal","damage_taken":7,"max_hp_gain":0,"max_hp_loss":0,"event_name":"Golden Wing","floor":5,"gold_loss":0},{"damage_healed":0,"gold_gain":0,"player_choice":"Grow","damage_taken":0,"max_hp_gain":0,"max_hp_loss":0,"event_name":"Living Wall","floor":8,"gold_loss":0,"cards_upgraded":["Genetic Algorithm"]},{"damage_healed":0,"gold_gain":0,"player_choice":"Inject Mutagens","damage_taken":0,"relics_obtained":["MutagenicStrength"],"max_hp_gain":0,"max_hp_loss":0,"event_name":"Drug Dealer","floor":19,"gold_loss":0},{"damage_healed":0,"gold_gain":0,"player_choice":"Upgraded","damage_taken":0,"max_hp_gain":0,"max_hp_loss":0,"event_name":"Upgrade Shrine","floor":20,"gold_loss":0,"cards_upgraded":["Expertise"]},{"damage_healed":0,"gold_gain":0,"player_choice":"Obtained Relic","damage_taken":0,"relics_obtained":["Happy Flower"],"max_hp_gain":0,"max_hp_loss":0,"event_name":"Addict","floor":22,"gold_loss":85},{"damage_healed":0,"gold_gain":0,"player_choice":"Bought 1 Potion","damage_taken":0,"max_hp_gain":0,"max_hp_loss":0,"event_name":"The Woman in Blue","floor":28,"gold_loss":0},{"damage_healed":0,"gold_gain":275,"player_choice":"Desecrate","damage_taken":0,"max_hp_gain":0,"max_hp_loss":0,"event_name":"Golden Shrine","floor":31,"gold_loss":0,"cards_obtained":["Regret"]},{"damage_healed":0,"gold_gain":0,"player_choice":"Embrace Madness","damage_taken":14,"max_hp_gain":0,"max_hp_loss":0,"event_name":"Winding Halls","floor":37,"gold_loss":0,"cards_obtained":["Madness","Madness"]}],"is_beta":false,"boss_relics":[{"not_picked":["Runic Cube","Empty Cage"],"picked":"SacredBark"},{"not_picked":["Cursed Key","Sozu"],"picked":"Tiny House"}],"items_purged_floors":[3],"is_endless":false,"potions_floor_spawned":[6,11,16,18,23,33,39,42,45,48,55],"ascension_level":20}}