{"host":"amh04kn3ezj0mn53","time":1611095158,"event":{"mods":["BaseMod","Better Match","BetterRewards","Dota2Spire","Downfall","Googly Eyes","Minty Spire (QoL Compilation)","Shop Mod","StSLib"],"gold_per_floor":[99,115,115,134,150,38,38,48,48,64,81,114,133,158,172,172,172,172],"floor_reached":16,"language":"ENG","playtime":1260,"items_purged":["hexamod:Strike"],"score":122,"play_id":"e122075f-e62f-4d1e-8cb6-e0c0bc743537","local_time":"20210119172558","is_ascension_mode":true,"campfire_choices":[{"data":"hexamod:Sear","floor":1,"key":"SMITH"}],"circlet_count":0,"master_deck":["hexamod:Strike","hexamod:Strike","hexamod:Strike","hexamod:Defend","hexamod:Defend","hexamod:Defend","hexamod:Defend","hexamod:Sear+1","hexamod:Float","hexamod:FlamesFromBeyond","hexamod:AdvancingGuard","hexamod:HauntingEcho","hexamod:FirstSeal","hexamod:SuperheatedStrike","hexamod:PowerFromBeyond","hexamod:SuperheatedStrike","hexamod:RadiantFlame","hexamod:FastForward","hexamod:GhostOfSpirePast","hexamod:ThermalTransfer+1","hexamod:HeatMetal+1"],"relics":["hexamod:SpiritBrand","Bag of Marbles","Dota2Spire:MaskOfMadness","Dota2Spire:CrimsonGuard","Molten Egg 2"],"acts_visited":["Exordium"],"potions_floor_usage":[12,13,14,16],"damage_taken":[{"damage":6,"enemies":"Jaw Worm","floor":2,"turns":3},{"damage":5,"enemies":"Cultist","floor":4,"turns":4},{"damage":0,"enemies":"2 Louse","floor":5,"turns":2},{"damage":5,"enemies":"downfall:FleeingMerchant","floor":6,"turns":4},{"damage":0,"enemies":"Blue Slaver","floor":8,"turns":3},{"damage":17,"enemies":"Exordium Wildlife","floor":10,"turns":4},{"damage":12,"enemies":"Lots of Slimes","floor":11,"turns":4},{"damage":22,"enemies":"Gremlin Nob","floor":12,"turns":4},{"damage":4,"enemies":"Gremlin Gang","floor":13,"turns":3},{"damage":12,"enemies":"3 Sentries","floor":14,"turns":4},{"damage":0,"enemies":"Blue Slaver","floor":15,"turns":2},{"damage":28,"enemies":"DF_ARCHETYPE_STREAMLINE","floor":16,"turns":4}],"seed_played":"-568471645604258932","potions_obtained":[{"floor":5,"key":"sneckomod:MuddlingPotion"},{"floor":8,"key":"Slimebound:ThreeZeroPotion"},{"floor":9,"key":"CultistPotion"},{"floor":9,"key":"CultistPotion"},{"floor":12,"key":"SkillPotion"},{"floor":14,"key":"PowerPotion"}],"is_trial":false,"path_per_floor":["R","M","?","M","M","$","T","M","?","M","M","E","M","E","M","B"],"character_chosen":"THE_SPIRIT","items_purchased":["hexamod:SuperheatedStrike"],"campfire_rested":0,"item_purchase_floors":[6],"current_hp_per_floor":[70,64,64,59,59,54,54,57,57,47,42,27,30,25,25,0,0,0],"gold":172,"neow_bonus":"RANDOM_COMMON_RELIC","is_daily":false,"chose_seed":false,"campfire_upgraded":1,"win_rate":0.0,"timestamp":1611095158,"path_taken":["R","M","?","M","M","$","T","M","?","M","?","E","M","E","M","BOSS"],"items_purchased_type":["Card"],"build_version":"2020-12-22","purchased_purges":1,"victory":false,"max_hp_per_floor":[70,70,70,70,70,70,70,70,70,70,70,70,70,70,70,70,70,70],"card_choices":[{"not_picked":["hexamod:BacktrackSmack","hexamod:GhostLash"],"picked":"hexamod:FlamesFromBeyond","floor":2},{"not_picked":["hexamod:ShieldOfDarkness","hexamod:ChargedBarrage"],"picked":"hexamod:AdvancingGuard","floor":4},{"not_picked":["hexamod:AdvancingGuard","hexamod:ThermalTransfer"],"picked":"hexamod:HauntingEcho","floor":5},{"not_picked":["hexamod:Again","hexamod:FlameSwitch"],"picked":"hexamod:FirstSeal","floor":6},{"not_picked":["hexamod:RainOfEmbers","hexamod:FastForward"],"picked":"hexamod:PowerFromBeyond","floor":8},{"not_picked":["hexamod:AdvancingGuard","hexamod:NightmareStrike"],"picked":"hexamod:SuperheatedStrike","floor":10},{"not_picked":["hexamod:BacktrackSmack","hexamod:BurningTouch"],"picked":"hexamod:RadiantFlame","floor":11},{"not_picked":["hexamod:Firestarter","hexamod:FlamesFromBeyond"],"picked":"hexamod:FastForward","floor":12},{"not_picked":["hexamod:SkipABeat","hexamod:PhantomCloak"],"picked":"hexamod:GhostOfSpirePast","floor":13},{"not_picked":["hexamod:SwordOfDarkness+1","hexamod:Hexaguard"],"picked":"hexamod:ThermalTransfer+1","floor":14},{"not_picked":["hexamod:FastForward","hexamod:FlamesFromBeyond"],"picked":"hexamod:HeatMetal+1","floor":15}],"player_experience":1213204,"relics_obtained":[{"floor":7,"key":"Dota2Spire:MaskOfMadness"},{"floor":12,"key":"Dota2Spire:CrimsonGuard"},{"floor":14,"key":"Molten Egg 2"}],"event_choices":[{"damage_healed":0,"gold_gain":0,"player_choice":"Got Potions","damage_taken":0,"max_hp_gain":0,"max_hp_loss":0,"event_name":"Lab","floor":9,"gold_loss":0}],"is_beta":false,"boss_relics":[],"items_purged_floors":[6],"is_endless":false,"potions_floor_spawned":[5,8,12,14],"killed_by":"DF_ARCHETYPE_STREAMLINE","ascension_level":1}}