{"host":"fbrnmnl7irs6wn10","time":1611025718,"event":{"mods":["BaseMod","Custom Start","Friendly Minions","Hero for Fun","Minty Spire (QoL Compilation)","Quick Restart","Relic Stats","Shade Mod","StSLib","The Hierophant","The Necromancer"],"gold_per_floor":[112,112,129,129,129,129,140,125,200,200,216,234,184,213,213,311,311,265,265,364,54,74,74,74,74],"floor_reached":24,"language":"FRA","playtime":955,"items_purged":[],"score":254,"play_id":"2ca350b4-b2fe-45c9-b35f-de568742b99f","local_time":"20210119040838","is_ascension_mode":false,"campfire_choices":[{"data":"hierophant:Punish","floor":6,"key":"SMITH"},{"floor":15,"key":"RECALL"},{"data":"hierophant:Defend_Hierophant","floor":23,"key":"SMITH"}],"circlet_count":0,"master_deck":["hierophant:Punish+1","hierophant:Defend_Hierophant","hierophant:Defend_Hierophant","hierophant:Defend_Hierophant","hierophant:Defend_Hierophant+1","hierophant:ChurchCoffers+1","Bite","Bite","Bite","Bite","Bite"],"relics":["hierophant:PropheticMaskRelic","NeowsBlessing","Boot","Dead Branch","Pear","Turnip","Busted Crown","Mango"],"acts_visited":["Exordium","TheCity"],"potions_floor_usage":[12,12,16,16,16],"damage_taken":[{"damage":0,"enemies":"Jaw Worm","floor":1,"turns":1},{"damage":0,"enemies":"2 Louse","floor":3,"turns":1},{"damage":0,"enemies":"Cultist","floor":7,"turns":1},{"damage":0,"enemies":"Looter","floor":8,"turns":3},{"damage":0,"enemies":"2 Fungi Beasts","floor":11,"turns":2},{"damage":0,"enemies":"Gremlin Nob","floor":12,"turns":2},{"damage":12,"enemies":"3 Sentries","floor":14,"turns":6},{"damage":16,"enemies":"The Guardian","floor":16,"turns":13},{"damage":10,"enemies":"2 Thieves","floor":18,"turns":4},{"damage":5,"enemies":"3 Byrds","floor":22,"turns":3},{"damage":98,"enemies":"Book of Stabbing","floor":24,"turns":8}],"seed_played":"-7293441970764053555","potions_obtained":[{"floor":1,"key":"Block Potion"},{"floor":8,"key":"DistilledChaos"},{"floor":11,"key":"FearPotion"},{"floor":12,"key":"CultistPotion"},{"floor":14,"key":"Explosive Potion"}],"is_trial":false,"path_per_floor":["M","?","M","?","?","R","M","M","T","?","M","E","?","E","R","B",null,"M","?","?","$","M","R","E"],"character_chosen":"HIEROPHANT","items_purchased":["Mango"],"campfire_rested":0,"item_purchase_floors":[21],"current_hp_per_floor":[75,75,75,75,75,75,75,75,75,68,68,78,78,66,66,50,85,75,59,59,73,73,73,0,0],"gold":74,"neow_bonus":"THREE_ENEMY_KILL","is_daily":false,"chose_seed":false,"campfire_upgraded":2,"win_rate":0.0,"timestamp":1611025718,"path_taken":["M","?","M","?","?","R","M","?","T","?","M","E","?","E","R","BOSS","M","?","?","?","M","R","E"],"items_purchased_type":["Relic"],"build_version":"2020-12-22","purchased_purges":0,"victory":false,"max_hp_per_floor":[75,75,75,75,75,75,75,75,75,75,75,85,85,85,85,85,85,85,59,59,73,73,73,73,73],"relic_stats":{"Busted Crown":4,"counters":[11,44],"Dead Branch":[13],"Turnip":[0],"Boot":[19],"obtain_stats":[{"Pear":12,"Busted Crown":17,"NeowsBlessing":0,"hierophant:PropheticMaskRelic":0,"Dead Branch":10,"Mango":21,"Turnip":14,"Boot":4},{"Pear":6,"Busted Crown":8,"NeowsBlessing":0,"hierophant:PropheticMaskRelic":0,"Dead Branch":4,"Mango":9,"Turnip":7,"Boot":2},{"Pear":10,"Busted Crown":29,"NeowsBlessing":0,"hierophant:PropheticMaskRelic":0,"Dead Branch":6,"Mango":33,"Turnip":16,"Boot":2}]},"card_choices":[{"not_picked":["hierophant:Embezzle","hierophant:Flagellation","hierophant:FieryStrike"],"picked":"SKIP","floor":1},{"not_picked":["hierophant:Embezzle","hierophant:FieryStrike","hierophant:Smite"],"picked":"SKIP","floor":3},{"not_picked":["hierophant:Bribe","hierophant:MorningPrayer","hierophant:Shelter"],"picked":"SKIP","floor":7},{"not_picked":["hierophant:Encroach","hierophant:Smite","hierophant:MirrorShield"],"picked":"SKIP","floor":8},{"not_picked":["hierophant:Encroach","hierophant:HolyVerse","hierophant:RecallFunds"],"picked":"SKIP","floor":11},{"not_picked":["hierophant:RepressedViolence","hierophant:Prophecy","hierophant:DivineIntervention"],"picked":"SKIP","floor":12},{"not_picked":["hierophant:Levitation","hierophant:Embezzle","hierophant:Remorse"],"picked":"SKIP","floor":14},{"not_picked":["hierophant:Patience"],"picked":"SKIP","floor":18},{"not_picked":["hierophant:Remorse"],"picked":"SKIP","floor":22}],"player_experience":540445,"relics_obtained":[{"floor":12,"key":"Pear"},{"floor":14,"key":"Turnip"}],"event_choices":[{"damage_healed":0,"gold_gain":0,"player_choice":"Grow","damage_taken":0,"max_hp_gain":0,"max_hp_loss":0,"event_name":"Living Wall","floor":2,"gold_loss":0,"cards_upgraded":["hierophant:ChurchCoffers"]},{"damage_healed":0,"gold_gain":0,"player_choice":"Box","damage_taken":0,"relics_obtained":["Boot"],"max_hp_gain":0,"max_hp_loss":0,"event_name":"Big Fish","floor":4,"gold_loss":0,"cards_obtained":["Regret"]},{"cards_removed":["Regret"],"damage_healed":0,"gold_gain":0,"player_choice":"Purged","damage_taken":0,"max_hp_gain":0,"max_hp_loss":0,"event_name":"Purifier","floor":5,"gold_loss":0},{"damage_healed":0,"gold_gain":0,"player_choice":"Success","damage_taken":7,"relics_obtained":["Dead Branch"],"max_hp_gain":0,"max_hp_loss":0,"event_name":"Scrap Ooze","floor":10,"gold_loss":0},{"cards_removed":["hierophant:Strike_Hierophant"],"damage_healed":0,"gold_gain":0,"player_choice":"Card Removal","damage_taken":0,"max_hp_gain":0,"max_hp_loss":0,"event_name":"The Cleric","floor":13,"gold_loss":50},{"damage_healed":0,"gold_gain":0,"player_choice":"Became a vampire","damage_taken":0,"max_hp_gain":0,"max_hp_loss":26,"event_name":"Vampires","floor":19,"gold_loss":0,"cards_obtained":["Bite","Bite","Bite","Bite","Bite"]},{"damage_healed":0,"gold_gain":99,"player_choice":"Stole From Cult","damage_taken":0,"max_hp_gain":0,"max_hp_loss":0,"event_name":"Nest","floor":20,"gold_loss":0}],"is_beta":false,"boss_relics":[{"not_picked":["Tiny House","Runic Dome"],"picked":"Busted Crown"}],"items_purged_floors":[],"is_endless":false,"potions_floor_spawned":[1,8,11,12,14],"killed_by":"Book of Stabbing","ascension_level":0}}