{"host":"h1ba9qculgt1zycs","time":1611093244,"event":{"mods":["BaseMod","Hermit","Minty Spire (QoL Compilation)","Remove Card Discount Mod","StSLib","The Cursed"],"gold_per_floor":[111,111,129,129,129,129,164,176,203,233,251,67,67,67,67,172,172,183,183,183,183],"floor_reached":20,"language":"ENG","playtime":837,"items_purged":["TheCursedMod:Defend_TheCursed","TheCursedMod:Strike_TheCursed"],"score":253,"play_id":"12d63633-b732-40ee-a7ef-f90d8e0b80a7","local_time":"20210119225404","is_ascension_mode":true,"campfire_choices":[{"data":"TheCursedMod:CursedWand","floor":6,"key":"SMITH"},{"data":"TheCursedMod:NeowsMight","floor":13,"key":"SMITH"},{"data":"TheCursedMod:CircleOfAmplification","floor":15,"key":"SMITH"}],"circlet_count":0,"master_deck":["TheCursedMod:Strike_TheCursed","TheCursedMod:Strike_TheCursed","TheCursedMod:Strike_TheCursed","TheCursedMod:Defend_TheCursed","TheCursedMod:Defend_TheCursed+1","TheCursedMod:Defend_TheCursed","TheCursedMod:CursedWand+1","TheCursedMod:CleanUpWorkshop+1","TheCursedMod:Dregs","TheCursedMod:TroublousMinions+1","TheCursedMod:SpitefulPlan+1","TheCursedMod:CircleOfAmplification+1","TheCursedMod:NeowsMight+1","TheCursedMod:EmpowerCircles+1","TheCursedMod:EmpowerCircles+1","TheCursedMod:CircleOfAbyss","TheCursedMod:SpitefulPlan+1"],"relics":["TheCursedMod:BlackMagic101","Frozen Egg 2","WingedGreaves","Nunchaku","DollysMirror","The Courier","Membership Card","Fusion Hammer"],"acts_visited":["Exordium","TheCity"],"potions_floor_usage":[3,16],"damage_taken":[{"damage":0,"enemies":"2 Louse","floor":1,"turns":3},{"damage":0,"enemies":"Jaw Worm","floor":3,"turns":4},{"damage":7,"enemies":"Lagavulin","floor":7,"turns":6},{"damage":0,"enemies":"Cultist","floor":8,"turns":3},{"damage":0,"enemies":"3 Sentries","floor":10,"turns":8},{"damage":0,"enemies":"Looter","floor":11,"turns":3},{"damage":5,"enemies":"The Guardian","floor":16,"turns":4},{"damage":0,"enemies":"Shell Parasite","floor":18,"turns":7},{"damage":0,"enemies":"Chosen","floor":20,"turns":2}],"seed_played":"-2888086159406449087","potions_obtained":[{"floor":1,"key":"TheCursedMod:DregsPotion"},{"floor":3,"key":"CultistPotion"},{"floor":8,"key":"Ancient Potion"},{"floor":18,"key":"Strength Potion"}],"is_trial":false,"path_per_floor":["M","?","M","T","?","R","E","M","T","E","M","$","R","$","R","B",null,"M","?","M"],"character_chosen":"THE_CURSED","items_purchased":["TheCursedMod:EmpowerCircles+1","DollysMirror"],"campfire_rested":0,"item_purchase_floors":[12,12],"current_hp_per_floor":[82,82,82,82,66,66,59,59,59,59,59,59,59,59,59,54,82,82,82,82,82],"gold":183,"neow_bonus":"TEN_PERCENT_HP_BONUS","is_daily":false,"chose_seed":false,"campfire_upgraded":3,"win_rate":0.0,"timestamp":1611093244,"path_taken":["M","?","M","?","?","R","E","M","T","E","M","?","R","$","R","BOSS","M","?","M"],"items_purchased_type":["Card","Relic"],"build_version":"2020-12-22","purchased_purges":2,"victory":false,"max_hp_per_floor":[82,82,82,82,82,82,82,82,82,82,82,82,82,82,82,82,82,82,82,82,82],"card_choices":[{"not_picked":["TheCursedMod:LuckyCharm","TheCursedMod:CircleOfFocus","TheCursedMod:SoulCrush"],"picked":"SKIP","floor":1},{"not_picked":["TheCursedMod:ReleasedStrength","TheCursedMod:CursedBoomerang"],"picked":"TheCursedMod:TroublousMinions","floor":3},{"not_picked":["TheCursedMod:Stigma","TheCursedMod:CircleOfFlame"],"picked":"TheCursedMod:SpitefulPlan+1","floor":7},{"not_picked":["TheCursedMod:CursedAmulet","TheCursedMod:RapidMovement"],"picked":"TheCursedMod:CircleOfAmplification","floor":8},{"not_picked":["TheCursedMod:TacticalStrike","TheCursedMod:Stigma"],"picked":"TheCursedMod:NeowsMight","floor":10},{"not_picked":["TheCursedMod:Stigma","TheCursedMod:Grudge","TheCursedMod:CursedMace"],"picked":"SKIP","floor":11},{"not_picked":["TheCursedMod:CursedRelics","TheCursedMod:DarkBarrier"],"picked":"TheCursedMod:CircleOfAbyss","floor":16},{"not_picked":["TheCursedMod:SpitefulStrike","TheCursedMod:CursedAmulet"],"picked":"TheCursedMod:SpitefulPlan+1","floor":18}],"player_experience":263592,"relics_obtained":[{"floor":4,"key":"Frozen Egg 2"},{"floor":7,"key":"WingedGreaves"},{"floor":10,"key":"Nunchaku"}],"event_choices":[{"damage_healed":0,"gold_gain":0,"player_choice":"Grow","damage_taken":0,"max_hp_gain":0,"max_hp_loss":0,"event_name":"Living Wall","floor":2,"gold_loss":0,"cards_upgraded":["TheCursedMod:CleanUpWorkshop"]},{"damage_healed":0,"gold_gain":0,"player_choice":"Entered Light","damage_taken":16,"max_hp_gain":0,"max_hp_loss":0,"event_name":"Shining Light","floor":5,"gold_loss":0,"cards_upgraded":["TheCursedMod:TroublousMinions","TheCursedMod:Defend_TheCursed"]},{"damage_healed":0,"gold_gain":0,"player_choice":"Ignored","damage_taken":0,"max_hp_gain":0,"max_hp_loss":0,"event_name":"Vampires","floor":19,"gold_loss":0}],"is_beta":false,"boss_relics":[{"not_picked":["Empty Cage","Ectoplasm"],"picked":"Fusion Hammer"}],"items_purged_floors":[12,12],"is_endless":false,"potions_floor_spawned":[1,3,8,18],"killed_by":"Chosen","ascension_level":2}}