{"host":"p7cjtxxrilhp4dw7","time":1611019874,"event":{"mods":["BaseMod","Block Reminder","Colored Map","Highlight Path","Minty Spire (QoL Compilation)","Replay The Spire","StSLib","The Hierophant"],"gold_per_floor":[114,127,127,52,2,40,59,82,82,101,101,126,126,151,151,279,279,294,219,28,28,28,28,61,61,115,150,150,166,183,107,107,107,107],"floor_reached":33,"language":"ENG","playtime":3041,"items_purged":["Injury","Amnesia"],"score":450,"play_id":"734a0de6-9ef4-4fa0-ae84-ee1359eda142","local_time":"20210118183114","is_ascension_mode":true,"campfire_choices":[{"floor":11,"key":"RECALL"},{"floor":13,"key":"REST"},{"data":"Dualcast","floor":15,"key":"SMITH"},{"floor":23,"key":"REST"},{"floor":25,"key":"REST"},{"floor":32,"key":"REST"}],"circlet_count":0,"master_deck":["Strike_B","Strike_B","Strike_B","Strike_B","Defend_B","Defend_B","Defend_B","Zap","Dualcast+1","Melter","Time Bomb","Conserve Battery","Glacier","Rip and Tear","ReplayRNGCard","Conserve Battery+1","Coolheaded","BootSequence+1","Rainbow","Chill","Lockon"],"relics":["FrozenCore","NeowsBlessing","Bloody Idol","Strawberry","Mirror","ReplayTheSpireMod:TigerMarble","ReplayTheSpireMod:CursedCoin","Replay:WaspNest","Omamori","Anchor","BranchBurnRelic"],"acts_visited":["Exordium","TheCity"],"potions_floor_usage":[16,24,27,27,33],"damage_taken":[{"damage":0,"enemies":"2 Louse","floor":1,"turns":1},{"damage":0,"enemies":"Jaw Worm","floor":2,"turns":1},{"damage":0,"enemies":"Gremlin Nob","floor":6,"turns":1},{"damage":1,"enemies":"Cultist","floor":7,"turns":4},{"damage":7,"enemies":"Exordium Wildlife","floor":8,"turns":5},{"damage":3,"enemies":"Blue Slaver","floor":10,"turns":6},{"damage":6,"enemies":"3 Louse","floor":12,"turns":3},{"damage":0,"enemies":"Large Slime","floor":14,"turns":5},{"damage":25,"enemies":"The Guardian","floor":16,"turns":11},{"damage":32,"enemies":"2 Thieves","floor":18,"turns":4},{"damage":48,"enemies":"Book of Stabbing","floor":24,"turns":7},{"damage":33,"enemies":"Slavers","floor":27,"turns":9},{"damage":7,"enemies":"Shell Parasite","floor":29,"turns":6},{"damage":2,"enemies":"Snake Plant","floor":30,"turns":6},{"damage":96,"enemies":"Collector","floor":33,"turns":13}],"seed_played":"-9198193997403487445","potions_obtained":[{"floor":1,"key":"EssenceOfSteel"},{"floor":8,"key":"Reflective Coating"},{"floor":14,"key":"FocusPotion"},{"floor":24,"key":"Elixir"},{"floor":27,"key":"Strength Potion"}],"is_trial":false,"path_per_floor":["M","M","?","$","?","E","M","M","T","M","R","M","R","M","R","B",null,"M","?","$","?","?","R","E","R","T","E","?","M","M","$","R","B"],"character_chosen":"DEFECT","items_purchased":["ReplayTheSpireMod:CursedCoin","Replay:WaspNest","Lockon"],"campfire_rested":4,"item_purchase_floors":[20,20,31],"current_hp_per_floor":[68,68,68,68,75,75,74,67,67,64,64,58,82,82,82,57,76,44,44,44,44,44,68,25,49,54,26,53,51,54,54,78,0,0],"gold":107,"neow_bonus":"THREE_ENEMY_KILL","is_daily":false,"chose_seed":false,"campfire_upgraded":1,"win_rate":0.0,"timestamp":1611019874,"path_taken":["M","M","?","$","?","E","M","?","T","M","R","M","R","M","R","BOSS","M","?","$","?","?","R","E","R","T","E","?","M","M","$","R","BOSS"],"items_purchased_type":["Relic","Relic","Card"],"build_version":"2020-12-22","purchased_purges":2,"victory":false,"max_hp_per_floor":[75,75,75,75,82,82,82,82,82,82,82,82,82,82,82,82,82,82,82,82,82,82,82,82,82,82,82,82,82,82,82,82,82,82],"card_choices":[{"not_picked":["Darkness","Hologram"],"picked":"Melter","floor":1},{"not_picked":["Coolheaded","Leap"],"picked":"Time Bomb","floor":2},{"not_picked":["Panic Button","Coolheaded","ReplayTheSpireMod:Repulse"],"picked":"SKIP","floor":6},{"not_picked":["BasicCrystalCard","Panic Button"],"picked":"Conserve Battery","floor":7},{"not_picked":["Scrape","Leap"],"picked":"Glacier","floor":8},{"not_picked":["Glacier","Steam Power","FIFO Queue"],"picked":"SKIP","floor":10},{"not_picked":["Redo","Barrage","Machine Learning"],"picked":"SKIP","floor":12},{"not_picked":["Stack","Leap"],"picked":"Rip and Tear","floor":14},{"not_picked":["Reboot","Rainbow"],"picked":"ReplayRNGCard","floor":16},{"not_picked":["Turbo","Force Field+1"],"picked":"Conserve Battery+1","floor":18},{"not_picked":["Conserve Battery","Compile Driver+1"],"picked":"Coolheaded","floor":24},{"not_picked":["Reinforced Body","Heatsinks"],"picked":"BootSequence+1","floor":27},{"not_picked":["Steam","Panic Button"],"picked":"Rainbow","floor":29},{"not_picked":["Rebound","Coolheaded"],"picked":"Chill","floor":30}],"player_experience":498816,"relics_obtained":[{"floor":6,"key":"Mirror"},{"floor":9,"key":"ReplayTheSpireMod:TigerMarble"},{"floor":24,"key":"Omamori"},{"floor":26,"key":"Anchor"},{"floor":27,"key":"Dead Branch"}],"event_choices":[{"damage_healed":0,"gold_gain":0,"player_choice":"Take Wound","damage_taken":0,"relics_obtained":["Golden Idol"],"max_hp_gain":0,"max_hp_loss":0,"event_name":"Golden Idol","floor":3,"gold_loss":0,"cards_obtained":["Injury"]},{"damage_healed":0,"gold_gain":0,"player_choice":"Paid Gold","damage_taken":0,"relics_obtained":["Strawberry"],"max_hp_gain":0,"max_hp_loss":0,"event_name":"WeMeetAgain","floor":5,"gold_loss":50},{"cards_removed":["Defend_B"],"damage_healed":0,"gold_gain":0,"player_choice":"Gave Gold","damage_taken":0,"max_hp_gain":0,"max_hp_loss":0,"event_name":"Beggar","floor":19,"gold_loss":75},{"damage_healed":0,"gold_gain":0,"player_choice":"Gave Idol","damage_taken":0,"relics_obtained":["Bloody Idol"],"max_hp_gain":0,"max_hp_loss":0,"event_name":"Forgotten Altar","floor":21,"relics_lost":["Golden Idol"],"gold_loss":0},{"damage_healed":0,"gold_gain":0,"player_choice":"Ignored","damage_taken":0,"max_hp_gain":0,"max_hp_loss":0,"event_name":"Vampires","floor":22,"gold_loss":0},{"damage_healed":27,"gold_gain":0,"player_choice":"Heal","damage_taken":0,"max_hp_gain":0,"max_hp_loss":0,"event_name":"The Library","floor":28,"gold_loss":0}],"is_beta":false,"boss_relics":[{"not_picked":["Coffee Dripper","Runic Pyramid"],"picked":"FrozenCore"}],"items_purged_floors":[4,20],"is_endless":false,"potions_floor_spawned":[1,8,14,24,27],"killed_by":"Collector","ascension_level":9}}