{"host":"ufpbcvppfed80z13","time":1611029698,"event":{"mods":["BaseMod","Downfall","Minty Spire (QoL Compilation)","StSLib"],"gold_per_floor":[99,99,99,99,99,130,156,184,197,208,12,30,30,40,60,160,160,60,78,89,189,40,40,40,60,60,74,74,74,85,85,100,195,195,95,114,114,132,182,182,182,82,107,107,119,137,183,194,211,211,211,238,0,0,0,0,0],"floor_reached":56,"language":"ENG","playtime":3621,"items_purged":["bronze:Defend","bronze:Strike"],"score":689,"play_id":"281be3b4-985a-4973-a625-4713a8937cf1","local_time":"20210119041458","is_ascension_mode":false,"campfire_choices":[{"data":"bronze:Replicate","floor":1.0,"key":"SMITH"},{"data":"bronze:ClassDefault","floor":13.0,"key":"SMITH"},{"floor":18.0,"key":"RECALL"},{"floor":23.0,"key":"REST"},{"floor":28.0,"key":"REST"},{"floor":35.0,"key":"REST"},{"floor":42,"key":"REST"},{"floor":54,"key":"REST"}],"circlet_count":0,"master_deck":["bronze:Strike","bronze:Defend","bronze:Defend","bronze:Defend","bronze:Replicate+1","bronze:Goto","bronze:ClassDefault+1","bronze:Replicate+1","bronze:Flail","bronze:Constructor","bronze:Turbo+1","bronze:Frontload+1","bronze:ChosenStrike","bronze:Deprecate+1","expansioncontent:YouAreMine+1","bronze:Frontload+1","bronze:BronzeOrb","bronze:Separator","bronze:Shield+1","bronze:Verify","bronze:ForceShield+1","bronze:DarkDash+1","bronze:Fortify","bronze:DelayedSlice","J.A.X.+1","bronze:BuggyMess+1","bronze:DelayedGuard+1","expansioncontent:PrepareCrush+1","bronze:Virus","bronze:ChildClass+1","Pride","bronze:Iterate+1","bronze:Mutator","bronze:Iterate+1","bronze:GetLatest+1","bronze:Invalidate+1","expansioncontent:PrepareCrush+1","expansioncontent:AwakenDeath","bronze:FineTuning+1","bronze:Frontload+1","bronze:Branch","bronze:Branch","bronze:ItsAFeature","bronze:Optimize"],"relics":["bronze:BronzeCore","downfall:HeartsMalice","Toxic Egg 2","Lantern","Bird Faced Urn","Fusion Hammer","downfall:HeartBlessingGreen","MutagenicStrength","Calipers","Mercury Hourglass","bronze:ProtectiveGoggles","bronze:MakeshiftBattery","downfall:HeartBlessingRed","Ginger","downfall:HeartBlessingBlue","Vajra","Turnip","Thread and Needle","Membership Card"],"acts_visited":["Exordium","TheCity","TheBeyond","TheEnding"],"potions_floor_usage":[50,50,50,50,50,52,55,55],"damage_taken":[{"damage":0.0,"enemies":"Jaw Worm","floor":2.0,"turns":1.0},{"damage":0.0,"enemies":"Cultist","floor":4.0,"turns":1.0},{"damage":0.0,"enemies":"2 Louse","floor":5.0,"turns":1.0},{"damage":12.0,"enemies":"3 Sentries","floor":6.0,"turns":6.0},{"damage":19.0,"enemies":"Lagavulin","floor":8.0,"turns":7.0},{"damage":1.0,"enemies":"2 Fungi Beasts","floor":9.0,"turns":3.0},{"damage":0.0,"enemies":"Large Slime","floor":10.0,"turns":4.0},{"damage":0.0,"enemies":"downfall:FleeingMerchant","floor":11.0,"turns":4.0},{"damage":7.0,"enemies":"Blue Slaver","floor":12.0,"turns":4.0},{"damage":0.0,"enemies":"Large Slime","floor":14.0,"turns":4.0},{"damage":0.0,"enemies":"3 Louse","floor":15.0,"turns":3.0},{"damage":23.0,"enemies":"IC_STATUS_ARCHETYPE","floor":16.0,"turns":9.0},{"damage":28.0,"enemies":"3 Byrds","floor":19.0,"turns":6.0},{"damage":10.0,"enemies":"Chosen","floor":20.0,"turns":7.0},{"damage":15.0,"enemies":"downfall:Augmenter","floor":21.0,"turns":7.0},{"damage":0.0,"enemies":"downfall:FleeingMerchant","floor":22.0,"turns":4.0},{"damage":3.0,"enemies":"Sentry and Sphere","floor":25.0,"turns":4.0},{"damage":4.0,"enemies":"Snake Plant","floor":27.0,"turns":4.0},{"damage":3.0,"enemies":"Cultist and Chosen","floor":30.0,"turns":7.0},{"damage":0.0,"enemies":"Sentry and Sphere","floor":32.0,"turns":2.0},{"damage":20.0,"enemies":"DF_ARCHETYPE_CLAW","floor":33.0,"turns":8.0},{"damage":3.0,"enemies":"3 Shapes","floor":36.0,"turns":3.0},{"damage":0,"enemies":"Orb Walker","floor":38,"turns":3},{"damage":0,"enemies":"Orb Walker","floor":39,"turns":5},{"damage":31,"enemies":"Nemesis","floor":43,"turns":7},{"damage":6,"enemies":"Writhing Mass","floor":45,"turns":6},{"damage":3,"enemies":"Jaw Worm Horde","floor":46,"turns":1},{"damage":35,"enemies":"2 Orb Walkers","floor":47,"turns":3},{"damage":0,"enemies":"Transient","floor":48,"turns":5},{"damage":0,"enemies":"Sphere and 2 Shapes","floor":49,"turns":3},{"damage":27,"enemies":"SI_POISON_ARCHETYPE","floor":50,"turns":12},{"damage":111,"enemies":"downfall:CharBossMerchant","floor":52,"turns":10},{"damage":16,"enemies":"downfall:NeowBoss","floor":55,"turns":21},{"damage":82,"enemies":"downfall:NeowBossFinal","floor":56,"turns":8}],"seed_played":"7354186578989260749","potions_obtained":[{"floor":6.0,"key":"ColorlessPotion"},{"floor":9.0,"key":"SmokeBomb"},{"floor":10.0,"key":"hexamod:SoulburnPotion"},{"floor":15.0,"key":"Weak Potion"},{"floor":16.0,"key":"SteroidPotion"},{"floor":19.0,"key":"EntropicBrew"},{"floor":30.0,"key":"DuplicationPotion"},{"floor":38,"key":"PowerPotion"},{"floor":52,"key":"SpeedPotion"}],"is_trial":false,"path_per_floor":["R","M","?","M","M","E","T","E","M","M","$","M","R","M","M","B",null,"R","M","M","?","$","R","T","M","?","M","R","?","M","T","M","B",null,"R","M","?","M","?","?","T","R","E","?","M","M","?","M","M","B",null,"E","$","R","B","B"],"character_chosen":"THE_AUTOMATON","items_purchased":["expansioncontent:YouAreMine","bronze:Frontload+1","expansioncontent:PrepareCrush","Strength Potion","Membership Card","bronze:BurnAndBuffPotion"],"campfire_rested":5,"item_purchase_floors":[11,11,22,22,53,53],"current_hp_per_floor":[70,70,70,70,70,58,58,39,38,40,42,37,37,39,41,20,70,70,44,38,27,29,50,50,49,49,47,68,68,69,69,69,51,70,70,67,67,69,70,70,70,80,52,47,43,40,11,15,15,21,80,20,20,44,38,0,0],"gold":0,"neow_bonus":"THREE_ENEMY_KILL","is_daily":false,"chose_seed":false,"campfire_upgraded":2,"win_rate":0.0,"timestamp":1611029698,"path_taken":["R","M","?","?","M","E","T","E","M","M","$","M","R","?","M","BOSS","R","M","M","?","$","R","T","M","?","M","R","?","M","?","M","BOSS","R","M","?","M","?","?","T","R","E","?","M","M","?","M","M","BOSS","E","$","R","BOSS","BOSS"],"items_purchased_type":["Card","Card","Card","Potion","Relic","Potion"],"build_version":"2020-12-22","purchased_purges":2,"victory":false,"max_hp_per_floor":[70,70,70,70,70,70,70,70,70,70,70,70,70,70,70,70,70,70,70,70,70,70,70,70,70,70,70,70,70,70,70,70,70,70,70,70,70,70,70,70,70,80,80,80,80,80,80,80,80,80,80,80,80,80,80,80,80],"card_choices":[{"not_picked":["bronze:OilSpill","bronze:ForLoop"],"picked":"bronze:ClassDefault","floor":2.0},{"not_picked":["bronze:BitShift","bronze:FineTuning"],"picked":"bronze:Flail","floor":4.0},{"not_picked":["bronze:BuggyMess","bronze:WhirlingStrike"],"picked":"bronze:Constructor","floor":5.0},{"not_picked":["bronze:BuggyMess+1","bronze:ChosenStrike"],"picked":"bronze:Turbo+1","floor":6.0},{"not_picked":["bronze:BugBarrage","bronze:Overheat"],"picked":"bronze:Frontload+1","floor":8.0},{"not_picked":["bronze:DelayedSlice","bronze:ThunderWave"],"picked":"bronze:ChosenStrike","floor":9.0},{"not_picked":["bronze:CloningBeam","bronze:WhirlingStrike"],"picked":"bronze:Deprecate+1","floor":10.0},{"not_picked":["bronze:Backtrace","bronze:Philosophize+1","bronze:Turbo+1"],"picked":"SKIP","floor":11.0},{"not_picked":["bronze:DelayedGuard+1","bronze:FollowUp"],"picked":"bronze:BronzeOrb","floor":12.0},{"not_picked":["bronze:BronzeArmor+1","bronze:CloningBeam"],"picked":"bronze:Separator","floor":14.0},{"not_picked":["bronze:CutThrough","bronze:ForLoop+1"],"picked":"bronze:Shield+1","floor":15.0},{"not_picked":["bronze:ShipIt","bronze:Virus"],"picked":"bronze:Verify","floor":16.0},{"not_picked":["bronze:OilSpill+1","bronze:MaxOutput"],"picked":"bronze:ForceShield+1","floor":19.0},{"not_picked":["bronze:ItsAFeature+1","bronze:Frontload+1"],"picked":"bronze:DarkDash+1","floor":20.0},{"not_picked":[],"picked":"J.A.X.+1","floor":21.0},{"not_picked":["bronze:DigitalCarnage","bronze:DarkDash+1"],"picked":"bronze:BuggyMess+1","floor":21.0},{"not_picked":["bronze:WildBeam","bronze:Iterate"],"picked":"bronze:DelayedGuard+1","floor":22.0},{"not_picked":["bronze:Turbo+1","bronze:BitShift+1"],"picked":"bronze:Virus","floor":25.0},{"not_picked":["bronze:Return+1","bronze:Overload+1"],"picked":"bronze:ChildClass+1","floor":27.0},{"not_picked":["bronze:ForceShield+1","bronze:Branch"],"picked":"bronze:Iterate+1","floor":30.0},{"not_picked":["bronze:DelayedGuard+1","bronze:Philosophize+1","bronze:Separator"],"picked":"SKIP","floor":32.0},{"not_picked":["bronze:CleanCode","bronze:ShipIt"],"picked":"bronze:Mutator","floor":33.0},{"not_picked":["bronze:DigitalCarnage","bronze:Overheat"],"picked":"bronze:Iterate+1","floor":36.0},{"not_picked":["bronze:Flail","bronze:OilSpill+1"],"picked":"bronze:GetLatest+1","floor":38},{"not_picked":["bronze:Flail+1","bronze:Invalidate+1"],"picked":"bronze:BuggyMess+1","floor":39},{"not_picked":["bronze:Constructor+1","bronze:DigitalCarnage+1"],"picked":"bronze:Invalidate+1","floor":43},{"not_picked":["expansioncontent:Hexaburn","expansioncontent:Chronoboost"],"picked":"expansioncontent:PrepareCrush+1","floor":44},{"not_picked":["expansioncontent:LastStand","expansioncontent:PolyBeam"],"picked":"expansioncontent:AwakenDeath","floor":44},{"not_picked":["bronze:ClassDefault","bronze:BuggyMess+1"],"picked":"bronze:FineTuning+1","floor":45},{"not_picked":["bronze:BugBarrage","bronze:CutThrough+1"],"picked":"bronze:Frontload+1","floor":46},{"not_picked":["bronze:CleanCode","bronze:Flail"],"picked":"bronze:Branch","floor":47},{"not_picked":["bronze:Separator","bronze:DarkDash+1"],"picked":"bronze:Branch","floor":48},{"not_picked":["bronze:Constructor+1","bronze:Philosophize+1"],"picked":"bronze:ItsAFeature","floor":49},{"not_picked":["bronze:BitShift+1","bronze:Virus"],"picked":"bronze:Optimize","floor":52}],"player_experience":118997,"relics_obtained":[{"floor":6.0,"key":"Toxic Egg 2"},{"floor":7.0,"key":"Lantern"},{"floor":8.0,"key":"Bird Faced Urn"},{"floor":21.0,"key":"MutagenicStrength"},{"floor":24.0,"key":"Calipers"},{"floor":31.0,"key":"bronze:ProtectiveGoggles"},{"floor":39,"key":"Ginger"},{"floor":43,"key":"Vajra"},{"floor":47,"key":"Turnip"},{"floor":52,"key":"Thread and Needle"}],"event_choices":[{"damage_healed":0.0,"max_hp_gain":0.0,"max_hp_loss":0.0,"gold_gain":0.0,"event_name":"Addict","player_choice":"Stole Relic","floor":29.0,"gold_loss":0.0,"damage_taken":0.0,"relics_obtained":["Mercury Hourglass"],"cards_obtained":["Pride"]},{"cards_removed":["bronze:BuggyMess"],"damage_healed":0,"gold_gain":0,"player_choice":"Removed Skill","damage_taken":0,"max_hp_gain":0,"max_hp_loss":0,"event_name":"Falling","floor":40,"gold_loss":0},{"damage_healed":0,"gold_gain":0,"player_choice":"Fight","damage_taken":0,"max_hp_gain":0,"max_hp_loss":0,"event_name":"Mysterious Sphere","floor":47,"gold_loss":0}],"is_beta":false,"boss_relics":[{"not_picked":["Coffee Dripper","Snecko Eye"],"picked":"Fusion Hammer"},{"not_picked":["bronze:PlatinumCore","Velvet Choker"],"picked":"bronze:MakeshiftBattery"}],"items_purged_floors":[11,53],"is_endless":false,"potions_floor_spawned":[6,9,10,15,16,19,25,30,33,38,39,43,46,47,52],"killed_by":"downfall:NeowBossFinal","ascension_level":0}}