{"host":"mai03x2ekbjy4059","time":1611078049,"event":{"mods":["2.2 Compatiblity","BaseMod","DeckTracker","Keyboard Shortcuts","Minty Spire (QoL Compilation)","Permanent Neow","Quick Restart","SuperFastMode","everything is the same but u backflip on backflip"],"gold_per_floor":[16,35,35,55,55,81,94,124,124,135,166,178,209,284,284,381,381,394,382,382,382,382,408,35,55,137,170,170,200,211,211,211,307,307,324,324,340,355,355,386,386,296,367,378,404,404,439,449,449,449,449,449,17,48,48],"floor_reached":56,"language":"KOR","playtime":1792,"items_purged":["Writhe","Cleave+1"],"score":1506,"play_id":"2c5af830-a68a-4d95-9518-6b4b563745d0","local_time":"20210120024049","is_ascension_mode":true,"campfire_choices":[{"floor":15.0,"key":"DIG"},{"data":"Apotheosis","floor":28.0,"key":"SMITH"},{"floor":32.0,"key":"DIG"},{"floor":46,"key":"DIG"},{"floor":49,"key":"RECALL"},{"floor":52,"key":"DIG"}],"circlet_count":0,"master_deck":["Defend_R","Defend_R","Defend_R","Bash","Apotheosis+1","Headbutt","Body Slam","Ghostly Armor","Dark Embrace+1","True Grit","Feel No Pain+1","Shrug It Off","Flame Barrier","Barricade+1","Body Slam","Evolve+1","Blind","Impatience","Madness","Madness","Shrug It Off+1","Seeing Red","True Grit+1","Metallicize+1"],"relics":["Burning Blood","Frozen Egg 2","Meat on the Bone","CaptainsWheel","Shovel","Toy Ornithopter","Juzu Bracelet","Empty Cage","Happy Flower","InkBottle","PreservedInsect","Bronze Scales","Vajra","Ornamental Fan","Nunchaku","Coffee Dripper","Red Skull","Mummified Hand","Magic Flower","Potion Belt","Oddly Smooth Stone","Kunai","Letter Opener","Bag of Preparation"],"acts_visited":["Exordium","TheCity","TheBeyond","TheEnding"],"potions_floor_usage":[55,55,55],"damage_taken":[{"damage":16.0,"enemies":"Jaw Worm","floor":1.0,"turns":5.0},{"damage":5.0,"enemies":"Small Slimes","floor":2.0,"turns":4.0},{"damage":2.0,"enemies":"Cultist","floor":4.0,"turns":4.0},{"damage":20.0,"enemies":"Lagavulin","floor":6.0,"turns":6.0},{"damage":15.0,"enemies":"Looter","floor":7.0,"turns":3.0},{"damage":27.0,"enemies":"3 Sentries","floor":8.0,"turns":9.0},{"damage":12.0,"enemies":"2 Fungi Beasts","floor":10.0,"turns":4.0},{"damage":0.0,"enemies":"Gremlin Nob","floor":11.0,"turns":2.0},{"damage":6.0,"enemies":"3 Louse","floor":12.0,"turns":5.0},{"damage":5.0,"enemies":"3 Sentries","floor":13.0,"turns":9.0},{"damage":41.0,"enemies":"The Guardian","floor":16.0,"turns":16.0},{"damage":1.0,"enemies":"Shell Parasite","floor":18.0,"turns":6.0},{"damage":12.0,"enemies":"2 Thieves","floor":19.0,"turns":5.0},{"damage":27.0,"enemies":"Slavers","floor":23.0,"turns":10.0},{"damage":0.0,"enemies":"Snecko","floor":25.0,"turns":4.0},{"damage":0.0,"enemies":"Gremlin Leader","floor":27.0,"turns":4.0},{"damage":60.0,"enemies":"Slavers","floor":29.0,"turns":7.0},{"damage":6.0,"enemies":"Sentry and Sphere","floor":30.0,"turns":6.0},{"damage":3.0,"enemies":"Automaton","floor":33.0,"turns":9.0},{"damage":0.0,"enemies":"3 Shapes","floor":35.0,"turns":5.0},{"damage":23.0,"enemies":"3 Darklings","floor":37.0,"turns":4.0},{"damage":16.0,"enemies":"Spire Growth","floor":38.0,"turns":4.0},{"damage":0.0,"enemies":"Giant Head","floor":40.0,"turns":5.0},{"damage":8.0,"enemies":"Writhing Mass","floor":44.0,"turns":4.0},{"damage":14,"enemies":"Nemesis","floor":45,"turns":5},{"damage":21,"enemies":"Reptomancer","floor":47,"turns":5},{"damage":5,"enemies":"Transient","floor":48,"turns":5},{"damage":5,"enemies":"Awakened One","floor":50,"turns":6},{"damage":0,"enemies":"Shield and Spear","floor":54,"turns":4},{"damage":48,"enemies":"The Heart","floor":55,"turns":6}],"seed_played":"-2692864776408714440","potions_obtained":[{"floor":1.0,"key":"AttackPotion"},{"floor":8.0,"key":"Block Potion"},{"floor":10.0,"key":"Dexterity Potion"},{"floor":11.0,"key":"Energy Potion"},{"floor":19.0,"key":"EntropicBrew"},{"floor":37.0,"key":"Block Potion"}],"is_trial":false,"path_per_floor":["M","M","?","M","?","E","M","E","T","M","E","M","E","?","R","B",null,"M","M","?","?","?","E","$","M","T","E","R","E","M","?","R","B",null,"M","?","M","M","?","E","?","?","T","M","E","R","E","M","R","B",null,"R","$","E","B",null],"character_chosen":"IRONCLAD","items_purchased":["PreservedInsect","Bronze Scales","Letter Opener","Metallicize+1"],"campfire_rested":0,"item_purchase_floors":[24,24,53,53],"current_hp_per_floor":[70,71,71,75,75,61,52,31,31,37,55,55,56,45,45,22,80,80,74,74,74,74,64,64,70,70,76,76,34,46,46,46,49,80,80,70,53,55,55,61,51,51,51,49,53,53,59,63,63,67,80,80,80,80,59],"gold":48,"neow_bonus":"RANDOM_COLORLESS_2","is_daily":false,"chose_seed":false,"campfire_upgraded":1,"win_rate":0.0,"timestamp":1611078049,"path_taken":["M","M","?","M","?","E","M","E","T","M","E","?","E","?","R","BOSS","M","M","?","?","?","E","$","M","T","E","R","E","M","?","R","BOSS","M","?","M","M","?","E","?","?","T","M","E","R","E","M","R","BOSS","R","$","E","BOSS"],"items_purchased_type":["Relic","Relic","Relic","Card"],"build_version":"2020-12-22","purchased_purges":2,"victory":true,"max_hp_per_floor":[80,80,80,80,80,80,80,80,80,80,80,80,80,80,80,80,80,80,80,80,80,80,80,80,80,80,80,80,80,80,80,80,80,80,80,80,80,80,80,80,80,80,80,80,80,80,80,80,80,80,80,80,80,80,80],"card_choices":[{"not_picked":["Violence","Thinking Ahead"],"picked":"Apotheosis","floor":0.0},{"not_picked":["Wild Strike","Searing Blow"],"picked":"Headbutt","floor":1.0},{"not_picked":["Clash","Rage","Perfected Strike"],"picked":"SKIP","floor":2.0},{"not_picked":["Heavy Blade","Armaments"],"picked":"Body Slam","floor":4.0},{"not_picked":["Exhume","Reaper"],"picked":"Ghostly Armor","floor":6.0},{"not_picked":["Armaments","Ghostly Armor"],"picked":"Dark Embrace+1","floor":7.0},{"not_picked":["Perfected Strike","Carnage","Heavy Blade"],"picked":"SKIP","floor":8.0},{"not_picked":["Flex","Headbutt"],"picked":"True Grit","floor":10.0},{"not_picked":["Whirlwind","Sentinel"],"picked":"Feel No Pain+1","floor":11.0},{"not_picked":["Carnage","Whirlwind"],"picked":"Shrug It Off","floor":12.0},{"not_picked":["Cleave","Headbutt"],"picked":"Flame Barrier","floor":13.0},{"not_picked":["Juggernaut+1","Reaper"],"picked":"Barricade+1","floor":16.0},{"not_picked":["Warcry","Wild Strike","Clash"],"picked":"SKIP","floor":18.0},{"not_picked":["Pommel Strike","Sever Soul+1"],"picked":"Body Slam","floor":19.0},{"not_picked":["Sever Soul","Battle Trance","Carnage"],"picked":"SKIP","floor":23.0},{"not_picked":["Exhume","Bloodletting","Iron Wave"],"picked":"SKIP","floor":25.0},{"not_picked":["Feed","Havoc","Exhume"],"picked":"SKIP","floor":27.0},{"not_picked":["Inflame+1","Warcry","Anger"],"picked":"SKIP","floor":29.0},{"not_picked":["Thunderclap","Iron Wave"],"picked":"Evolve+1","floor":30.0},{"not_picked":["Flex","Sword Boomerang","Armaments"],"picked":"SKIP","floor":35.0},{"not_picked":["Dark Shackles","Enlightenment"],"picked":"Blind","floor":36.0},{"not_picked":["Trip","Dark Shackles"],"picked":"Impatience","floor":36.0},{"not_picked":["Flame Barrier","Uppercut","Warcry+1"],"picked":"SKIP","floor":37.0},{"not_picked":["Iron Wave+1","True Grit","Disarm"],"picked":"SKIP","floor":38.0},{"not_picked":["Body Slam","Warcry","Spot Weakness+1"],"picked":"SKIP","floor":40.0},{"not_picked":["Dark Embrace+1","Perfected Strike+1"],"picked":"Shrug It Off+1","floor":44.0},{"not_picked":["Rage+1","Thunderclap+1","Havoc+1"],"picked":"SKIP","floor":45},{"not_picked":["Berserk+1","Inflame+1"],"picked":"Seeing Red","floor":47},{"not_picked":["Headbutt+1","Feel No Pain+1"],"picked":"True Grit+1","floor":48},{"not_picked":["Evolve+1","Blood for Blood","Heavy Blade+1"],"picked":"SKIP","floor":54}],"player_experience":1097175,"relics_obtained":[{"floor":6.0,"key":"Frozen Egg 2"},{"floor":8.0,"key":"Meat on the Bone"},{"floor":9.0,"key":"CaptainsWheel"},{"floor":11.0,"key":"Shovel"},{"floor":13.0,"key":"Toy Ornithopter"},{"floor":15.0,"key":"Juzu Bracelet"},{"floor":23.0,"key":"InkBottle"},{"floor":27.0,"key":"Vajra"},{"floor":29.0,"key":"Ornamental Fan"},{"floor":32.0,"key":"Nunchaku"},{"floor":40.0,"key":"Red Skull"},{"floor":43.0,"key":"Mummified Hand"},{"floor":45,"key":"Magic Flower"},{"floor":46,"key":"Potion Belt"},{"floor":47,"key":"Oddly Smooth Stone"},{"floor":52,"key":"Kunai"},{"floor":54,"key":"Bag of Preparation"}],"event_choices":[{"cards_removed":["Defend_R"],"damage_healed":0.0,"max_hp_gain":0.0,"max_hp_loss":0.0,"gold_gain":0.0,"event_name":"Living Wall","player_choice":"Forget","floor":3.0,"gold_loss":0.0,"damage_taken":0.0},{"damage_healed":0.0,"max_hp_gain":0.0,"max_hp_loss":0.0,"gold_gain":0.0,"event_name":"The Woman in Blue","player_choice":"Bought 0 Potions","floor":5.0,"gold_loss":0.0,"damage_taken":0.0},{"damage_healed":0.0,"max_hp_gain":0.0,"max_hp_loss":0.0,"gold_gain":75.0,"event_name":"World of Goop","player_choice":"Gather Gold","floor":14.0,"gold_loss":0.0,"damage_taken":11.0},{"damage_healed":0.0,"max_hp_gain":0.0,"max_hp_loss":0.0,"gold_gain":0.0,"event_name":"The Mausoleum","player_choice":"Opened","floor":20.0,"gold_loss":0.0,"damage_taken":0.0,"relics_obtained":["Happy Flower"],"cards_obtained":["Writhe"]},{"damage_healed":0.0,"max_hp_gain":0.0,"max_hp_loss":0.0,"gold_gain":0.0,"event_name":"Vampires","player_choice":"Ignored","floor":21.0,"gold_loss":0.0,"damage_taken":0.0},{"damage_healed":0.0,"max_hp_gain":0.0,"max_hp_loss":0.0,"gold_gain":0.0,"event_name":"Cursed Tome","player_choice":"Ignored","floor":22.0,"gold_loss":0.0,"damage_taken":0.0},{"damage_healed":0.0,"max_hp_gain":0.0,"max_hp_loss":0.0,"gold_gain":0.0,"cards_transformed":["Strike_R","Strike_R"],"event_name":"Drug Dealer","player_choice":"Became Test Subject","floor":31.0,"gold_loss":0.0,"damage_taken":0.0,"cards_obtained":["Cleave","Feel No Pain"]},{"damage_healed":0.0,"max_hp_gain":0.0,"max_hp_loss":0.0,"gold_gain":0.0,"event_name":"SensoryStone","player_choice":"Memory 3","floor":36.0,"gold_loss":0.0,"damage_taken":10.0},{"cards_removed":["Feel No Pain"],"damage_healed":0.0,"max_hp_gain":0.0,"max_hp_loss":0.0,"gold_gain":0.0,"event_name":"Falling","player_choice":"Removed Power","floor":39.0,"gold_loss":0.0,"damage_taken":0.0},{"damage_healed":0.0,"max_hp_gain":0.0,"max_hp_loss":0.0,"gold_gain":0.0,"event_name":"Winding Halls","player_choice":"Embrace Madness","floor":41.0,"gold_loss":0.0,"damage_taken":10.0,"cards_obtained":["Madness","Madness"]},{"cards_removed":["Strike_R"],"damage_healed":0.0,"max_hp_gain":0.0,"max_hp_loss":0.0,"gold_gain":0.0,"event_name":"Designer","player_choice":"Upgrade and Remove","floor":42.0,"gold_loss":90.0,"damage_taken":0.0,"cards_upgraded":["Cleave"]}],"is_beta":false,"boss_relics":[{"not_picked":["Ectoplasm","SacredBark"],"picked":"Empty Cage"},{"not_picked":["Snecko Eye","Astrolabe"],"picked":"Coffee Dripper"}],"items_purged_floors":[24,53],"is_endless":false,"potions_floor_spawned":[1,8,10,11,19,23,30,37,38],"ascension_level":1}}