{"host":"y76x98twjnyyxs83","time":1611073681,"event":{"mods":["BaseMod","Colored Powertips","Minty Spire (QoL Compilation)","Permanent Neow","Quick Restart","Rare Cards Sparkle","Relic Stats","StSLib"],"gold_per_floor":[117,131,131,131,181,181,193,193,269,285,316,1,11,37,37,37,37],"floor_reached":16,"language":"ENG","playtime":480,"items_purged":["Strike_G"],"score":209,"play_id":"fcf324c4-92a1-47e5-ae13-a8c91aeac133","local_time":"20210120002801","is_ascension_mode":true,"campfire_choices":[{"data":"Poisoned Stab","floor":6,"key":"SMITH"},{"data":"Neutralize","floor":8,"key":"SMITH"},{"data":"Adrenaline","floor":15,"key":"SMITH"}],"circlet_count":0,"master_deck":["AscendersBane","Strike_G","Strike_G","Strike_G","Strike_G","Defend_G","Defend_G","Defend_G","Defend_G","Defend_G","Survivor","Neutralize+1","Poisoned Stab+1","Quick Slash","Dagger Throw","Heel Hook","Adrenaline+1","Night Terror","Blade Dance"],"relics":["Ring of the Snake","Dream Catcher","Ginger","Bag of Preparation","Boot"],"acts_visited":["Exordium"],"potions_floor_usage":[11,11],"damage_taken":[{"damage":0,"enemies":"Cultist","floor":1,"turns":4},{"damage":15,"enemies":"Small Slimes","floor":2,"turns":5},{"damage":0,"enemies":"Jaw Worm","floor":7,"turns":4},{"damage":6,"enemies":"Looter","floor":10,"turns":3},{"damage":17,"enemies":"3 Sentries","floor":11,"turns":9},{"damage":4,"enemies":"Lots of Slimes","floor":13,"turns":3},{"damage":6,"enemies":"Gremlin Nob","floor":14,"turns":3},{"damage":42,"enemies":"The Guardian","floor":16,"turns":7}],"seed_played":"874326002861684091","potions_obtained":[{"floor":1,"key":"Dexterity Potion"},{"floor":7,"key":"AttackPotion"},{"floor":10,"key":"Block Potion"}],"is_trial":false,"path_per_floor":["M","M","?","?","?","R","M","R","T","M","E","$","M","E","R","B"],"character_chosen":"THE_SILENT","items_purchased":["Adrenaline","Bag of Preparation"],"campfire_rested":0,"item_purchase_floors":[12,12],"current_hp_per_floor":[59,44,44,49,49,49,49,49,49,43,26,26,22,16,16,0,0],"gold":37,"neow_bonus":"RANDOM_COMMON_RELIC","is_daily":false,"chose_seed":false,"campfire_upgraded":3,"win_rate":0.0,"timestamp":1611073681,"path_taken":["M","M","?","?","?","R","M","R","T","M","E","$","M","E","R","BOSS"],"items_purchased_type":["Card","Relic"],"build_version":"2020-12-22","purchased_purges":1,"victory":false,"max_hp_per_floor":[66,66,66,71,71,71,71,71,71,71,71,71,71,71,71,71,71],"relic_stats":{"Dream Catcher":0,"counters":[8,38],"Bag of Preparation":[6],"Ginger":[2],"Boot":[8],"obtain_stats":[{"Dream Catcher":0,"Bag of Preparation":12,"Ginger":11,"Boot":14,"Ring of the Snake":0},{"Dream Catcher":0,"Bag of Preparation":5,"Ginger":5,"Boot":7,"Ring of the Snake":0},{"Dream Catcher":0,"Bag of Preparation":25,"Ginger":25,"Boot":31,"Ring of the Snake":0}],"Ring of the Snake":[16]},"card_choices":[{"not_picked":["Expertise","Backflip","Dodge and Roll"],"picked":"SKIP","floor":1},{"not_picked":["Leg Sweep","Deadly Poison"],"picked":"Poisoned Stab","floor":2},{"not_picked":["Acrobatics","Setup"],"picked":"Quick Slash","floor":7},{"not_picked":["Outmaneuver","Prepared"],"picked":"Dagger Throw","floor":10},{"not_picked":["Quick Slash","Dodge and Roll"],"picked":"Heel Hook","floor":11},{"not_picked":["Outmaneuver","Escape Plan"],"picked":"Night Terror","floor":13},{"not_picked":["Endless Agony","Poisoned Stab"],"picked":"Blade Dance","floor":14}],"player_experience":1167558,"relics_obtained":[{"floor":11,"key":"Ginger"},{"floor":14,"key":"Boot"}],"event_choices":[{"damage_healed":0,"gold_gain":0,"player_choice":"Ignored","damage_taken":0,"max_hp_gain":0,"max_hp_loss":0,"event_name":"Liars Game","floor":3,"gold_loss":0},{"damage_healed":0,"gold_gain":0,"player_choice":"Donut","damage_taken":0,"max_hp_gain":5,"max_hp_loss":0,"event_name":"Big Fish","floor":4,"gold_loss":0},{"damage_healed":0,"gold_gain":50,"player_choice":"Pray","damage_taken":0,"max_hp_gain":0,"max_hp_loss":0,"event_name":"Golden Shrine","floor":5,"gold_loss":0}],"is_beta":false,"boss_relics":[],"items_purged_floors":[12],"is_endless":false,"potions_floor_spawned":[1,7,10],"killed_by":"The Guardian","ascension_level":18}}