{"host":"3twtdwjpiqhvvn5s","time":1611081446,"event":{"mods":["AchievementEnabler","Act Like it!","Aspiration","BaseMod","BetterRewards","Colored Map","Colored Powertips","Downfall","Duelist Mod","Friendly Minions","GifTheSpireLib","Hallownest","Hermit","Hubris","Infinite Spire","Jorbs\u0027s Wanderer Trilogy","Koishi","KomeijiMod","Marisa????????","Minty Spire (QoL Compilation)","Random Character Mod","Rare Cards Sparkle","Shop Mod","StSLib","Td1madao Mod","The Administrix","The Animator","The Bug Knight","The Caster","The Cursed","The Disciple","The Hierophant","The Necromancer","The Poker Player","The Runesmith","The Servant 0.9.4","TheFirefly"],"gold_per_floor":[110,11,11,11,11,11,23,55,55,55,73,86,197,25,25,127,127,245,20,34,34,51,83,83,141,141,141,152,2,36,49,49,154,154,174,20,30,46,56,56,72,72,125,125,152,3,3,27,27,55,55],"floor_reached":50,"language":"ENG","playtime":61045,"items_purged":[],"score":587,"play_id":"4899f0ae-fbfa-4fc0-8226-7f3cf8b2cfcd","local_time":"20210119123725","daily_mods":["SealedDeck","Binary"],"is_ascension_mode":false,"campfire_choices":[{"data":"TheCursedMod:SpitefulPray","floor":6,"key":"SMITH"},{"data":"TheCursedMod:CursedBlade","floor":10,"key":"SMITH"},{"data":"TheCursedMod:SpitefulPlan","floor":15,"key":"SMITH"},{"data":"TheCursedMod:SpitefulPray","floor":24,"key":"SMITH"},{"data":"TheCursedMod:CursedBlade","floor":27,"key":"SMITH"},{"floor":32,"key":"REST"},{"data":"TheCursedMod:CursedRelics","floor":40,"key":"SMITH"},{"floor":42,"key":"REST"},{"data":"TheCursedMod:HellfireBreathing","floor":47,"key":"SMITH"},{"data":"TheCursedMod:HellfireBreathing","floor":49,"key":"SMITH"}],"circlet_count":0,"master_deck":["TheCursedMod:CursedAmulet","TheCursedMod:CursedShiv","TheCursedMod:CursedBoomerang","TheCursedMod:Wield","TheCursedMod:WearCloak","TheCursedMod:SpitefulStrike","TheCursedMod:SpitefulPray+1","TheCursedMod:Wield","TheCursedMod:HellfireBreathing+1","TheCursedMod:HellfireBreathing+1","TheCursedMod:CursedBlade+1","Hallownest:curseDreamersLament","TheCursedMod:CursedBlade+1","TheCursedMod:CursedAmulet","TheCursedMod:SpitefulPlan+1","TheCursedMod:CursedMace","TheCursedMod:SpitefulPray+1","TheCursedMod:WearCloak","TheCursedMod:CursedShiv","TheCursedMod:CursedRelics+1","TheCursedMod:CursedBlade","hubris:NaturalOne","Parasite","TheCursedMod:SpitefulPlan"],"relics":["TheCursedMod:BlackMagic101","Busted Crown","Hallownest:TeacherSealRelic","hubris:Icosahedron","Orichalcum","Ornamental Fan","aspiration:ServantSkillbook","Tiny Chest","Bottled Flame","InkBottle","HandDrill","hubris:CuriousFeather","bronze:MakeshiftBattery","HoshigumaDish","infinitespire:Midas Blood","Guardian:BottledAnomaly","infinitespire:Lucky Rock"],"acts_visited":["Hallownest:Greenpath","Hallownest:CityofTears","TheBeyond"],"potions_floor_usage":[8,11,13,23,30,33,33,33,37,45,45],"damage_taken":[{"damage":3,"enemies":"Hallownest:2_Baldur","floor":1,"turns":3},{"damage":0,"enemies":"Hallownest:monsterHuskWarrior","floor":7,"turns":2},{"damage":9,"enemies":"Hallownest:eliteMossKnight","floor":8,"turns":3},{"damage":1,"enemies":"Hallownest:2_MossCreeps","floor":11,"turns":2},{"damage":1,"enemies":"Hallownest:1_Ooma_and_2_Uuma","floor":12,"turns":2},{"damage":1,"enemies":"Hallownest:Wandering_and_Horned","floor":13,"turns":2},{"damage":16,"enemies":"Hallownest:BossBrokenVessel","floor":16,"turns":6},{"damage":1,"enemies":"Hallownest:3_Youths","floor":18,"turns":3},{"damage":11,"enemies":"Hallownest:Guard_and_Sentry","floor":20,"turns":3},{"damage":8,"enemies":"Hallownest:2_Flukemon","floor":22,"turns":3},{"damage":0,"enemies":"Hallownest:eliteWatcherKnight","floor":23,"turns":7},{"damage":8,"enemies":"Hallownest:Glutton_and_Coward","floor":25,"turns":4},{"damage":1,"enemies":"Hallownest:Warrior_and_Youth","floor":28,"turns":2},{"damage":0,"enemies":"Hallownest:eliteSoulWarrior","floor":30,"turns":3},{"damage":5,"enemies":"Hallownest:Master_and_Novice","floor":31,"turns":2},{"damage":3,"enemies":"Hallownest:BossSoulMaster","floor":33,"turns":5},{"damage":9,"enemies":"3 Shapes","floor":35,"turns":3},{"damage":1,"enemies":"3 Darklings","floor":37,"turns":3},{"damage":10,"enemies":"Maw","floor":38,"turns":5},{"damage":1,"enemies":"Transient","floor":39,"turns":5},{"damage":5,"enemies":"Writhing Mass","floor":41,"turns":3},{"damage":1,"enemies":"Giant Head","floor":45,"turns":4},{"damage":70,"enemies":"Awakened One","floor":50,"turns":7}],"seed_played":"-9069936044885970459","potions_obtained":[{"floor":7,"key":"CultistPotion"},{"floor":8,"key":"EssenceOfSteel"},{"floor":12,"key":"champ:CounterPotion"},{"floor":16,"key":"FearPotion"},{"floor":22,"key":"ColorlessPotion"},{"floor":23,"key":"BlessingOfTheForge"},{"floor":28,"key":"BlessingOfTheForge"},{"floor":31,"key":"SteroidPotion"},{"floor":35,"key":"PowerPotion"},{"floor":38,"key":"Explosive Potion"},{"floor":41,"key":"Fire Potion"}],"is_trial":true,"path_per_floor":["M","$","?","?","?","R","M","E","T","R","M","M","M","$","R","B",null,"M","$","M","?","M","E","R","M","T","R","M","$","E","M","R","B",null,"M","$","M","M","M","R","M","R","T","?","E","$","R","T","R","B"],"character_chosen":"THE_CURSED","items_purchased":["TheCursedMod:HellfireBreathing","TheCursedMod:CursedBlade","TheCursedMod:CursedBlade","TheCursedMod:CursedAmulet","TheCursedMod:SpitefulPlan","TheCursedMod:SpitefulPray","Tiny Chest","HandDrill","TheCursedMod:CursedRelics","Guardian:BottledAnomaly"],"campfire_rested":2,"item_purchase_floors":[2,2,14,14,14,19,19,29,36,46],"current_hp_per_floor":[72,72,72,72,72,72,72,63,63,63,62,61,60,60,60,59,75,74,74,63,71,63,63,63,55,55,55,54,54,54,49,71,68,75,66,66,65,55,54,54,49,71,71,71,70,70,70,70,70,0,0],"gold":55,"neow_bonus":"","is_daily":false,"chose_seed":false,"campfire_upgraded":8,"win_rate":0.0,"timestamp":1611081445,"path_taken":["M","$","?","?","?","R","M","E","T","R","M","M","M","?","R","BOSS","M","$","M","?","M","E","R","M","T","R","?","$","E","M","R","BOSS","M","$","M","M","M","R","M","R","T","?","E","$","R","?","R","BOSS"],"items_purchased_type":["Card","Card","Card","Card","Card","Card","Relic","Relic","Card","Relic"],"build_version":"2020-12-22","purchased_purges":0,"victory":false,"max_hp_per_floor":[75,75,75,75,75,75,75,75,75,75,75,75,75,75,75,75,75,75,75,75,75,75,75,75,75,75,75,75,75,75,75,75,75,75,75,75,75,75,75,75,75,75,75,75,75,75,75,75,75,75,75],"card_choices":[{"not_picked":[],"picked":"TheCursedMod:CursedMace","floor":18},{"not_picked":[],"picked":"TheCursedMod:WearCloak","floor":20},{"not_picked":["TheCursedMod:CircleOfBlood"],"picked":"SKIP","floor":22},{"not_picked":["TheCursedMod:FleshFromBone"],"picked":"SKIP","floor":23},{"not_picked":["TheCursedMod:CircleOfFlame"],"picked":"SKIP","floor":25},{"not_picked":[],"picked":"TheCursedMod:CursedShiv","floor":28},{"not_picked":["Unruled"],"picked":"SKIP","floor":30},{"not_picked":["ShatteredReality+1"],"picked":"SKIP","floor":31},{"not_picked":["Desolation+1"],"picked":"SKIP","floor":35},{"not_picked":["TheCursedMod:CircleOfFlame"],"picked":"SKIP","floor":37},{"not_picked":[],"picked":"TheCursedMod:CursedBlade","floor":38},{"not_picked":["Rearm"],"picked":"SKIP","floor":39},{"not_picked":[],"picked":"TheCursedMod:SpitefulPlan","floor":41},{"not_picked":["SoulSculpture"],"picked":"SKIP","floor":45}],"player_experience":1876429,"relics_obtained":[{"floor":8,"key":"Orichalcum"},{"floor":9,"key":"Ornamental Fan"},{"floor":23,"key":"Bottled Flame"},{"floor":26,"key":"InkBottle"},{"floor":30,"key":"hubris:CuriousFeather"},{"floor":43,"key":"HoshigumaDish"},{"floor":45,"key":"infinitespire:Midas Blood"},{"floor":48,"key":"infinitespire:Lucky Rock"}],"event_choices":[{"cards_removed":["TheCursedMod:Grudge"],"damage_healed":0,"gold_gain":0,"player_choice":"Card Removal","damage_taken":0,"max_hp_gain":0,"max_hp_loss":0,"event_name":"Wheel of Change","floor":44,"gold_loss":0}],"is_beta":false,"boss_relics":[{"not_picked":["hubris:CrackedHourglass","SlaversCollar"],"picked":"aspiration:ServantSkillbook"},{"not_picked":["expansioncontent:StudyCardRelic","Velvet Choker"],"picked":"bronze:MakeshiftBattery"}],"items_purged_floors":[],"is_endless":false,"potions_floor_spawned":[7,8,12,16,22,23,28,31,35,38,41],"killed_by":"Awakened One","ascension_level":0}}