{"host":"hszimsrtxxc2k25w","time":1611087884,"event":{"mods":["AchievementEnabler","BaseMod","Colored Map","DeckTracker","Minty Spire (QoL Compilation)","Rare Cards Sparkle","SuperFastMode"],"gold_per_floor":[110,110,110,110,127,127,145,176,176,188,199,199,96,112,112,189,189,202,45,64,64,64,64],"floor_reached":22,"language":"KOR","playtime":496,"items_purged":["Strike_G","Defend_G"],"score":448,"play_id":"80abe722-9dc3-4c60-a560-2ffa90924b95","local_time":"20210120052444","is_ascension_mode":true,"campfire_choices":[{"floor":6,"key":"REST"},{"floor":12,"key":"REST"},{"data":"Cloak And Dagger","floor":15,"key":"SMITH"}],"circlet_count":0,"master_deck":["AscendersBane","Strike_G+1","Defend_G","Defend_G","Defend_G","Survivor","Neutralize","Poisoned Stab+1","Finisher","Blade Dance","Grand Finale","Choke","Cloak And Dagger+1","Accuracy","Adrenaline","Prepared"],"relics":["Ring of the Snake","Kunai","Darkstone Periapt","Thread and Needle","Empty Cage","Enchiridion"],"acts_visited":["Exordium","TheCity"],"potions_floor_usage":[10,16,16],"damage_taken":[{"damage":0,"enemies":"2 Louse","floor":1,"turns":5},{"damage":0,"enemies":"Jaw Worm","floor":5,"turns":4},{"damage":6,"enemies":"Cultist","floor":7,"turns":4},{"damage":33,"enemies":"Gremlin Nob","floor":8,"turns":4},{"damage":2,"enemies":"Exordium Thugs","floor":10,"turns":2},{"damage":0,"enemies":"Looter","floor":11,"turns":3},{"damage":9,"enemies":"3 Louse","floor":14,"turns":4},{"damage":0,"enemies":"Hexaghost","floor":16,"turns":9},{"damage":7,"enemies":"Spheric Guardian","floor":18,"turns":3},{"damage":19,"enemies":"Chosen","floor":20,"turns":4},{"damage":14,"enemies":"Snecko","floor":22,"turns":2}],"seed_played":"7033175801126289013","potions_obtained":[{"floor":5,"key":"Explosive Potion"},{"floor":10,"key":"EssenceOfSteel"},{"floor":14,"key":"Energy Potion"}],"is_trial":false,"path_per_floor":["M","?","?","?","M","R","M","E","T","M","M","R","$","M","R","B",null,"M","$","M","?","M"],"character_chosen":"THE_SILENT","items_purchased":["Cloak And Dagger","Prepared"],"campfire_rested":2,"item_purchase_floors":[13,19],"current_hp_per_floor":[59,54,34,34,34,53,47,14,14,12,12,31,31,22,22,22,55,48,48,29,8,0,0],"gold":64,"neow_bonus":"REMOVE_CARD","is_daily":false,"chose_seed":false,"campfire_upgraded":1,"win_rate":0.0,"timestamp":1611087884,"path_taken":["M","?","?","?","M","R","?","E","T","M","M","R","$","M","R","BOSS","M","$","M","?","M"],"items_purchased_type":["Card","Card"],"build_version":"2020-12-22","purchased_purges":2,"victory":false,"max_hp_per_floor":[66,66,66,66,66,66,66,66,66,66,66,66,66,66,66,66,66,66,66,66,66,66,66],"card_choices":[{"not_picked":["Outmaneuver","Slice"],"picked":"Poisoned Stab","floor":1},{"not_picked":["Slice","PiercingWail"],"picked":"Finisher","floor":5},{"not_picked":["Masterful Stab","Acrobatics"],"picked":"Blade Dance","floor":7},{"not_picked":["Dodge and Roll","Outmaneuver","Dagger Spray"],"picked":"SKIP","floor":8},{"not_picked":["Outmaneuver","Slice"],"picked":"Grand Finale","floor":10},{"not_picked":["Dagger Spray","Underhanded Strike"],"picked":"Choke","floor":11},{"not_picked":["Crippling Poison","Predator"],"picked":"Accuracy","floor":14},{"not_picked":["Wraith Form v2","Die Die Die"],"picked":"Adrenaline","floor":16},{"not_picked":["Dagger Spray","Concentrate","Flying Knee"],"picked":"SKIP","floor":18},{"not_picked":["Bane","All Out Attack","Dagger Throw+1"],"picked":"SKIP","floor":20}],"player_experience":624701,"relics_obtained":[{"floor":8,"key":"Darkstone Periapt"},{"floor":9,"key":"Thread and Needle"},{"floor":21,"key":"Enchiridion"}],"event_choices":[{"damage_healed":0,"gold_gain":0,"player_choice":"Success","damage_taken":5,"relics_obtained":["Kunai"],"max_hp_gain":0,"max_hp_loss":0,"event_name":"Scrap Ooze","floor":2,"gold_loss":0},{"damage_healed":0,"gold_gain":0,"player_choice":"Entered Light","damage_taken":20,"max_hp_gain":0,"max_hp_loss":0,"event_name":"Shining Light","floor":3,"gold_loss":0,"cards_upgraded":["Strike_G","Poisoned Stab"]},{"cards_removed":["Strike_G"],"damage_healed":0,"gold_gain":0,"player_choice":"Purged","damage_taken":0,"max_hp_gain":0,"max_hp_loss":0,"event_name":"Purifier","floor":4,"gold_loss":0},{"damage_healed":0,"gold_gain":0,"player_choice":"Obtained Book","damage_taken":21,"max_hp_gain":0,"max_hp_loss":0,"event_name":"Cursed Tome","floor":21,"gold_loss":0}],"is_beta":false,"boss_relics":[{"not_picked":["Coffee Dripper","Philosopher\u0027s Stone"],"picked":"Empty Cage"}],"items_purged_floors":[13,19],"is_endless":false,"potions_floor_spawned":[5,10,14],"killed_by":"Snecko","ascension_level":18}}