{"host":"z4nt7tdd4gjrinn7","time":1611085761,"event":{"mods":["100% Spire Juice","BaseMod","Minty Spire (QoL Compilation)","StSLib"],"gold_per_floor":[113,113,113,127,127,161,161,15,39,55,76,97,121,44,44,173,236,255,255,101,200,211,211,222,137,163,163,177,177,177],"floor_reached":29,"language":"ENG","playtime":1417,"items_purged":[],"score":250,"play_id":"b62bbdb9-2ee3-4ec6-b328-09c697b05c04","local_time":"20210119144921","is_ascension_mode":false,"campfire_choices":[{"data":"Deadly Poison","floor":7,"key":"SMITH"},{"floor":15,"key":"REST"},{"floor":23,"key":"REST"},{"data":"Terror","floor":27,"key":"SMITH"}],"circlet_count":0,"master_deck":["Strike_G","Strike_G","Strike_G","Strike_G","Strike_G","Defend_G","Defend_G","Defend_G","Defend_G","Defend_G+1","Survivor","Neutralize","Deadly Poison+1","Blade Dance","Injury","Outmaneuver","Terror+1","Bouncing Flask","Blade Dance","Outmaneuver","Corpse Explosion","Venomology","Catalyst","Distraction+1","Deflect+1","Bane","PiercingWail"],"relics":["Ring of the Snake","NeowsBlessing","Bloody Idol","Gremlin Horn","Strawberry","Lantern","Tiny House","Ancient Tea Set","Oddly Smooth Stone","Nunchaku"],"acts_visited":["Exordium","TheCity"],"potions_floor_usage":[16,18,22,24,28,28,29,29],"damage_taken":[{"damage":0,"enemies":"Jaw Worm","floor":1,"turns":1},{"damage":0,"enemies":"Small Slimes","floor":4,"turns":1},{"damage":0,"enemies":"Gremlin Nob","floor":6,"turns":1},{"damage":0,"enemies":"2 Louse","floor":10,"turns":2},{"damage":2,"enemies":"Blue Slaver","floor":11,"turns":4},{"damage":4,"enemies":"Red Slaver","floor":12,"turns":3},{"damage":17,"enemies":"Large Slime","floor":13,"turns":4},{"damage":21,"enemies":"The Guardian","floor":16,"turns":9},{"damage":13,"enemies":"Shell Parasite","floor":18,"turns":7},{"damage":25,"enemies":"2 Thieves","floor":22,"turns":3},{"damage":9,"enemies":"3 Cultists","floor":24,"turns":3},{"damage":15,"enemies":"Snake Plant","floor":28,"turns":3},{"damage":72,"enemies":"Slavers","floor":29,"turns":6}],"seed_played":"-8125768692620346056","potions_obtained":[{"floor":1,"key":"CunningPotion"},{"floor":4,"key":"DistilledChaos"},{"floor":12,"key":"GhostInAJar"},{"floor":17,"key":"Block Potion"},{"floor":18,"key":"LiquidMemories"}],"is_trial":false,"path_per_floor":["M","?","?","M","?","E","R","$","T","M","M","M","M","$","R","B",null,"M","?","$","?","M","R","M","?","T","R","M","E"],"character_chosen":"THE_SILENT","items_purchased":["Strawberry","Corpse Explosion","Ancient Tea Set"],"campfire_rested":2,"item_purchase_floors":[8,14,20],"current_hp_per_floor":[70,70,70,70,70,70,70,77,77,77,75,71,54,54,77,56,82,69,69,69,74,59,82,78,78,82,82,72,0,0],"gold":177,"neow_bonus":"THREE_ENEMY_KILL","is_daily":false,"chose_seed":false,"campfire_upgraded":2,"win_rate":0.0,"timestamp":1611085761,"path_taken":["M","?","?","M","?","E","R","?","T","M","M","M","?","$","R","BOSS","M","?","$","?","M","R","M","?","T","R","M","E"],"items_purchased_type":["Relic","Card","Relic"],"build_version":"2020-12-22","purchased_purges":0,"victory":false,"max_hp_per_floor":[70,70,70,70,70,70,70,77,77,77,77,77,77,77,77,77,82,82,82,82,82,82,82,82,82,82,82,82,82,82],"card_choices":[{"not_picked":["Tactician","Heel Hook"],"picked":"Deadly Poison","floor":1},{"not_picked":["Dash","Predator"],"picked":"Blade Dance","floor":4},{"not_picked":["Acrobatics","Deadly Poison"],"picked":"Outmaneuver","floor":6},{"not_picked":["Outmaneuver","Deadly Poison"],"picked":"Terror","floor":10},{"not_picked":["Expertise","Footwork"],"picked":"Bouncing Flask","floor":11},{"not_picked":["Skewer","Dagger Spray"],"picked":"Blade Dance","floor":12},{"not_picked":["Backflip","Heel Hook"],"picked":"Outmaneuver","floor":13},{"not_picked":["Storm of Steel","Tools of the Trade"],"picked":"Venomology","floor":16},{"not_picked":["Outmaneuver","Distraction"],"picked":"Catalyst","floor":17},{"not_picked":["Dagger Throw+1","Outmaneuver"],"picked":"Distraction+1","floor":18},{"not_picked":["Underhanded Strike","Dagger Throw"],"picked":"Deflect+1","floor":22},{"not_picked":["Predator","PiercingWail"],"picked":"Bane","floor":24},{"not_picked":["Heel Hook","Finisher"],"picked":"PiercingWail","floor":28}],"player_experience":116836,"relics_obtained":[{"floor":6,"key":"Gremlin Horn"},{"floor":9,"key":"Lantern"},{"floor":26,"key":"Nunchaku"}],"event_choices":[{"damage_healed":0,"gold_gain":0,"player_choice":"Ignored","damage_taken":0,"max_hp_gain":0,"max_hp_loss":0,"event_name":"Liars Game","floor":2,"gold_loss":0},{"damage_healed":0,"gold_gain":0,"player_choice":"Ignored","damage_taken":0,"max_hp_gain":0,"max_hp_loss":0,"event_name":"Golden Wing","floor":3,"gold_loss":0},{"damage_healed":0,"gold_gain":0,"player_choice":"Take Wound","damage_taken":0,"relics_obtained":["Golden Idol"],"max_hp_gain":0,"max_hp_loss":0,"event_name":"Golden Idol","floor":5,"gold_loss":0,"cards_obtained":["Injury"]},{"damage_healed":0,"gold_gain":0,"player_choice":"Gave Idol","damage_taken":0,"relics_obtained":["Bloody Idol"],"max_hp_gain":0,"max_hp_loss":0,"event_name":"Forgotten Altar","floor":19,"relics_lost":["Golden Idol"],"gold_loss":0},{"damage_healed":0,"gold_gain":99,"player_choice":"Stole From Cult","damage_taken":0,"max_hp_gain":0,"max_hp_loss":0,"event_name":"Nest","floor":21,"gold_loss":0},{"damage_healed":0,"gold_gain":0,"player_choice":"Obtained Relic","damage_taken":0,"relics_obtained":["Oddly Smooth Stone"],"max_hp_gain":0,"max_hp_loss":0,"event_name":"Addict","floor":25,"gold_loss":85}],"is_beta":false,"boss_relics":[{"not_picked":["Busted Crown","Snecko Eye"],"picked":"Tiny House"}],"items_purged_floors":[],"is_endless":false,"potions_floor_spawned":[1,4,12,18,22],"killed_by":"Slavers","ascension_level":0}}