{"host":"u9xtr94typ21duox","time":1611017116,"event":{"mods":["BaseMod","Key Reminder","KinomotoSakuraMod(ƒæ÷Æ±æ”£)","LagranYue(¿≠∏Ò¿ °§‘¬)","Marisa£®ÏF”Í°°ƒß¿Ì…≥£©","Minty Spire (QoL Compilation)","Reimu£®≤©¿ˆ¡È√Œ£©","Replay The Spire","StSLib","Td1madao Mod","The Administrix","The Bladedancer","The Bug Knight","The Construct","The Cursed","The Gatherer","The Runesmith","The Servant 0.9.4","WarShipGirlsR/’ΩΩ¢…Ÿ≈ÆR mod","Youmu£®ªÍ∆«—˝√Œ£©","vexMod"],"gold_per_floor":[360,435,435,62,77,77,77],"floor_reached":6,"language":"ZHS","playtime":331,"items_purged":[],"score":37,"play_id":"206092da-dda5-473e-b25f-0fc3a24b6d9e","local_time":"20210119084516","is_ascension_mode":true,"campfire_choices":[],"circlet_count":0,"master_deck":["Strike_R","Strike_R","Strike_R","Strike_R","Strike_R","Defend_R","Defend_R","Defend_R","Defend_R","Bash","Rampage","Warcry"],"relics":["Burning Blood","LagranYue:RandomDrawCardRelic","Pen Nib","PureWhite:ReiMu"],"acts_visited":["Exordium"],"potions_floor_usage":[],"damage_taken":[{"damage":4,"enemies":"Small Slimes","floor":1,"turns":4},{"damage":7,"enemies":"2 Louse","floor":5,"turns":3},{"damage":25,"enemies":"3 Sentries","floor":6,"turns":6}],"seed_played":"8769094106823494883","potions_obtained":[{"floor":5,"key":"Doom Potion"}],"is_trial":false,"path_per_floor":["M","?","?","$","M","E"],"character_chosen":"IRONCLAD","items_purchased":["Rampage","PureWhite:ReiMu"],"campfire_rested":0,"item_purchase_floors":[4,4],"current_hp_per_floor":[58,47,22,22,21,0,0],"gold":77,"neow_bonus":"TWO_FIFTY_GOLD","is_daily":false,"chose_seed":false,"campfire_upgraded":0,"win_rate":0.0,"timestamp":1611017116,"path_taken":["M","?","?","$","M","E"],"items_purchased_type":["Card","Relic"],"build_version":"2020-12-22","purchased_purges":0,"victory":false,"max_hp_per_floor":[80,80,80,80,80,80,80],"card_choices":[{"not_picked":["Clothesline","Headbutt","Reckless Charge"],"picked":"SKIP","floor":1},{"not_picked":["ReplayTheSpireMod:Strike From Hell","True Grit"],"picked":"Warcry","floor":5}],"player_experience":314301,"relics_obtained":[],"event_choices":[{"damage_healed":0,"gold_gain":75,"player_choice":"Gather Gold","damage_taken":11,"max_hp_gain":0,"max_hp_loss":0,"event_name":"World of Goop","floor":2,"gold_loss":0},{"damage_healed":0,"gold_gain":0,"player_choice":"Success","damage_taken":25,"relics_obtained":["Pen Nib"],"max_hp_gain":0,"max_hp_loss":0,"event_name":"Scrap Ooze","floor":3,"gold_loss":0}],"is_beta":false,"boss_relics":[],"items_purged_floors":[],"is_endless":false,"potions_floor_spawned":[5],"killed_by":"3 Sentries","ascension_level":2}}