{"host":"xh3brefae6wm9kl8","time":1611073992,"event":{"mods":["AchievementEnabler","BaseMod","GifTheSpireLib","Keyboard Shortcuts","Minty Spire (QoL Compilation)","Permanent Neow","Relic Stats","StSLib","SuperFastMode"],"gold_per_floor":[18,18,28,48,67,101,116,116,116,135,135,135],"floor_reached":11,"language":"KOR","playtime":489,"items_purged":[],"score":154,"play_id":"ea858fbb-b230-484a-913a-17ede8b4c829","local_time":"20210120013312","is_ascension_mode":true,"campfire_choices":[{"floor":8,"key":"REST"}],"circlet_count":0,"master_deck":["AscendersBane","Strike_G","Strike_G","Strike_G","Strike_G","Strike_G","Defend_G","Defend_G","Defend_G","Defend_G","Defend_G","Survivor","Neutralize","Dagger Throw","Dash","Quick Slash","Backflip","Footwork","Well Laid Plans"],"relics":["Ring of the Snake","Dream Catcher","Potion Belt","Pantograph"],"acts_visited":["Exordium"],"potions_floor_usage":[6,6,11],"damage_taken":[{"damage":14,"enemies":"Jaw Worm","floor":1,"turns":8},{"damage":0,"enemies":"Cultist","floor":3,"turns":4},{"damage":0,"enemies":"2 Louse","floor":4,"turns":3},{"damage":1,"enemies":"Exordium Wildlife","floor":5,"turns":3},{"damage":20,"enemies":"3 Sentries","floor":6,"turns":8},{"damage":8,"enemies":"Lots of Slimes","floor":7,"turns":6},{"damage":1,"enemies":"Looter","floor":10,"turns":3},{"damage":50,"enemies":"Lagavulin","floor":11,"turns":10}],"seed_played":"-2220962678547611216","potions_obtained":[{"floor":4,"key":"Swift Potion"},{"floor":5,"key":"BlessingOfTheForge"},{"floor":7,"key":"Regen Potion"}],"is_trial":false,"path_per_floor":["M","?","M","M","M","E","M","R","T","M","E"],"character_chosen":"THE_SILENT","items_purchased":[],"campfire_rested":1,"item_purchase_floors":[],"current_hp_per_floor":[45,45,45,45,44,24,16,35,35,34,0,0],"gold":135,"neow_bonus":"RANDOM_COLORLESS_2","is_daily":false,"chose_seed":false,"campfire_upgraded":0,"win_rate":0.0,"timestamp":1611073992,"path_taken":["M","?","M","?","M","E","M","R","T","M","E"],"items_purchased_type":[],"build_version":"2020-12-22","purchased_purges":0,"victory":false,"max_hp_per_floor":[66,66,66,66,66,66,66,66,66,66,66,66],"relic_stats":{"Dream Catcher":1,"counters":[8,45],"Pantograph":0,"obtain_stats":[{"Potion Belt":6,"Dream Catcher":2,"Pantograph":9,"Ring of the Snake":0},{"Potion Belt":5,"Dream Catcher":1,"Pantograph":6,"Ring of the Snake":0},{"Potion Belt":26,"Dream Catcher":8,"Pantograph":32,"Ring of the Snake":0}],"Ring of the Snake":[16]},"card_choices":[{"not_picked":["Secret Technique","Violence"],"picked":"Sadistic Nature","floor":0},{"not_picked":["Endless Agony","Finisher","Bane"],"picked":"SKIP","floor":1},{"not_picked":["Backflip","Quick Slash"],"picked":"Dagger Throw","floor":3},{"not_picked":["Acrobatics","Quick Slash"],"picked":"Dash","floor":4},{"not_picked":["Deflect","Sucker Punch"],"picked":"Quick Slash","floor":5},{"not_picked":["Bane","Catalyst"],"picked":"Backflip","floor":6},{"not_picked":["Blur","Blade Dance"],"picked":"Footwork","floor":7},{"not_picked":["Slice","Backstab"],"picked":"Well Laid Plans","floor":10}],"player_experience":424061,"relics_obtained":[{"floor":6,"key":"Potion Belt"},{"floor":9,"key":"Pantograph"}],"event_choices":[{"cards_removed":["Sadistic Nature"],"damage_healed":0,"gold_gain":0,"player_choice":"Gave Card","damage_taken":0,"relics_obtained":["Dream Catcher"],"max_hp_gain":0,"max_hp_loss":0,"event_name":"WeMeetAgain","floor":2,"gold_loss":0}],"is_beta":false,"boss_relics":[],"items_purged_floors":[],"is_endless":false,"potions_floor_spawned":[4,5,7],"killed_by":"Lagavulin","ascension_level":20}}