{"host":"lnt5dzsuhru0aonl","time":1611048523,"event":{"mods":["2.2 Compatiblity","BaseMod","Colored Map","Colored Powertips","DeckTracker","Keyboard Shortcuts","Minty Spire (QoL Compilation)","Permanent Neow","StSLib","SuperFastMode","everything is the same but u backflip on backflip"],"gold_per_floor":[119,144,41,41,63,63,63,63,118,160,189,27,47,47,47,47,47],"floor_reached":16,"language":"KOR","playtime":394,"items_purged":["Strike_B"],"score":196,"play_id":"e9b4d631-7fec-48f9-8052-457a8cf9d37c","local_time":"20210119182843","is_ascension_mode":true,"campfire_choices":[{"data":"Zap","floor":6,"key":"SMITH"},{"data":"Dualcast","floor":8,"key":"SMITH"},{"data":"Reboot","floor":15,"key":"SMITH"}],"circlet_count":0,"master_deck":["AscendersBane","Strike_B","Strike_B","Defend_B","Defend_B","Defend_B","Defend_B","Zap+1","Dualcast+1","Conserve Battery","Static Discharge","Sweeping Beam","Hologram","Reboot+1","Self Repair","Coolheaded","Turbo","Skim"],"relics":["Cracked Core","Gambling Chip","CeramicFish","Mummified Hand","MealTicket","Art of War","Blue Candle"],"acts_visited":["Exordium"],"potions_floor_usage":[10,16],"damage_taken":[{"damage":1,"enemies":"Cultist","floor":1,"turns":3},{"damage":4,"enemies":"Small Slimes","floor":5,"turns":3},{"damage":27,"enemies":"3 Sentries","floor":10,"turns":9},{"damage":0,"enemies":"2 Louse","floor":11,"turns":2},{"damage":4,"enemies":"Red Slaver","floor":13,"turns":3},{"damage":46,"enemies":"Slime Boss","floor":16,"turns":7}],"seed_played":"486621502154430141","potions_obtained":[{"floor":1,"key":"Dexterity Potion"},{"floor":5,"key":"EssenceOfSteel"},{"floor":13,"key":"Swift Potion"}],"is_trial":false,"path_per_floor":["M","T","$","?","M","R","?","R","T","E","M","$","M","?","R","B"],"character_chosen":"DEFECT","items_purchased":["Static Discharge","Self Repair","Coolheaded","Turbo"],"campfire_rested":0,"item_purchase_floors":[3,12,12,12],"current_hp_per_floor":[63,63,63,63,59,59,59,59,59,32,32,47,50,43,43,0,0],"gold":47,"neow_bonus":"ONE_RARE_RELIC","is_daily":false,"chose_seed":false,"campfire_upgraded":3,"win_rate":0.0,"timestamp":1611048523,"path_taken":["M","?","$","?","?","R","?","R","T","E","?","$","M","?","R","BOSS"],"items_purchased_type":["Card","Card","Card","Card"],"build_version":"2020-12-22","purchased_purges":1,"victory":false,"max_hp_per_floor":[64,64,64,64,64,64,64,64,64,64,64,64,64,64,64,64,64],"card_choices":[{"not_picked":["Rebound","Steam Power"],"picked":"Conserve Battery","floor":1},{"not_picked":["Gash","Streamline"],"picked":"Sweeping Beam","floor":5},{"not_picked":["Streamline","Rip and Tear"],"picked":"Hologram","floor":10},{"not_picked":["Rebound","Rip and Tear"],"picked":"Reboot","floor":11},{"not_picked":["Gash","Leap"],"picked":"Skim","floor":13}],"player_experience":694199,"relics_obtained":[{"floor":2,"key":"CeramicFish"},{"floor":4,"key":"Mummified Hand"},{"floor":9,"key":"Art of War"},{"floor":10,"key":"Blue Candle"}],"event_choices":[{"damage_healed":0,"gold_gain":0,"player_choice":"Relic","damage_taken":0,"max_hp_gain":0,"max_hp_loss":0,"event_name":"Wheel of Change","floor":4,"gold_loss":0},{"damage_healed":0,"gold_gain":0,"player_choice":"Gave Potion","damage_taken":0,"relics_obtained":["MealTicket"],"max_hp_gain":0,"max_hp_loss":0,"event_name":"WeMeetAgain","floor":7,"gold_loss":0},{"cards_removed":["Strike_B"],"damage_healed":0,"gold_gain":0,"player_choice":"Card Removal","damage_taken":7,"max_hp_gain":0,"max_hp_loss":0,"event_name":"Golden Wing","floor":14,"gold_loss":0}],"is_beta":false,"boss_relics":[],"items_purged_floors":[3],"is_endless":false,"potions_floor_spawned":[1,5,13],"killed_by":"Slime Boss","ascension_level":20}}