{"host":"h5mpg8xef8fl8s1y","time":1611096637,"event":{"mods":["100% Spire Juice","AchievementEnabler","BaseMod","Bestiary","Block Reminder","CapriCore","Colored Map","Colored Powertips","Curses Come First","Dark Map","Displayed Cursed Tome","Googly Eyes","Koishi","Marisa????????","Minty Spire (QoL Compilation)","Permanent Neow","Quick Restart","Random Character Button","Rare Cards Sparkle","Reimu??????","Relic Stats","Remilia??????","StSLib","Starting Relic: Pandora\u0027s Box","The Immortal","The Marked","The Senshi","The Servant 0.9.4","TheVelvet","Waifu the Spire","Yakumo Yukari mod","Yuyuko","everything is the same but u backflip on backflip"],"gold_per_floor":[112,112,112,187,187,199,199,216,242,242,256,286,286,461,461,461,461],"floor_reached":16,"language":"ENG","playtime":745,"items_purged":[],"score":103,"play_id":"02842fbe-4184-41be-b1c4-3f131e5e5d2c","local_time":"20210119175037","is_ascension_mode":true,"campfire_choices":[{"data":"theSenshi:ChibiMoonsLove","floor":7,"key":"SMITH"},{"data":"theSenshi:SailorMercuryAssists","floor":10,"key":"SMITH"},{"data":"theSenshi:CrisisMakeUp","floor":13,"key":"SMITH"},{"floor":15,"key":"REST"}],"circlet_count":0,"master_deck":["theSenshi:RoseThrow","theSenshi:MoonPrismPowerMakeUp","theSenshi:SailorMarsAssists","theSenshi:MoonPower","theSenshi:SailorV","theSenshi:SailorStarFighterAssists","theSenshi:TuxedoMaskAssists","theSenshi:SaturnsMystery+1","theSenshi:SailorV","theSenshi:MoonTwilightFlash","theSenshi:Sidestep","theSenshi:ChibiMoonsLove+1","theSenshi:SailorMercuryAssists+1","theSenshi:EncouragingSpeech","theSenshi:CrisisMakeUp+1","Doubt"],"relics":["theSenshi:TransformationBroochRelic","theSenshi:CosmicHeartCompactRelic","Bag of Preparation"],"acts_visited":["Exordium"],"potions_floor_usage":[16,16,16],"damage_taken":[{"damage":0,"enemies":"Small Slimes","floor":1,"turns":2},{"damage":5,"enemies":"2 Louse","floor":6,"turns":2},{"damage":1,"enemies":"Cultist","floor":8,"turns":4},{"damage":0,"enemies":"3 Louse","floor":11,"turns":2},{"damage":42,"enemies":"Gremlin Nob","floor":12,"turns":6},{"damage":107,"enemies":"Hexaghost","floor":16,"turns":12}],"seed_played":"-3769085869912292566","potions_obtained":[{"floor":8,"key":"Fire Potion"},{"floor":11,"key":"EssenceOfSteel"},{"floor":12,"key":"Block Potion"}],"is_trial":false,"path_per_floor":["M","?","$","?","?","M","R","M","T","R","M","E","R","?","R","B"],"character_chosen":"THE_SENSHI","items_purchased":[],"campfire_rested":1,"item_purchase_floors":[],"current_hp_per_floor":[82,82,82,82,82,77,77,81,81,81,81,39,39,39,63,0,0],"gold":461,"neow_bonus":"TEN_PERCENT_HP_BONUS","is_daily":false,"chose_seed":false,"campfire_upgraded":3,"win_rate":0.0,"timestamp":1611096637,"path_taken":["M","?","$","?","?","?","R","M","T","R","M","E","R","?","R","BOSS"],"items_purchased_type":[],"build_version":"2020-12-22","purchased_purges":0,"victory":false,"max_hp_per_floor":[82,82,82,82,82,82,82,82,82,82,82,82,82,82,82,82,82],"relic_stats":{"counters":[6,28],"Bag of Preparation":[2],"obtain_stats":[{"theSenshi:TransformationBroochRelic":0,"Bag of Preparation":12,"theSenshi:CosmicHeartCompactRelic":9},{"theSenshi:TransformationBroochRelic":0,"Bag of Preparation":5,"theSenshi:CosmicHeartCompactRelic":3},{"theSenshi:TransformationBroochRelic":0,"Bag of Preparation":16,"theSenshi:CosmicHeartCompactRelic":8}]},"card_choices":[{"not_picked":["theSenshi:SupersonicWaves","theSenshi:SailorMarsAssists"],"picked":"theSenshi:Sidestep","floor":1},{"not_picked":["theSenshi:OdangoHead","theSenshi:SupersonicWaves"],"picked":"theSenshi:SailorMercuryAssists","floor":6},{"not_picked":["theSenshi:DramaticEntrance","theSenshi:OdangoHead","theSenshi:SailorMercuryAssists"],"picked":"SKIP","floor":8},{"not_picked":["theSenshi:LunasBite","theSenshi:KlutzyLuck"],"picked":"theSenshi:EncouragingSpeech","floor":11},{"not_picked":["theSenshi:LunasBite","theSenshi:SaturnsMystery"],"picked":"theSenshi:CrisisMakeUp","floor":12}],"player_experience":256706,"relics_obtained":[{"floor":9,"key":"theSenshi:CosmicHeartCompactRelic"},{"floor":12,"key":"Bag of Preparation"}],"event_choices":[{"damage_healed":0,"gold_gain":0,"player_choice":"Grow","damage_taken":0,"max_hp_gain":0,"max_hp_loss":0,"event_name":"Living Wall","floor":2,"gold_loss":0,"cards_upgraded":["theSenshi:SaturnsMystery"]},{"damage_healed":0,"gold_gain":75,"player_choice":"Gained Gold","damage_taken":0,"max_hp_gain":0,"max_hp_loss":0,"event_name":"Golden Wing","floor":4,"gold_loss":0},{"damage_healed":0,"gold_gain":0,"player_choice":"1 cards matched","damage_taken":0,"max_hp_gain":0,"max_hp_loss":0,"event_name":"Match and Keep!","floor":5,"gold_loss":0,"cards_obtained":["theSenshi:ChibiMoonsLove"]},{"damage_healed":0,"gold_gain":175,"player_choice":"AGREE","damage_taken":0,"max_hp_gain":0,"max_hp_loss":0,"event_name":"Liars Game","floor":14,"gold_loss":0,"cards_obtained":["Doubt"]}],"is_beta":false,"boss_relics":[],"items_purged_floors":[],"is_endless":false,"potions_floor_spawned":[8,11,12],"killed_by":"Hexaghost","ascension_level":1}}