{"host":"q6ff4ns2kep02ti6","time":1611092475,"event":{"mods":["AchievementEnabler","BaseMod","Minty Spire (QoL Compilation)","Relic Stats","StSLib","Unceasing Turn Reminder"],"gold_per_floor":[218,228,22,41,41,41,74,74,125,153,170,170,200,200,200,276,326,341,41,53,53,71,105,105,148,223,223,242,257,273,288,288,375,375,392,405,405,422,435,435,477,43,43,43,62,80,126,126,126],"floor_reached":48,"language":"ENG","playtime":4457,"items_purged":["Strike_R","Strike_R"],"score":1048,"play_id":"6f0abf14-4607-4918-bd86-eb9dc8c6d8f2","local_time":"20210119224115","is_ascension_mode":true,"campfire_choices":[{"data":"Flame Barrier","floor":6.0,"key":"SMITH"},{"data":"Bash","floor":8.0,"key":"SMITH"},{"data":"Hemokinesis","floor":12.0,"key":"SMITH"},{"floor":15.0,"key":"REST"},{"floor":24,"key":"REST"},{"data":"Juggernaut","floor":27,"key":"SMITH"},{"floor":32,"key":"REST"},{"floor":40,"key":"REST"},{"floor":44,"key":"REST"}],"circlet_count":0,"master_deck":["AscendersBane","Strike_R","Strike_R+1","Defend_R","Defend_R","Defend_R+1","Defend_R+1","Bash+1","Carnage","Hemokinesis+1","Flame Barrier+1","Fire Breathing","Bloodletting","Juggernaut+1","Body Slam+1","Double Tap+1","Pommel Strike+1","Flash of Steel+1","Master of Strategy","Shrug It Off+1","Anger+1","Power Through+1","Barricade","Immolate+1","Body Slam+1","Finesse"],"relics":["Burning Blood","Self Forming Clay","Molten Egg 2","Regal Pillow","Bottled Flame","Bronze Scales","Tiny House","Champion Belt","CeramicFish","Ornamental Fan","Busted Crown","Anchor","Lantern","Torii"],"acts_visited":["Exordium","TheCity","TheBeyond"],"potions_floor_usage":[20,23,25,33,39,41,48,48],"damage_taken":[{"damage":6.0,"enemies":"Cultist","floor":1.0,"turns":3.0},{"damage":7.0,"enemies":"Jaw Worm","floor":2.0,"turns":3.0},{"damage":2.0,"enemies":"Small Slimes","floor":4.0,"turns":2.0},{"damage":29.0,"enemies":"Gremlin Nob","floor":7.0,"turns":4.0},{"damage":6.0,"enemies":"3 Sentries","floor":10.0,"turns":6.0},{"damage":11.0,"enemies":"2 Fungi Beasts","floor":11.0,"turns":3.0},{"damage":15.0,"enemies":"Lagavulin","floor":13.0,"turns":7.0},{"damage":32.0,"enemies":"Slime Boss","floor":16.0,"turns":6.0},{"damage":5,"enemies":"Spheric Guardian","floor":18,"turns":3},{"damage":28,"enemies":"Chosen","floor":20,"turns":4},{"damage":18,"enemies":"Snake Plant","floor":22,"turns":4},{"damage":34,"enemies":"Slavers","floor":23,"turns":5},{"damage":16,"enemies":"Book of Stabbing","floor":25,"turns":4},{"damage":7,"enemies":"Centurion and Healer","floor":28,"turns":7},{"damage":10,"enemies":"Cultist and Chosen","floor":29,"turns":6},{"damage":24,"enemies":"Snake Plant","floor":30,"turns":3},{"damage":7,"enemies":"Centurion and Healer","floor":31,"turns":5},{"damage":75,"enemies":"Champ","floor":33,"turns":13},{"damage":3,"enemies":"3 Shapes","floor":35,"turns":2},{"damage":49,"enemies":"3 Darklings","floor":36,"turns":3},{"damage":9,"enemies":"4 Shapes","floor":38,"turns":8},{"damage":23,"enemies":"Spire Growth","floor":39,"turns":4},{"damage":38,"enemies":"Reptomancer","floor":41,"turns":8},{"damage":21,"enemies":"Maw","floor":45,"turns":6},{"damage":0,"enemies":"Sphere and 2 Shapes","floor":46,"turns":5},{"damage":39,"enemies":"2 Orb Walkers","floor":47,"turns":5},{"damage":29,"enemies":"Giant Head","floor":48,"turns":6}],"seed_played":"-1269516883940871099","potions_obtained":[{"floor":7.0,"key":"Energy Potion"},{"floor":10.0,"key":"CultistPotion"},{"floor":13.0,"key":"Block Potion"},{"floor":17,"key":"Swift Potion"},{"floor":20,"key":"Regen Potion"},{"floor":22,"key":"FearPotion"},{"floor":25,"key":"BloodPotion"},{"floor":31,"key":"BloodPotion"},{"floor":36,"key":"AttackPotion"},{"floor":41,"key":"PowerPotion"}],"is_trial":false,"path_per_floor":["M","M","$","M","T","R","E","R","T","E","M","R","E","?","R","B",null,"M","$","M","?","M","E","R","E","T","R","M","M","M","M","R","B",null,"M","M","?","M","M","R","E","$","T","R","M","M","?","E"],"character_chosen":"IRONCLAD","items_purchased":["Flame Barrier","BlessingOfTheForge","Flash of Steel+1","Master of Strategy","Lantern","Finesse","DuplicationPotion"],"campfire_rested":5,"item_purchase_floors":[3,3,19,19,42,42,42],"current_hp_per_floor":[68,67,67,71,71,71,48,48,48,48,43,43,34,11,48,22,67,68,68,46,46,34,20,59,49,49,49,48,44,26,25,64,11,63,66,23,23,20,19,58,26,26,26,65,50,56,23,0,0],"gold":126,"neow_bonus":"HUNDRED_GOLD","is_daily":false,"chose_seed":false,"campfire_upgraded":4,"win_rate":0.0,"timestamp":1611092475,"path_taken":["M","M","$","M","?","R","E","R","T","E","M","R","E","?","R","BOSS","M","$","M","?","M","E","R","E","T","R","M","?","M","M","R","BOSS","M","M","?","M","M","R","E","$","T","R","M","M","?","E"],"items_purchased_type":["Card","Potion","Card","Card","Relic","Card","Potion"],"build_version":"2020-12-22","purchased_purges":2,"victory":false,"max_hp_per_floor":[75,75,75,75,75,75,75,75,75,75,75,75,75,75,75,75,80,80,80,80,80,80,80,80,80,80,80,80,80,80,80,80,80,80,80,80,80,80,80,80,80,80,80,80,80,80,80,80,80],"relic_stats":{"Regal Pillow":75,"Busted Crown":16,"Torii":0,"counters":[27,135],"Self Forming Clay":[216],"Ornamental Fan":[112],"Bronze Scales":[262],"CeramicFish":45,"Champion Belt":[12],"obtain_stats":[{"Regal Pillow":9,"Lantern":42,"Tiny House":17,"Torii":47,"Self Forming Clay":5,"CeramicFish":25,"Burning Blood":0,"Bottled Flame":10,"Anchor":41,"Busted Crown":34,"Ornamental Fan":26,"Bronze Scales":13,"Molten Egg 2":7,"Champion Belt":23},{"Regal Pillow":4,"Lantern":23,"Tiny House":8,"Torii":26,"Self Forming Clay":3,"CeramicFish":13,"Burning Blood":0,"Bottled Flame":5,"Anchor":23,"Busted Crown":18,"Ornamental Fan":13,"Bronze Scales":7,"Molten Egg 2":4,"Champion Belt":12},{"Regal Pillow":12,"Lantern":113,"Tiny House":34,"Torii":129,"Self Forming Clay":8,"CeramicFish":54,"Burning Blood":0,"Bottled Flame":18,"Anchor":113,"Busted Crown":88,"Ornamental Fan":54,"Bronze Scales":28,"Molten Egg 2":12,"Champion Belt":50}],"Burning Blood":156},"card_choices":[{"not_picked":["Sword Boomerang","Twin Strike"],"picked":"Carnage","floor":1.0},{"not_picked":["Flex","Infernal Blade"],"picked":"Hemokinesis","floor":2.0},{"not_picked":["Pommel Strike","Pummel"],"picked":"Fire Breathing","floor":4.0},{"not_picked":["Inflame","Battle Trance"],"picked":"Bloodletting","floor":7.0},{"not_picked":["Metallicize","True Grit"],"picked":"Juggernaut","floor":10.0},{"not_picked":["Rage","Clothesline+1"],"picked":"Body Slam+1","floor":11.0},{"not_picked":["Heavy Blade+1","Wild Strike+1","Warcry"],"picked":"SKIP","floor":13.0},{"not_picked":["Exhume","Immolate+1"],"picked":"Double Tap","floor":16.0},{"not_picked":["Clothesline+1","Feel No Pain"],"picked":"Pommel Strike+1","floor":17},{"not_picked":["Cleave+1","Power Through","Intimidate"],"picked":"SKIP","floor":18},{"not_picked":["Heavy Blade+1","Searing Blow+1"],"picked":"Shrug It Off+1","floor":20},{"not_picked":["Intimidate","Body Slam+1","True Grit"],"picked":"SKIP","floor":22},{"not_picked":["Pummel+1","Rage"],"picked":"Anger+1","floor":23},{"not_picked":["Seeing Red","Flame Barrier"],"picked":"Power Through+1","floor":25},{"not_picked":["Flex","Shrug It Off"],"picked":"Barricade","floor":28},{"not_picked":["Flex","Fire Breathing","Seeing Red"],"picked":"SKIP","floor":29},{"not_picked":["Power Through","Iron Wave+1","Thunderclap+1"],"picked":"SKIP","floor":30},{"not_picked":["Cleave+1","Warcry","Burning Pact"],"picked":"SKIP","floor":31},{"not_picked":["Limit Break","Double Tap"],"picked":"Immolate+1","floor":33},{"not_picked":["Clash+1"],"picked":"SKIP","floor":35},{"not_picked":["Pommel Strike+1"],"picked":"SKIP","floor":36},{"not_picked":["Iron Wave+1"],"picked":"SKIP","floor":38},{"not_picked":["Pommel Strike+1"],"picked":"SKIP","floor":39},{"not_picked":[],"picked":"Body Slam+1","floor":41},{"not_picked":["Carnage+1"],"picked":"SKIP","floor":45},{"not_picked":["Body Slam+1"],"picked":"SKIP","floor":46}],"player_experience":979854,"relics_obtained":[{"floor":5.0,"key":"Self Forming Clay"},{"floor":7.0,"key":"Molten Egg 2"},{"floor":9.0,"key":"Regal Pillow"},{"floor":10.0,"key":"Bottled Flame"},{"floor":13.0,"key":"Bronze Scales"},{"floor":23,"key":"Champion Belt"},{"floor":25,"key":"CeramicFish"},{"floor":26,"key":"Ornamental Fan"},{"floor":41,"key":"Anchor"},{"floor":47,"key":"Torii"}],"event_choices":[{"damage_healed":0.0,"max_hp_gain":0.0,"max_hp_loss":0.0,"gold_gain":0.0,"event_name":"Shining Light","player_choice":"Entered Light","floor":14.0,"gold_loss":0.0,"damage_taken":23.0,"cards_upgraded":["Defend_R","Defend_R"]},{"damage_healed":0,"gold_gain":0,"player_choice":"Forge","damage_taken":0,"max_hp_gain":0,"max_hp_loss":0,"event_name":"Accursed Blacksmith","floor":21,"gold_loss":0,"cards_upgraded":["Double Tap"]},{"cards_removed":["Strike_R"],"damage_healed":0,"gold_gain":0,"player_choice":"Removed Attack","damage_taken":0,"max_hp_gain":0,"max_hp_loss":0,"event_name":"Falling","floor":37,"gold_loss":0},{"damage_healed":0,"gold_gain":0,"player_choice":"Fight","damage_taken":0,"max_hp_gain":0,"max_hp_loss":0,"event_name":"Mysterious Sphere","floor":47,"gold_loss":0}],"is_beta":false,"boss_relics":[{"not_picked":["Mark of Pain","Ectoplasm"],"picked":"Tiny House"},{"not_picked":["Empty Cage","Snecko Eye"],"picked":"Busted Crown"}],"items_purged_floors":[3,42],"is_endless":false,"potions_floor_spawned":[7,10,13,20,22,25,31,36,41,45],"killed_by":"Giant Head","ascension_level":20}}