{"host":"yuhy0i501zzmn1iz","time":1611070191,"event":{"mods":["AchievementEnabler","AlwaysNeverKeys","BaseMod","Bestiary","Better Match","Better Third Choice","Curses Come First","Downfall","Minty Spire (QoL Compilation)","StSLib","slay the spire mod where everything is the same but ironclad has a cowboy hat"],"gold_per_floor":[118,118,128,142,157,184,184,199,226,401,432,164,164,195,195,300,300,312,312,323,323,323,323,335,80,104,137,137,151,60,60,60,165,165,181,181,1180,1180,1180,1180,388,407,407,93,122,142,161,161,161],"floor_reached":48,"language":"ENG","playtime":2336,"items_purged":["Doubt","Strike_G","Normality"],"score":701,"play_id":"095b175e-cdb7-4368-b5dc-cc7c0f475034","local_time":"20210119102951","is_ascension_mode":true,"campfire_choices":[{"data":"Dash","floor":7,"key":"SMITH"},{"floor":13,"key":"REST"},{"data":"Expertise","floor":15,"key":"SMITH"},{"data":"Riddle With Holes","floor":23,"key":"SMITH"},{"data":"Choke","floor":28,"key":"SMITH"},{"data":"Dramatic Entrance","floor":32,"key":"SMITH"},{"floor":40,"key":"RECALL"}],"circlet_count":0,"master_deck":["Strike_G","Strike_G","Strike_G","Defend_G","Defend_G","Defend_G","Survivor+1","Neutralize","Acrobatics","Dash+1","Bullet Time+1","Blur","Phantasmal Killer","Expertise+1","Blur","Night Terror","PiercingWail+1","Choke+1","Infinite Blades","Phantasmal Killer","Riddle With Holes+1","Backflip","Prepared+1","Dramatic Entrance+1","Bullet Time","Acrobatics+1","Madness","Madness","Prepared","Finisher","Dash","Noxious Fumes","Terror","Leg Sweep","The Bomb","Leg Sweep+1","Die Die Die"],"relics":["Snecko Eye","Gremlin Horn","Happy Flower","Strawberry","Vajra","Akabeko","SlaversCollar","Omamori","War Paint","Potion Belt","Nunchaku","Calling Bell","Anchor","Ninja Scroll","Incense Burner","Bottled Flame","Frozen Eye","TwistedFunnel","Singing Bowl"],"acts_visited":["Exordium","TheCity","TheBeyond"],"potions_floor_usage":[6,18,20,20,29,45,46],"damage_taken":[{"damage":6,"enemies":"2 Louse","floor":1,"turns":4},{"damage":9,"enemies":"Jaw Worm","floor":3,"turns":5},{"damage":0,"enemies":"Small Slimes","floor":4,"turns":5},{"damage":1,"enemies":"Looter","floor":5,"turns":5},{"damage":12,"enemies":"3 Sentries","floor":6,"turns":8},{"damage":2,"enemies":"2 Fungi Beasts","floor":8,"turns":3},{"damage":20,"enemies":"Lagavulin","floor":11,"turns":10},{"damage":5,"enemies":"3 Sentries","floor":14,"turns":3},{"damage":12,"enemies":"Slime Boss","floor":16,"turns":10},{"damage":0,"enemies":"Chosen","floor":18,"turns":7},{"damage":6,"enemies":"2 Thieves","floor":20,"turns":4},{"damage":0,"enemies":"Snake Plant","floor":24,"turns":2},{"damage":0,"enemies":"Book of Stabbing","floor":27,"turns":2},{"damage":9,"enemies":"Shelled Parasite and Fungi","floor":29,"turns":4},{"damage":17,"enemies":"Automaton","floor":33,"turns":11},{"damage":0,"enemies":"Orb Walker","floor":35,"turns":2},{"damage":2,"enemies":"3 Darklings","floor":42,"turns":3},{"damage":47,"enemies":"Reptomancer","floor":45,"turns":3},{"damage":0,"enemies":"Jaw Worm Horde","floor":46,"turns":2},{"damage":3,"enemies":"Spire Growth","floor":47,"turns":3},{"damage":40,"enemies":"Nemesis","floor":48,"turns":2}],"seed_played":"2035527575218812458","potions_obtained":[{"floor":4,"key":"SpeedPotion"},{"floor":5,"key":"champ:CounterPotion"},{"floor":14,"key":"Explosive Potion"},{"floor":16,"key":"AttackPotion"},{"floor":24,"key":"Poison Potion"},{"floor":27,"key":"ColorlessPotion"},{"floor":33,"key":"SkillPotion"},{"floor":45,"key":"CultistPotion"},{"floor":47,"key":"hexamod:SoulburnPotion"}],"is_trial":false,"path_per_floor":["M","?","M","M","M","E","R","M","T","?","E","$","R","E","R","B",null,"M","?","M","?","?","R","M","$","T","E","R","M","$","?","R","B",null,"M","?","?","?","?","R","$","M","T","$","E","M","M","E"],"character_chosen":"THE_SILENT","items_purchased":["Expertise","Vajra","Omamori","Dramatic Entrance","Finisher","Dash","Bottled Flame","Frozen Eye","Noxious Fumes","Terror","The Bomb","TwistedFunnel"],"campfire_rested":1,"item_purchase_floors":[12,12,25,30,41,41,41,41,41,41,44,44],"current_hp_per_floor":[64,64,55,55,54,42,42,40,40,40,27,27,50,45,45,33,66,66,66,60,60,60,60,60,60,60,60,60,51,51,51,51,34,66,66,66,66,56,56,56,56,54,54,54,7,9,6,0,0],"gold":161,"neow_bonus":"BOSS_RELIC","is_daily":false,"chose_seed":false,"campfire_upgraded":5,"win_rate":0.0,"timestamp":1611070191,"path_taken":["M","?","M","M","M","E","R","M","T","?","E","$","R","E","R","BOSS","M","?","M","?","?","R","M","$","T","E","R","M","$","?","R","BOSS","M","?","?","?","?","R","$","M","T","$","E","M","M","E"],"items_purchased_type":["Card","Relic","Relic","Card","Card","Card","Relic","Relic","Card","Card","Card","Relic"],"build_version":"2020-12-22","purchased_purges":3,"victory":false,"max_hp_per_floor":[70,70,70,70,70,70,70,70,70,70,77,77,77,77,77,77,77,77,77,77,77,77,77,77,77,77,77,77,77,77,77,77,77,77,77,77,77,77,77,77,77,77,77,77,77,79,79,79,79],"card_choices":[{"not_picked":["Reflex","Prepared"],"picked":"Acrobatics","floor":1},{"not_picked":["Sucker Punch","Slice"],"picked":"Dash","floor":3},{"not_picked":["Dodge and Roll","Outmaneuver","Escape Plan"],"picked":"SKIP","floor":4},{"not_picked":["Deadly Poison","Finisher","Flying Knee"],"picked":"SKIP","floor":5},{"not_picked":["Blade Dance","PiercingWail"],"picked":"Bullet Time","floor":6},{"not_picked":["Slice","Catalyst"],"picked":"Blur","floor":8},{"not_picked":["Dagger Spray","Poisoned Stab"],"picked":"Phantasmal Killer","floor":11},{"not_picked":["Calculated Gamble","Deflect"],"picked":"Blur","floor":14},{"not_picked":["After Image","Venomology"],"picked":"Night Terror","floor":16},{"not_picked":["Blade Dance","Acrobatics"],"picked":"PiercingWail+1","floor":18},{"not_picked":["Catalyst+1","Terror"],"picked":"Choke","floor":20},{"not_picked":["Outmaneuver","Concentrate"],"picked":"Backflip","floor":24},{"not_picked":["Dagger Spray","PiercingWail","Deflect"],"picked":"SKIP","floor":27},{"not_picked":["Night Terror","Deflect"],"picked":"Prepared+1","floor":29},{"not_picked":["Phantasmal Killer","Malaise"],"picked":"Bullet Time","floor":33},{"not_picked":["Dagger Spray","Backflip+1"],"picked":"Acrobatics+1","floor":35},{"not_picked":["Sucker Punch+1","Deadly Poison+1"],"picked":"Leg Sweep","floor":42},{"not_picked":["Dodge and Roll+1","Choke+1"],"picked":"Leg Sweep+1","floor":45},{"not_picked":["Noxious Fumes+1","Prepared+1","Flying Knee+1"],"picked":"Singing Bowl","floor":46},{"not_picked":["Prepared","Catalyst+1"],"picked":"Die Die Die","floor":47}],"player_experience":300263,"relics_obtained":[{"floor":6,"key":"Gremlin Horn"},{"floor":9,"key":"Happy Flower"},{"floor":11,"key":"Strawberry"},{"floor":14,"key":"Akabeko"},{"floor":26,"key":"War Paint"},{"floor":27,"key":"Potion Belt"},{"floor":34,"key":"Anchor"},{"floor":34,"key":"Ninja Scroll"},{"floor":34,"key":"Incense Burner"},{"floor":45,"key":"Singing Bowl"}],"event_choices":[{"damage_healed":0,"gold_gain":0,"player_choice":"Leave","damage_taken":0,"max_hp_gain":0,"max_hp_loss":0,"event_name":"The Cleric","floor":2,"gold_loss":0},{"damage_healed":0,"gold_gain":175,"player_choice":"AGREE","damage_taken":226,"max_hp_gain":0,"max_hp_loss":0,"event_name":"betterThird:BetterSerpent","floor":10,"gold_loss":0},{"damage_healed":0,"gold_gain":0,"player_choice":"Ignored","damage_taken":0,"max_hp_gain":0,"max_hp_loss":0,"event_name":"Ghosts","floor":19,"gold_loss":0},{"damage_healed":0,"gold_gain":0,"cards_transformed":["Defend_G","Strike_G"],"player_choice":"Became Test Subject","damage_taken":0,"max_hp_gain":0,"max_hp_loss":0,"event_name":"Drug Dealer","floor":21,"gold_loss":0,"cards_obtained":["Infinite Blades","Phantasmal Killer"]},{"damage_healed":0,"gold_gain":0,"player_choice":"Read","damage_taken":0,"max_hp_gain":0,"max_hp_loss":0,"event_name":"The Library","floor":22,"gold_loss":0,"cards_obtained":["Riddle With Holes"]},{"damage_healed":0,"gold_gain":0,"player_choice":"Opened","damage_taken":0,"relics_obtained":["Nunchaku"],"max_hp_gain":0,"max_hp_loss":0,"event_name":"The Mausoleum","floor":31,"gold_loss":0},{"damage_healed":0,"gold_gain":0,"player_choice":"Ignored","damage_taken":0,"max_hp_gain":0,"max_hp_loss":0,"event_name":"Tomb of Lord Red Mask","floor":36,"gold_loss":0},{"damage_healed":0,"gold_gain":999,"player_choice":"Gold","damage_taken":0,"max_hp_gain":0,"max_hp_loss":0,"event_name":"MindBloom","floor":37,"gold_loss":0,"cards_obtained":["Normality","Normality"]},{"damage_healed":0,"gold_gain":0,"player_choice":"Embrace Madness","damage_taken":10,"max_hp_gain":0,"max_hp_loss":0,"event_name":"Winding Halls","floor":38,"gold_loss":0,"cards_obtained":["Madness","Madness"]},{"damage_healed":0,"gold_gain":0,"cards_transformed":["Defend_G"],"player_choice":"Transformed","damage_taken":0,"max_hp_gain":0,"max_hp_loss":0,"event_name":"Transmorgrifier","floor":39,"gold_loss":0,"cards_obtained":["Prepared"]}],"is_beta":false,"boss_relics":[{"not_picked":["Busted Crown","Sozu"],"picked":"SlaversCollar"},{"not_picked":["Empty Cage","Fusion Hammer"],"picked":"Calling Bell"}],"items_purged_floors":[12,25,41],"is_endless":false,"potions_floor_spawned":[4,5,14,16,24,27,33,45,47],"killed_by":"Nemesis","ascension_level":5}}