{"host":"d61fcf2p3sjwe6yo","time":1611090231,"event":{"mods":["AchievementEnabler","BaseMod","Colored Map","Downfall","Minty Spire (QoL Compilation)","StSLib","SuperFastMode"],"gold_per_floor":[99,110,410,471,192,192,219,119,132,161,179,208,208,239,252,347,347,347,363,463,480,490,490,569,569,595,606,491,522,522,549,564,667,667,667,435,102,120,131,181,228,228,259,259,287,306,206,533,433,433,433,463,2,2,2,2],"floor_reached":57,"language":"ENG","playtime":5017,"items_purged":["downfall:Icky","downfall:Haunted","downfall:Icky","Pain"],"score":1959,"play_id":"d0ff3cfc-8ccc-4815-bc6c-a6fdd71bb88a","local_time":"20210120000351","is_ascension_mode":true,"campfire_choices":[{"floor":1.0,"key":"RECALL"},{"floor":8.0,"key":"REST"},{"data":"champ:StrikeOfGenius","floor":18.0,"key":"SMITH"},{"data":"champ:DancingMaster","floor":23.0,"key":"SMITH"},{"data":"champ:Lariat","floor":25.0,"key":"SMITH"},{"data":"champ:DancingMaster","floor":35.0,"key":"SMITH"},{"data":"champ:DancingMaster","floor":47,"key":"SMITH"},{"data":"champ:FancyFootwork","floor":49,"key":"SMITH"},{"data":"champ:FancyFootwork","floor":54,"key":"SMITH"}],"circlet_count":0,"master_deck":["AscendersBane","champ:Strike","champ:Strike","champ:Strike","champ:Strike","champ:Defend","champ:Defend","champ:Defend","champ:Defend","champ:Execute","champ:Taunt","champ:PreciseThrust","champ:FlashCut","champ:StrikeOfGenius+1","champ:FlashCut","champ:PerfectedStrike","champ:Lariat+1","champ:StrikeOfGenius","champ:StanceDance","champ:DancingMaster+1","champ:EnGarde+1","champ:FancyFootwork+1","champ:StanceDance","champ:DancingMaster+1","champ:GutPunch","champ:FanOfKnives","champ:DancingMaster+1","champ:TripleStrike","champ:StanceDance","champ:DefensiveShout+1","champ:FancyFootwork+1","champ:EnGarde+1","champ:StanceDance"],"relics":["champ:ChampionCrown","StrikeDummy","Lantern","Nunchaku","downfall:HeartBlessingRed","bronze:BronzeIdol","bronze:DecasWashers","Matryoshka","Cursed Key","downfall:GremlinWheel","Pantograph","Sundial","champ:DefensiveTrainingManual","hexamod:CandleOfCauterizing","Meat on the Bone","champ:GladiatorsBookOfMartialProwess","Coffee Dripper","Medical Kit","Guardian:PocketSentry","hexamod:Sixitude","Art of War","Guardian:GemstoneGun","Toy Ornithopter","downfall:HeartBlessingBlue","MealTicket","Old Coin","downfall:HeartBlessingGreen","Du-Vu Doll","Pear"],"acts_visited":["Exordium","TheCity","TheBeyond","TheEnding"],"potions_floor_usage":[36,45,48,52,56,56],"damage_taken":[{"damage":27.0,"enemies":"Small Slimes","floor":2.0,"turns":4.0},{"damage":84.0,"enemies":"Lagavulin Event","floor":4.0,"turns":8.0},{"damage":10.0,"enemies":"downfall:FleeingMerchant","floor":5.0,"turns":4.0},{"damage":0.0,"enemies":"Jaw Worm","floor":9.0,"turns":2.0},{"damage":1.0,"enemies":"Gremlin Nob","floor":10.0,"turns":3.0},{"damage":0.0,"enemies":"Cultist","floor":11.0,"turns":2.0},{"damage":10.0,"enemies":"Lagavulin","floor":12.0,"turns":4.0},{"damage":10.0,"enemies":"3 Sentries","floor":14.0,"turns":4.0},{"damage":0.0,"enemies":"Exordium Thugs","floor":15.0,"turns":3.0},{"damage":5.0,"enemies":"IC_STATUS_ARCHETYPE","floor":16.0,"turns":6.0},{"damage":10.0,"enemies":"Chosen","floor":19.0,"turns":2.0},{"damage":26.0,"enemies":"Chosen","floor":20.0,"turns":3.0},{"damage":14.0,"enemies":"Spheric Guardian","floor":21.0,"turns":3.0},{"damage":10.0,"enemies":"Centurion and Healer","floor":22.0,"turns":4.0},{"damage":30.0,"enemies":"Book of Stabbing","floor":26.0,"turns":5.0},{"damage":3.0,"enemies":"Cultist and Chosen","floor":27.0,"turns":4.0},{"damage":18.0,"enemies":"downfall:FleeingMerchant","floor":28.0,"turns":4.0},{"damage":12.0,"enemies":"Gremlin Leader","floor":29.0,"turns":5.0},{"damage":17.0,"enemies":"Book of Stabbing","floor":31.0,"turns":5.0},{"damage":14.0,"enemies":"Snecko","floor":32.0,"turns":3.0},{"damage":60.0,"enemies":"DF_ARCHETYPE_CLAW","floor":33.0,"turns":6.0},{"damage":40,"enemies":"downfall:FleeingMerchant","floor":36,"turns":4},{"damage":10,"enemies":"3 Shapes","floor":38,"turns":2},{"damage":71,"enemies":"Orb Walker","floor":39,"turns":4},{"damage":16,"enemies":"Orb Walker","floor":40,"turns":4},{"damage":53,"enemies":"Nemesis","floor":43,"turns":5},{"damage":26,"enemies":"Giant Head","floor":45,"turns":6},{"damage":37,"enemies":"Spire Growth","floor":46,"turns":3},{"damage":42,"enemies":"Reptomancer","floor":48,"turns":4},{"damage":69,"enemies":"WA_ARCHETYPE_DIVINITY","floor":50,"turns":10},{"damage":157,"enemies":"downfall:CharBossMerchant","floor":52,"turns":7},{"damage":60,"enemies":"downfall:NeowBoss","floor":55,"turns":17},{"damage":75,"enemies":"downfall:NeowBossFinal","floor":56,"turns":9}],"seed_played":"-4298620561166264448","potions_obtained":[{"floor":4.0,"key":"AttackPotion"},{"floor":12.0,"key":"SkillPotion"},{"floor":14.0,"key":"EssenceOfSteel"},{"floor":15.0,"key":"Regen Potion"},{"floor":16.0,"key":"CultistPotion"},{"floor":21.0,"key":"LiquidMemories"},{"floor":27.0,"key":"FearPotion"},{"floor":29.0,"key":"sneckomod:MuddlingPotion"},{"floor":33.0,"key":"BlessingOfTheForge"},{"floor":38,"key":"hexamod:SoulburnPotion"},{"floor":45,"key":"Fire Potion"},{"floor":46,"key":"SkillPotion"}],"is_trial":false,"path_per_floor":["R","M","?","?","$","?","T","R","M","E","M","E","?","E","M","B",null,"R","M","?","M","M","R","T","R","E","M","$","E","?","E","M","B",null,"R","?","?","M","M","?","T","?","E","?","E","M","R","E","R","B",null,"E","$","R","B","B",null],"character_chosen":"THE_CHAMP","items_purchased":["Lantern","champ:FlashCut","champ:TripleStrike","champ:StanceDance","Medical Kit","Guardian:PocketSentry","Pear","BlessingOfTheForge"],"campfire_rested":1,"item_purchase_floors":[5,5,36,36,36,36,53,53],"current_hp_per_floor":[90,83,83,19,19,19,19,48,48,47,47,47,47,37,37,47,86,86,86,70,66,66,66,66,66,51,48,45,43,43,43,51,58,89,89,74,111,111,102,100,100,100,99,99,93,76,86,71,71,84,112,46,71,71,76,81],"gold":2,"neow_bonus":"TEN_PERCENT_HP_BONUS","is_daily":false,"chose_seed":false,"campfire_upgraded":7,"win_rate":0.0,"timestamp":1611090231,"path_taken":["R","M","?","?","$","?","T","R","M","E","M","E","?","E","M","BOSS","R","M","?","M","M","R","T","R","E","?","$","E","?","E","M","BOSS","R","?","?","M","M","?","T","?","E","?","E","?","R","E","R","BOSS","E","$","R","BOSS","BOSS"],"items_purchased_type":["Relic","Card","Card","Card","Relic","Relic","Relic","Potion"],"build_version":"2020-12-22","purchased_purges":4,"victory":true,"max_hp_per_floor":[99,99,99,99,99,99,99,99,99,99,99,99,99,99,99,99,99,99,99,99,99,99,99,99,99,99,99,99,99,99,99,99,99,99,99,99,111,111,111,111,111,111,111,111,111,111,121,121,121,121,121,121,131,131,131,131],"card_choices":[{"not_picked":["champ:ShieldSigil","champ:Circumvent"],"picked":"champ:PreciseThrust","floor":2.0},{"not_picked":["champ:ViciousMockery","champ:GladiatorStyle"],"picked":"champ:FlashCut","floor":4.0},{"not_picked":["champ:Endure","champ:CrownThrow"],"picked":"champ:StrikeOfGenius","floor":5.0},{"not_picked":["champ:EndlessRage","champ:RecklessLeap","champ:CrownThrow"],"picked":"SKIP","floor":9.0},{"not_picked":["champ:BerserkersShout","champ:Shatter"],"picked":"champ:PerfectedStrike","floor":10.0},{"not_picked":["champ:RageSigil","champ:StanceDance"],"picked":"champ:Lariat","floor":11.0},{"not_picked":["champ:HeavySlash","champ:PreciseThrust","champ:EndlessRage"],"picked":"SKIP","floor":12.0},{"not_picked":["champ:BerserkersShout","champ:GutPunch"],"picked":"champ:StanceDance","floor":14.0},{"not_picked":["champ:RisingSlash","champ:SwordThrow","champ:GutPunch"],"picked":"SKIP","floor":15.0},{"not_picked":["champ:IgnorePain","champ:EnchantCrown"],"picked":"champ:DancingMaster","floor":16.0},{"not_picked":["champ:FanOfKnives","champ:PerfectedStrike"],"picked":"champ:StanceDance","floor":19.0},{"not_picked":["champ:Backstep+1","champ:TornadoPunch+1"],"picked":"champ:EnGarde+1","floor":21.0},{"not_picked":["champ:ShieldSlam+1","champ:PerfectedStrike"],"picked":"champ:FancyFootwork","floor":22.0},{"not_picked":["champ:AdrenalArmor","champ:PreciseThrust"],"picked":"champ:StanceDance","floor":26.0},{"not_picked":["champ:DeathBlow+1","champ:DefensiveShout","champ:PerfectedStrike"],"picked":"SKIP","floor":27.0},{"not_picked":["champ:DefensiveShout","champ:PreciseThrust","champ:Backstep"],"picked":"SKIP","floor":28.0},{"not_picked":["champ:GutPunch","champ:Shatter+1"],"picked":"champ:DancingMaster","floor":29.0},{"not_picked":["champ:FocusedBerserking+1","champ:Haymaker"],"picked":"champ:GutPunch","floor":31.0},{"not_picked":["champ:Circumvent+1","champ:HeartStrike+1"],"picked":"champ:FanOfKnives","floor":32.0},{"not_picked":["champ:EnchantSword","champ:IgnorePain"],"picked":"champ:DancingMaster","floor":33.0},{"not_picked":["champ:EndlessRage","champ:PreciseThrust+1","champ:Shatter+1"],"picked":"SKIP","floor":36},{"not_picked":["champ:DeathBlow","champ:FanOfKnives+1"],"picked":"champ:DefensiveShout+1","floor":38},{"not_picked":["champ:GladiatorStyle+1","champ:Circumvent","champ:Haymaker"],"picked":"SKIP","floor":39},{"not_picked":["champ:Lariat+1","champ:TornadoPunch"],"picked":"champ:FancyFootwork","floor":40},{"not_picked":["champ:SwordThrow","champ:HeartStrike"],"picked":"champ:EnGarde+1","floor":43},{"not_picked":["champ:EnGarde","champ:Circumvent","champ:IgnorePain"],"picked":"SKIP","floor":45},{"not_picked":["champ:DeathBlow+1","champ:BringItOn+1","champ:BladeFlurry"],"picked":"SKIP","floor":46},{"not_picked":["champ:FanOfKnives+1","champ:ShieldSigil+1","champ:BerserkersShout"],"picked":"SKIP","floor":48},{"not_picked":["champ:PreciseThrust+1","champ:Shatter"],"picked":"champ:StanceDance","floor":52}],"player_experience":612218,"relics_obtained":[{"floor":4.0,"key":"StrikeDummy"},{"floor":7.0,"key":"Nunchaku"},{"floor":10.0,"key":"bronze:BronzeIdol"},{"floor":12.0,"key":"bronze:DecasWashers"},{"floor":14.0,"key":"Matryoshka"},{"floor":20.0,"key":"downfall:GremlinWheel"},{"floor":24.0,"key":"Pantograph"},{"floor":24.0,"key":"Sundial"},{"floor":26.0,"key":"champ:DefensiveTrainingManual"},{"floor":29.0,"key":"hexamod:CandleOfCauterizing"},{"floor":31.0,"key":"champ:GladiatorsBookOfMartialProwess"},{"floor":40,"key":"hexamod:Sixitude"},{"floor":41,"key":"Art of War"},{"floor":43,"key":"Guardian:GemstoneGun"},{"floor":45,"key":"Toy Ornithopter"},{"floor":47,"key":"MealTicket"},{"floor":48,"key":"Old Coin"},{"floor":52,"key":"Du-Vu Doll"}],"event_choices":[{"cards_removed":["champ:StanceDance"],"damage_healed":0,"gold_gain":0,"player_choice":"Removed Skill","damage_taken":0,"max_hp_gain":0,"max_hp_loss":0,"event_name":"Falling","floor":42,"gold_loss":0},{"damage_healed":0,"gold_gain":0,"player_choice":"Relic","damage_taken":0,"max_hp_gain":0,"max_hp_loss":0,"event_name":"Wheel of Change","floor":47,"gold_loss":0}],"is_beta":false,"boss_relics":[{"not_picked":["Busted Crown","Snecko Eye"],"picked":"Cursed Key"},{"not_picked":["expansioncontent:StudyCardRelic","Empty Cage"],"picked":"Coffee Dripper"}],"items_purged_floors":[5,28,36,53],"is_endless":false,"potions_floor_spawned":[4,12,14,15,16,21,26,27,29,33,38,39,45,46],"ascension_level":10}}