{"host":"2t0ddmgeopc3yqug","time":1611039732,"event":{"mods":["AchievementEnabler","BaseMod","BetterRewards","Colored Map","Colored Powertips","Hermit","Marisa£¨Ùöéë¡¡Øª×âÞÞ£©","Minty Spire (QoL Compilation)","Rare Cards Sparkle","Shop Mod","StSLib","SuperFastMode","The Cursed","The Poker Player","everything is the same but u backflip on backflip"],"gold_per_floor":[119,119,132,142,155,155,171,171,250,266,277,452,452,469,469,566,566,584,422,437,453,244,244,261,261,313,313,313,313,313,313],"floor_reached":29,"language":"KOR","playtime":1361,"items_purged":[],"score":319,"play_id":"f9fb5010-ff31-46a1-af30-7385831f90bd","local_time":"20210119160212","is_ascension_mode":false,"metric_token":990,"campfire_choices":[{"floor":6,"key":"REST"},{"data":"PokerPlayerMod:Mulligan","floor":8,"key":"SMITH"},{"data":"PokerPlayerMod:WildCard","floor":13,"key":"SMITH"},{"data":"PokerPlayerMod:CardPrinter","floor":15,"key":"SMITH"},{"data":"PokerPlayerMod:Diamond7","floor":23,"key":"SMITH"},{"data":"PokerPlayerMod:Spade4","floor":25,"key":"SMITH"},{"data":"PokerPlayerMod:Spade5","floor":27,"key":"SMITH"}],"circlet_count":0,"master_deck":["PokerPlayerMod:Diamond1","PokerPlayerMod:Diamond2","PokerPlayerMod:Diamond3","PokerPlayerMod:Diamond4","PokerPlayerMod:Diamond5","PokerPlayerMod:Spade1","PokerPlayerMod:Spade2","PokerPlayerMod:Spade4","PokerPlayerMod:Spade5","PokerPlayerMod:Club1","PokerPlayerMod:Club2","PokerPlayerMod:Heart2","PokerPlayerMod:TrumpStrike","PokerPlayerMod:BadJoker","PokerPlayerMod:Mulligan+1","PokerPlayerMod:CardPrinter+1","PokerPlayerMod:Club8","PokerPlayerMod:Club4","PokerPlayerMod:Spade3","PokerPlayerMod:Spade3","PokerPlayerMod:Spade6","PokerPlayerMod:Club3","PokerPlayerMod:WildCard+1","Doubt","PokerPlayerMod:CardPrinter","PokerPlayerMod:Spade9","PokerPlayerMod:Heart9","PokerPlayerMod:Diamond8","PokerPlayerMod:MagicTrick","PokerPlayerMod:Heart8","PokerPlayerMod:DamnStraight","PokerPlayerMod:Diamond7","Shame"],"relics":["PokerPlayerMod:DeckCase","FossilizedHelix","Eternal Feather","Cursed Key","Potion Belt","Ginger"],"acts_visited":["Exordium","TheCity"],"potions_floor_usage":[21],"damage_taken":[{"damage":0,"enemies":"2 Louse","floor":1,"turns":1},{"damage":0,"enemies":"Cultist","floor":3,"turns":3},{"damage":0,"enemies":"Jaw Worm","floor":4,"turns":2},{"damage":0,"enemies":"Exordium Wildlife","floor":5,"turns":2},{"damage":0,"enemies":"3 Louse","floor":7,"turns":1},{"damage":0,"enemies":"Looter","floor":10,"turns":3},{"damage":9,"enemies":"Gremlin Gang","floor":11,"turns":2},{"damage":0,"enemies":"3 Louse","floor":14,"turns":2},{"damage":25,"enemies":"The Guardian","floor":16,"turns":11},{"damage":0,"enemies":"Chosen","floor":18,"turns":3},{"damage":24,"enemies":"Spheric Guardian","floor":20,"turns":6},{"damage":9,"enemies":"Chosen and Byrds","floor":21,"turns":5},{"damage":30,"enemies":"Cultist and Chosen","floor":24,"turns":7},{"damage":76,"enemies":"Slavers","floor":29,"turns":6}],"seed_played":"-8198580589537912157","potions_obtained":[{"floor":1,"key":"AttackPotion"},{"floor":3,"key":"Block Potion"},{"floor":4,"key":"SkillPotion"},{"floor":20,"key":"Fruit Juice"},{"floor":21,"key":"Strength Potion"}],"is_trial":false,"path_per_floor":["M","?","M","M","M","R","M","R","T","M","M","?","R","M","R","B",null,"M","$","M","M","$","R","M","R","T","R","?","E"],"character_chosen":"THE_POKER_PLAYER","items_purchased":["PokerPlayerMod:CardPrinter","FossilizedHelix","PokerPlayerMod:Club8","PokerPlayerMod:Club4","PokerPlayerMod:Heart9","PokerPlayerMod:Heart8","PokerPlayerMod:DamnStraight"],"campfire_rested":1,"item_purchase_floors":[0,0,0,0,19,22,22],"current_hp_per_floor":[38,38,38,40,40,52,52,52,52,52,43,43,52,52,52,33,52,52,52,31,38,38,56,29,47,47,57,57,0,0,0],"gold":313,"neow_bonus":"","is_daily":false,"chose_seed":false,"campfire_upgraded":6,"win_rate":0.0,"timestamp":1611039732,"path_taken":["M","?","?","M","M","R","M","R","T","M","M","?","R","M","R","BOSS","M","$","M","M","$","R","M","R","T","R","?","E"],"items_purchased_type":["Card","Relic","Card","Card","Card","Card","Card"],"build_version":"2020-12-22","purchased_purges":0,"victory":false,"max_hp_per_floor":[52,52,52,52,52,52,52,52,52,52,52,52,52,52,52,52,52,52,52,52,57,57,57,57,57,57,57,57,57,57,57],"card_choices":[{"not_picked":["PokerPlayerMod:Manipulation","PokerPlayerMod:DartThrow"],"picked":"PokerPlayerMod:Spade3","floor":1},{"not_picked":["PokerPlayerMod:Fold","PokerPlayerMod:ClubsClub"],"picked":"PokerPlayerMod:Spade3","floor":3},{"not_picked":["PokerPlayerMod:PoorCopy","PokerPlayerMod:DartThrow"],"picked":"PokerPlayerMod:Spade5","floor":4},{"not_picked":["PokerPlayerMod:Configure","PokerPlayerMod:SpadeStrike","PokerPlayerMod:Diamond2"],"picked":"SKIP","floor":5},{"not_picked":["PokerPlayerMod:Diamond3","PokerPlayerMod:PoorCopy"],"picked":"PokerPlayerMod:Club3","floor":7},{"not_picked":["PokerPlayerMod:MagicTrick","PokerPlayerMod:Trickery"],"picked":"PokerPlayerMod:WildCard","floor":10},{"not_picked":["PokerPlayerMod:Club2","PokerPlayerMod:Spade3","PokerPlayerMod:ClubStrike"],"picked":"SKIP","floor":11},{"not_picked":["PokerPlayerMod:Club2","PokerPlayerMod:Spade3","PokerPlayerMod:ClubStrike"],"picked":"SKIP","floor":11},{"not_picked":["PokerPlayerMod:CloakAndDiamond","PokerPlayerMod:Club2"],"picked":"PokerPlayerMod:CardPrinter","floor":14},{"not_picked":["PokerPlayerMod:VarietyAttack","PokerPlayerMod:StackedDeck"],"picked":"PokerPlayerMod:Spade9","floor":16},{"not_picked":["PokerPlayerMod:Diamond3","PokerPlayerMod:Heart2","PokerPlayerMod:Diamond2"],"picked":"SKIP","floor":18},{"not_picked":["PokerPlayerMod:ClubsClub","PokerPlayerMod:Club2"],"picked":"PokerPlayerMod:Diamond7","floor":20},{"not_picked":["PokerPlayerMod:DartThrow+1","PokerPlayerMod:DamnStraight"],"picked":"PokerPlayerMod:MagicTrick","floor":21},{"not_picked":["PokerPlayerMod:DartThrow","PokerPlayerMod:Configure"],"picked":"PokerPlayerMod:Diamond7","floor":24}],"player_experience":105988,"relics_obtained":[{"floor":9,"key":"Eternal Feather"},{"floor":26,"key":"Potion Belt"}],"event_choices":[{"damage_healed":0,"gold_gain":0,"player_choice":"Upgraded","damage_taken":0,"max_hp_gain":0,"max_hp_loss":0,"event_name":"Upgrade Shrine","floor":2,"gold_loss":0,"cards_upgraded":["PokerPlayerMod:Spade4"]},{"damage_healed":0,"gold_gain":175,"player_choice":"AGREE","damage_taken":0,"max_hp_gain":0,"max_hp_loss":0,"event_name":"Liars Game","floor":12,"gold_loss":0,"cards_obtained":["Doubt"]},{"damage_healed":0,"gold_gain":0,"player_choice":"Opened","damage_taken":0,"relics_obtained":["Ginger"],"max_hp_gain":0,"max_hp_loss":0,"event_name":"The Mausoleum","floor":28,"gold_loss":0}],"is_beta":false,"boss_relics":[{"not_picked":["Empty Cage","Tiny House"],"picked":"Cursed Key"}],"items_purged_floors":[],"is_endless":false,"potions_floor_spawned":[1,3,4,14,20,21,24],"killed_by":"Slavers","ascension_level":0}}