{"host":"e4hse1vg61zltgzv","time":1611034044,"event":{"mods":["AchievementEnabler","BaseMod","Block Reminder","Colored Map","DeckTracker","GifTheSpireLib","Minty Spire (QoL Compilation)","Rare Cards Sparkle","StSLib","SuperFastMode","The Poker Player","everything is the same but u backflip on backflip"],"gold_per_floor":[110,110,127,127,144,172,172,188,188,198,225,241,251,261,261,261,261],"floor_reached":16,"language":"KOR","playtime":362,"items_purged":[],"score":232,"play_id":"3940f49c-b173-4c1c-bda6-d192a94e1ca1","local_time":"20210119142724","is_ascension_mode":true,"campfire_choices":[{"data":"Carnage","floor":7,"key":"SMITH"},{"data":"Blood for Blood","floor":15,"key":"SMITH"}],"circlet_count":0,"master_deck":["AscendersBane","Strike_R","Strike_R","Strike_R","Strike_R","Strike_R","Defend_R","Defend_R","Defend_R","Defend_R","Bash","Carnage+1","Blood for Blood+1","Flame Barrier","Ghostly Armor","Power Through","Battle Trance","Shrug It Off"],"relics":["Burning Blood","NeowsBlessing","Oddly Smooth Stone","Eternal Feather","Pantograph","InkBottle","Mummified Hand"],"acts_visited":["Exordium"],"potions_floor_usage":[16],"damage_taken":[{"damage":0,"enemies":"2 Louse","floor":1,"turns":1},{"damage":0,"enemies":"Cultist","floor":3,"turns":1},{"damage":0,"enemies":"Small Slimes","floor":5,"turns":1},{"damage":32,"enemies":"Gremlin Nob","floor":6,"turns":4},{"damage":2,"enemies":"Blue Slaver","floor":8,"turns":3},{"damage":2,"enemies":"Large Slime","floor":10,"turns":5},{"damage":32,"enemies":"3 Sentries","floor":11,"turns":7},{"damage":3,"enemies":"Exordium Wildlife","floor":12,"turns":4},{"damage":0,"enemies":"3 Louse","floor":13,"turns":4},{"damage":11,"enemies":"Looter","floor":14,"turns":3},{"damage":80,"enemies":"Slime Boss","floor":16,"turns":14}],"seed_played":"-6668158102973199110","potions_obtained":[{"floor":1,"key":"ElixirPotion"},{"floor":5,"key":"SpeedPotion"},{"floor":11,"key":"ColorlessPotion"}],"is_trial":false,"path_per_floor":["M","?","M","T","M","E","R","M","T","M","E","M","M","M","R","B"],"character_chosen":"IRONCLAD","items_purchased":[],"campfire_rested":0,"item_purchase_floors":[],"current_hp_per_floor":[74,74,75,75,75,49,55,59,59,63,37,40,46,41,50,0,0],"gold":261,"neow_bonus":"THREE_ENEMY_KILL","is_daily":false,"chose_seed":false,"campfire_upgraded":2,"win_rate":0.0,"timestamp":1611034044,"path_taken":["M","?","?","?","M","E","R","M","T","M","E","M","M","?","R","BOSS"],"items_purchased_type":[],"build_version":"2020-12-22","purchased_purges":0,"victory":false,"max_hp_per_floor":[75,75,75,75,75,75,75,75,75,75,75,75,75,75,75,75,75],"card_choices":[{"not_picked":["Bloodletting","Burning Pact"],"picked":"Carnage","floor":1},{"not_picked":["Armaments","Rupture","Twin Strike"],"picked":"SKIP","floor":3},{"not_picked":["Anger","Wild Strike"],"picked":"Blood for Blood","floor":5},{"not_picked":["Shrug It Off","Havoc"],"picked":"Flame Barrier","floor":6},{"not_picked":["Reckless Charge","Body Slam","Warcry"],"picked":"SKIP","floor":8},{"not_picked":["Sentinel","Thunderclap","Clothesline"],"picked":"SKIP","floor":10},{"not_picked":["Sever Soul","Pummel"],"picked":"Ghostly Armor","floor":11},{"not_picked":["Searing Blow","Disarm"],"picked":"Power Through","floor":12},{"not_picked":["Seeing Red","Ghostly Armor"],"picked":"Battle Trance","floor":13},{"not_picked":["Warcry","Headbutt"],"picked":"Shrug It Off","floor":14}],"player_experience":809326,"relics_obtained":[{"floor":4,"key":"Eternal Feather"},{"floor":6,"key":"Pantograph"},{"floor":9,"key":"InkBottle"},{"floor":11,"key":"Mummified Hand"}],"event_choices":[{"damage_healed":0,"gold_gain":0,"player_choice":"Gave Potion","damage_taken":0,"relics_obtained":["Oddly Smooth Stone"],"max_hp_gain":0,"max_hp_loss":0,"event_name":"WeMeetAgain","floor":2,"gold_loss":0}],"is_beta":false,"boss_relics":[],"items_purged_floors":[],"is_endless":false,"potions_floor_spawned":[1,5,11,12],"killed_by":"Slime Boss","ascension_level":20}}