{"host":"54vghy6hfkyy1r39","time":1611042155,"event":{"mods":["AchievementEnabler","BaseMod","Minty Spire (QoL Compilation)","StSLib","SuperFastMode","everything is the same but u backflip on backflip"],"gold_per_floor":[111,36,55,55,130,130,158,158,238,238,251,285,304,204,204,308,308,322,340,370,370,22,22,121,36,91,106,126,126,126,156,156,253,253,272,494,510,101,101,101,114,114,188,29,48,61,61,76,76,76,76,76,4,35,35],"floor_reached":56,"language":"KOR","playtime":1728,"items_purged":["Strike_P","Defend_P","Strike_P","BowlingBash","Study"],"score":1298,"play_id":"5dab5829-ebac-4dee-acec-a2224eabd5ee","local_time":"20210119164235","is_ascension_mode":false,"campfire_choices":[{"data":"Eruption","floor":6,"key":"SMITH"},{"data":"EmptyBody","floor":8,"key":"SMITH"},{"floor":15,"key":"REST"},{"data":"TalkToTheHand","floor":23,"key":"SMITH"},{"floor":29,"key":"REST"},{"floor":32,"key":"REST"},{"floor":40,"key":"RECALL"},{"data":"Ragnarok","floor":42,"key":"SMITH"},{"data":"Vault","floor":47,"key":"SMITH"},{"floor":49,"key":"REST"},{"data":"ClearTheMind","floor":52,"key":"SMITH"}],"circlet_count":0,"master_deck":["Eruption+1","Vigilance","Crescendo","EmptyBody+1","FearNoEvil","ClearTheMind+1","Adaptation","Scrawl","EmptyBody+1","FlurryOfBlows+1","TalkToTheHand+1","Halt","FlurryOfBlows","Vault+1","Ragnarok+1","Ragnarok","Indignation","Adaptation","TalkToTheHand"],"relics":["PureWater","NeowsBlessing","Torii","Sundial","Question Card","Shuriken","Sozu","Red Mask","Nilry\u0027s Codex","Strange Spoon","Meat on the Bone","Omamori","Pen Nib","Pandora\u0027s Box","Membership Card","Anchor","Akabeko","Medical Kit","Bottled Lightning"],"acts_visited":["Exordium","TheCity","TheBeyond","TheEnding"],"potions_floor_usage":[55],"damage_taken":[{"damage":0,"enemies":"Jaw Worm","floor":1,"turns":1},{"damage":0,"enemies":"Small Slimes","floor":3,"turns":2},{"damage":0,"enemies":"Gremlin Nob","floor":7,"turns":1},{"damage":1,"enemies":"Cultist","floor":11,"turns":3},{"damage":35,"enemies":"Lagavulin","floor":12,"turns":9},{"damage":1,"enemies":"Blue Slaver","floor":13,"turns":4},{"damage":27,"enemies":"The Guardian","floor":16,"turns":11},{"damage":7,"enemies":"2 Thieves","floor":18,"turns":3},{"damage":0,"enemies":"Spheric Guardian","floor":19,"turns":3},{"damage":2,"enemies":"Masked Bandits","floor":20,"turns":5},{"damage":8,"enemies":"Snake Plant","floor":27,"turns":4},{"damage":0,"enemies":"Cultist and Chosen","floor":28,"turns":6},{"damage":1,"enemies":"Slavers","floor":31,"turns":4},{"damage":1,"enemies":"Collector","floor":33,"turns":6},{"damage":8,"enemies":"Orb Walker","floor":35,"turns":2},{"damage":0,"enemies":"3 Darklings","floor":37,"turns":2},{"damage":0,"enemies":"Spire Growth","floor":41,"turns":2},{"damage":8,"enemies":"Transient","floor":45,"turns":5},{"damage":9,"enemies":"3 Darklings","floor":46,"turns":3},{"damage":1,"enemies":"Spire Growth","floor":48,"turns":4},{"damage":0,"enemies":"Donu and Deca","floor":50,"turns":4},{"damage":0,"enemies":"Shield and Spear","floor":54,"turns":3},{"damage":54,"enemies":"The Heart","floor":55,"turns":6}],"seed_played":"-111551336216478247","potions_obtained":[{"floor":3,"key":"DuplicationPotion"},{"floor":7,"key":"Explosive Potion"},{"floor":13,"key":"LiquidMemories"}],"is_trial":false,"path_per_floor":["M","$","M","?","?","R","E","R","T","?","M","E","M","$","R","B",null,"M","M","?","?","$","R","?","?","T","M","M","R","$","E","R","B",null,"M","?","M","$","?","R","M","R","T","$","M","M","R","M","R","B",null,"R","$","E","B",null],"character_chosen":"WATCHER","items_purchased":["TalkToTheHand","Strange Spoon","Membership Card","Anchor","Akabeko","Indignation","Adaptation","TalkToTheHand","Medical Kit"],"campfire_rested":4,"item_purchase_floors":[22,22,38,38,38,38,44,44,53],"current_hp_per_floor":[72,72,72,65,54,54,54,54,54,54,53,18,17,17,38,11,72,65,65,63,47,47,47,47,47,47,39,39,60,60,59,72,71,72,64,64,64,64,64,64,64,64,64,64,56,47,47,46,66,66,68,68,68,68,26],"gold":35,"neow_bonus":"THREE_ENEMY_KILL","is_daily":false,"chose_seed":false,"campfire_upgraded":6,"win_rate":0.0,"timestamp":1611042155,"path_taken":["M","$","M","?","?","R","E","R","T","?","M","E","M","$","R","BOSS","M","M","?","?","$","R","?","?","T","?","M","R","$","E","R","BOSS","M","?","M","$","?","R","M","R","T","$","M","M","R","M","R","BOSS","R","$","E","BOSS"],"items_purchased_type":["Card","Relic","Relic","Relic","Relic","Card","Card","Card","Relic"],"build_version":"2020-12-22","purchased_purges":5,"victory":true,"max_hp_per_floor":[72,72,72,72,72,72,72,72,72,72,72,72,72,72,72,72,72,72,72,72,72,72,72,72,72,72,72,72,72,72,72,72,72,72,72,72,72,72,68,68,68,68,68,68,68,68,68,68,68,68,68,68,68,68,68],"card_choices":[{"not_picked":["FollowUp","Meditate"],"picked":"Crescendo","floor":1},{"not_picked":["PathToVictory","ClearTheMind"],"picked":"EmptyBody","floor":3},{"not_picked":["Indignation","Consecrate"],"picked":"FearNoEvil","floor":7},{"not_picked":["Study","ThirdEye","SpiritShield","SashWhip"],"picked":"SKIP","floor":11},{"not_picked":["Protect","EmptyFist","Nirvana"],"picked":"ClearTheMind","floor":12},{"not_picked":["Meditate","JustLucky","LikeWater"],"picked":"Adaptation","floor":13},{"not_picked":["Brilliance","Establishment","MasterReality"],"picked":"Scrawl","floor":16},{"not_picked":["Consecrate+1","SignatureMove","EmptyBody","CutThroughFate"],"picked":"SKIP","floor":18},{"not_picked":["CrushJoints+1","EmptyMind","EmptyFist"],"picked":"EmptyBody+1","floor":19},{"not_picked":["FollowUp","Establishment","Wireheading"],"picked":"FlurryOfBlows+1","floor":20},{"not_picked":["ForeignInfluence+1","CrushJoints","Brilliance"],"picked":"Halt","floor":27},{"not_picked":["EmptyBody","Nirvana+1","Consecrate+1"],"picked":"FlurryOfBlows","floor":28},{"not_picked":["BattleHymn+1","Swivel","ReachHeaven","EmptyBody+1"],"picked":"SKIP","floor":31},{"not_picked":["DeusExMachina","Omniscience","SpiritShield"],"picked":"Vault","floor":33},{"not_picked":["Protect","FlurryOfBlows+1","WreathOfFlame","EmptyBody+1"],"picked":"SKIP","floor":35},{"not_picked":["EmptyBody","ClearTheMind+1","Halt+1","FlyingSleeves+1"],"picked":"SKIP","floor":37},{"not_picked":["Prostrate+1","BowlingBash+1","Perseverance+1","PathToVictory+1"],"picked":"SKIP","floor":41},{"not_picked":["EmptyBody","ClearTheMind+1","SashWhip+1","Swivel"],"picked":"SKIP","floor":45},{"not_picked":["Blasphemy","FollowUp","Worship+1","EmptyBody+1"],"picked":"SKIP","floor":46},{"not_picked":["Meditate","EmptyMind+1","Vengeance+1","PathToVictory"],"picked":"SKIP","floor":48},{"not_picked":["ReachHeaven+1","Meditate","CarveReality+1","FlurryOfBlows"],"picked":"SKIP","floor":54}],"player_experience":203598,"relics_obtained":[{"floor":7,"key":"Sundial"},{"floor":9,"key":"Question Card"},{"floor":12,"key":"Shuriken"},{"floor":20,"key":"Red Mask"},{"floor":21,"key":"Nilry\u0027s Codex"},{"floor":26,"key":"Omamori"},{"floor":31,"key":"Pen Nib"},{"floor":54,"key":"Bottled Lightning"}],"event_choices":[{"damage_healed":0,"gold_gain":0,"player_choice":"Success","damage_taken":7,"relics_obtained":["Torii"],"max_hp_gain":0,"max_hp_loss":0,"event_name":"Scrap Ooze","floor":4,"gold_loss":0},{"damage_healed":0,"gold_gain":75,"player_choice":"Gather Gold","damage_taken":11,"max_hp_gain":0,"max_hp_loss":0,"event_name":"World of Goop","floor":5,"gold_loss":0},{"cards_removed":["Strike_P"],"damage_healed":0,"gold_gain":0,"player_choice":"Offered Basic","damage_taken":0,"max_hp_gain":0,"max_hp_loss":0,"event_name":"Bonfire Elementals","floor":10,"gold_loss":0},{"damage_healed":0,"gold_gain":0,"player_choice":"Fought Bandits","damage_taken":0,"max_hp_gain":0,"max_hp_loss":0,"event_name":"Masked Bandits","floor":20,"gold_loss":0},{"damage_healed":0,"gold_gain":0,"player_choice":"Obtained Book","damage_taken":16,"max_hp_gain":0,"max_hp_loss":0,"event_name":"Cursed Tome","floor":21,"gold_loss":0},{"damage_healed":0,"gold_gain":99,"player_choice":"Stole From Cult","damage_taken":0,"max_hp_gain":0,"max_hp_loss":0,"event_name":"Nest","floor":24,"gold_loss":0},{"damage_healed":0,"gold_gain":0,"player_choice":"Obtained Relic","damage_taken":0,"relics_obtained":["Meat on the Bone"],"max_hp_gain":0,"max_hp_loss":0,"event_name":"Addict","floor":25,"gold_loss":85},{"damage_healed":0,"gold_gain":222,"player_choice":"Wore Mask","damage_taken":0,"max_hp_gain":0,"max_hp_loss":0,"event_name":"Tomb of Lord Red Mask","floor":36,"gold_loss":0},{"damage_healed":0,"gold_gain":0,"player_choice":"Max HP","damage_taken":0,"max_hp_gain":0,"max_hp_loss":4,"event_name":"Winding Halls","floor":39,"gold_loss":0}],"is_beta":false,"boss_relics":[{"not_picked":["SacredBark","Tiny House"],"picked":"Sozu"},{"not_picked":["Black Star","SlaversCollar"],"picked":"Pandora\u0027s Box"}],"items_purged_floors":[2,14,22,38,44],"is_endless":false,"potions_floor_spawned":[3,7,13,16,18,19,28,31,35,41,48,54],"ascension_level":0}}