{"host":"fxjo6tp1j0b638k6","time":1611071313,"event":{"mods":["BaseMod","Minty Spire (QoL Compilation)","Permanent Neow","Quick Restart","Relic Stats","StSLib"],"gold_per_floor":[112,130,140,156,171,171,187,200,200,213,213,213,224,238,238,310,310,323,343,362,382,394,394,409,429,429,443,443,454,470,470,470,542,542,561,44,89,0,0,0,0,15,65,79,98,31,42,42,42,42,42],"floor_reached":52,"language":"ENG","playtime":3210,"items_purged":["Grand Finale"],"score":2195,"play_id":"68492740-f8ed-4cfb-9289-84e4f3b47eca","local_time":"20210119164833","daily_mods":["Shiny","Vintage","Heirloom","Time Dilation","Flight"],"is_ascension_mode":true,"campfire_choices":[{"data":"Echo Form","floor":6,"key":"SMITH"},{"data":"DevaForm","floor":11,"key":"SMITH"},{"data":"Doppelganger","floor":15,"key":"SMITH"},{"data":"A Thousand Cuts","floor":23,"key":"SMITH"},{"data":"Storm of Steel","floor":28,"key":"SMITH"},{"data":"Blade Dance","floor":32,"key":"SMITH"},{"data":"Blade Dance","floor":40,"key":"SMITH"},{"data":"Doppelganger","floor":49,"key":"SMITH"}],"circlet_count":0,"master_deck":["Demon Form+1","Wraith Form v2","Echo Form+1","DevaForm+1","AscendersBane","Corpse Explosion","Malaise","Phantasmal Killer","Die Die Die+1","Adrenaline","Envenom","Doppelganger+1","Burst","Wraith Form v2","Night Terror","Unload","After Image","Bullet Time","Storm of Steel+1","Glass Knife+1","A Thousand Cuts+1","Doppelganger+1","Blade Dance+1","Night Terror","Crippling Poison","Blade Dance+1","Backstab+1"],"relics":["Snecko Eye","Tingsha","Question Card","Toy Ornithopter","Eternal Feather","Anchor","Incense Burner","Molten Egg 2","Bottled Lightning","Mummified Hand","Blue Candle","Meat on the Bone","MealTicket","Empty Cage","Sundial","Whetstone","Happy Flower","HornCleat","Ornamental Fan","Turnip","Boot","FossilizedHelix","Pantograph","Shuriken","Thread and Needle","SlaversCollar","Vajra","Membership Card","Paper Crane","Art of War","TungstenRod","Red Mask","The Courier","Akabeko","Oddly Smooth Stone","Gremlin Horn","Chemical X","Singing Bowl"],"acts_visited":["Exordium","TheCity","TheBeyond"],"potions_floor_usage":[],"damage_taken":[{"damage":12,"enemies":"Jaw Worm","floor":1,"turns":2},{"damage":0,"enemies":"Cultist","floor":2,"turns":2},{"damage":5,"enemies":"2 Louse","floor":3,"turns":3},{"damage":0,"enemies":"2 Fungi Beasts","floor":4,"turns":2},{"damage":1,"enemies":"Large Slime","floor":5,"turns":4},{"damage":6,"enemies":"Blue Slaver","floor":7,"turns":3},{"damage":9,"enemies":"Exordium Thugs","floor":8,"turns":3},{"damage":0,"enemies":"Red Slaver","floor":10,"turns":2},{"damage":0,"enemies":"2 Fungi Beasts","floor":13,"turns":2},{"damage":8,"enemies":"Large Slime","floor":14,"turns":2},{"damage":7,"enemies":"The Guardian","floor":16,"turns":6},{"damage":6,"enemies":"Chosen","floor":18,"turns":3},{"damage":0,"enemies":"Spheric Guardian","floor":19,"turns":3},{"damage":0,"enemies":"Snake Plant","floor":20,"turns":3},{"damage":5,"enemies":"Cultist and Chosen","floor":21,"turns":4},{"damage":0,"enemies":"Snecko","floor":22,"turns":3},{"damage":0,"enemies":"3 Cultists","floor":24,"turns":2},{"damage":0,"enemies":"Shelled Parasite and Fungi","floor":25,"turns":3},{"damage":0,"enemies":"Cultist and Chosen","floor":27,"turns":2},{"damage":0,"enemies":"3 Cultists","floor":29,"turns":4},{"damage":9,"enemies":"Centurion and Healer","floor":30,"turns":3},{"damage":0,"enemies":"Automaton","floor":33,"turns":4},{"damage":20,"enemies":"3 Shapes","floor":35,"turns":3},{"damage":11,"enemies":"2 Orb Walkers","floor":37,"turns":2},{"damage":0,"enemies":"3 Darklings","floor":42,"turns":2},{"damage":0,"enemies":"Spire Growth","floor":44,"turns":2},{"damage":0,"enemies":"Jaw Worm Horde","floor":45,"turns":2},{"damage":0,"enemies":"Writhing Mass","floor":47,"turns":4},{"damage":0,"enemies":"Donu and Deca","floor":50,"turns":3},{"damage":0,"enemies":"Awakened One","floor":51,"turns":3}],"seed_played":"1673010590076867630","potions_obtained":[{"floor":2,"key":"CultistPotion"},{"floor":4,"key":"LiquidMemories"},{"floor":8,"key":"DuplicationPotion"}],"is_trial":true,"path_per_floor":["M","M","M","M","M","R","M","M","T","M","R","?","M","M","R","B",null,"M","M","M","M","M","R","M","M","T","M","R","M","M","?","R","B",null,"M","$","?","?","$","R","?","M","T","M","M","$","M","?","R","B","B",null],"character_chosen":"THE_SILENT","items_purchased":["Membership Card","Paper Crane","Art of War","Crippling Poison","Blade Dance","Backstab+1","Chemical X"],"campfire_rested":0,"item_purchase_floors":[36,36,36,36,36,36,46],"current_hp_per_floor":[47,47,42,42,41,53,47,38,38,38,50,50,50,42,54,47,61,55,55,55,50,50,62,62,62,62,62,66,66,57,57,66,66,66,46,61,50,50,65,66,57,57,57,57,57,66,66,66,66,66,66],"gold":42,"neow_bonus":"","is_daily":false,"chose_seed":false,"campfire_upgraded":8,"win_rate":0.0,"timestamp":1611071313,"path_taken":["M","M","M","M","M","R","M","M","T","M","R","?","M","M","R","BOSS","M","M","M","M","M","R","M","M","T","M","R","M","?","?","R","BOSS","M","$","?","?","$","R","?","M","T","M","M","?","?","?","R","BOSS","BOSS"],"items_purchased_type":["Relic","Relic","Relic","Card","Card","Card","Relic"],"build_version":"2020-12-22","purchased_purges":1,"victory":true,"max_hp_per_floor":[66,66,66,66,66,66,66,66,66,66,66,66,66,66,66,66,66,66,66,66,66,66,66,66,66,66,66,66,66,66,66,66,66,66,66,66,66,66,66,66,66,66,66,66,66,66,66,66,66,66,66],"relic_stats":{"Happy Flower":[15],"Gremlin Horn":[3,3],"Singing Bowl":0,"counters":[30,86],"Blue Candle":[0],"Tingsha":[415],"Eternal Feather":62,"Whetstone":["Glass Knife","Die Die Die"],"Question Card":6,"Boot":[3],"Mummified Hand":[156],"Sundial":[4],"Ornamental Fan":[84],"Shuriken":[21],"Pantograph":0,"Snecko Eye":[140,135,155,134],"MealTicket":39,"Turnip":[4],"Art of War":[0],"Chemical X":[8],"obtain_stats":[{"Gremlin Horn":45,"Singing Bowl":47,"Vajra":35,"Incense Burner":5,"Whetstone":19,"Empty Cage":17,"Boot":25,"HornCleat":21,"Mummified Hand":9,"Sundial":18,"Pantograph":27,"MealTicket":14,"Red Mask":38,"Chemical X":46,"Happy Flower":20,"Blue Candle":10,"Oddly Smooth Stone":44,"Tingsha":0,"Eternal Feather":3,"Thread and Needle":30,"The Courier":42,"Paper Crane":36,"Question Card":1,"Akabeko":43,"SlaversCollar":34,"Anchor":4,"Ornamental Fan":22,"Shuriken":29,"Snecko Eye":0,"Molten Egg 2":7,"Turnip":24,"Art of War":36,"Bottled Lightning":8,"Membership Card":36,"Toy Ornithopter":2,"FossilizedHelix":26,"TungstenRod":37,"Meat on the Bone":13},{"Gremlin Horn":27,"Singing Bowl":28,"Vajra":23,"Incense Burner":5,"Whetstone":13,"Empty Cage":11,"Boot":18,"HornCleat":15,"Mummified Hand":7,"Sundial":12,"Pantograph":19,"MealTicket":10,"Red Mask":24,"Chemical X":27,"Happy Flower":14,"Blue Candle":8,"Oddly Smooth Stone":26,"Tingsha":0,"Eternal Feather":3,"Thread and Needle":21,"The Courier":25,"Paper Crane":23,"Question Card":1,"Akabeko":25,"SlaversCollar":22,"Anchor":4,"Ornamental Fan":16,"Shuriken":20,"Snecko Eye":0,"Molten Egg 2":6,"Turnip":17,"Art of War":23,"Bottled Lightning":7,"Membership Card":23,"Toy Ornithopter":2,"FossilizedHelix":18,"TungstenRod":24,"Meat on the Bone":9},{"Gremlin Horn":76,"Singing Bowl":80,"Vajra":68,"Incense Burner":13,"Whetstone":37,"Empty Cage":31,"Boot":52,"HornCleat":44,"Mummified Hand":19,"Sundial":34,"Pantograph":54,"MealTicket":25,"Red Mask":70,"Chemical X":76,"Happy Flower":40,"Blue Candle":21,"Oddly Smooth Stone":74,"Tingsha":0,"Eternal Feather":7,"Thread and Needle":61,"The Courier":72,"Paper Crane":68,"Question Card":2,"Akabeko":72,"SlaversCollar":65,"Anchor":9,"Ornamental Fan":47,"Shuriken":58,"Snecko Eye":0,"Molten Egg 2":16,"Turnip":49,"Art of War":68,"Bottled Lightning":19,"Membership Card":68,"Toy Ornithopter":4,"FossilizedHelix":52,"TungstenRod":70,"Meat on the Bone":23}],"Toy Ornithopter":0,"TungstenRod":1,"Meat on the Bone":0},"card_choices":[{"not_picked":["Burst","A Thousand Cuts","Grand Finale+1"],"picked":"Doppelganger","floor":16},{"not_picked":["Tools of the Trade","After Image","Adrenaline"],"picked":"Night Terror","floor":33}],"player_experience":170479,"relics_obtained":[{"floor":1,"key":"Question Card"},{"floor":2,"key":"Toy Ornithopter"},{"floor":3,"key":"Eternal Feather"},{"floor":4,"key":"Anchor"},{"floor":5,"key":"Incense Burner"},{"floor":7,"key":"Molten Egg 2"},{"floor":8,"key":"Bottled Lightning"},{"floor":9,"key":"Mummified Hand"},{"floor":10,"key":"Blue Candle"},{"floor":13,"key":"Meat on the Bone"},{"floor":14,"key":"MealTicket"},{"floor":18,"key":"Sundial"},{"floor":19,"key":"Whetstone"},{"floor":20,"key":"Happy Flower"},{"floor":21,"key":"HornCleat"},{"floor":22,"key":"Ornamental Fan"},{"floor":24,"key":"Turnip"},{"floor":25,"key":"Boot"},{"floor":26,"key":"FossilizedHelix"},{"floor":27,"key":"Pantograph"},{"floor":29,"key":"Shuriken"},{"floor":30,"key":"Thread and Needle"},{"floor":35,"key":"Vajra"},{"floor":37,"key":"TungstenRod"},{"floor":42,"key":"The Courier"},{"floor":43,"key":"Akabeko"},{"floor":44,"key":"Oddly Smooth Stone"},{"floor":45,"key":"Gremlin Horn"},{"floor":47,"key":"Singing Bowl"}],"event_choices":[{"damage_healed":0,"gold_gain":0,"player_choice":"Upgraded","damage_taken":0,"max_hp_gain":0,"max_hp_loss":0,"event_name":"Upgrade Shrine","floor":12,"gold_loss":0,"cards_upgraded":["Demon Form"]},{"damage_healed":0,"gold_gain":0,"player_choice":"Read","damage_taken":0,"max_hp_gain":0,"max_hp_loss":0,"event_name":"The Library","floor":31,"gold_loss":0,"cards_obtained":["Blade Dance"]},{"damage_healed":0,"gold_gain":0,"player_choice":"Fight","damage_taken":0,"max_hp_gain":0,"max_hp_loss":0,"event_name":"Mysterious Sphere","floor":37,"gold_loss":0},{"damage_healed":0,"gold_gain":0,"player_choice":"Paid","damage_taken":0,"relics_obtained":["Red Mask"],"max_hp_gain":0,"max_hp_loss":0,"event_name":"Tomb of Lord Red Mask","floor":38,"gold_loss":89},{"damage_healed":0,"gold_gain":0,"player_choice":"Memory 3","damage_taken":10,"max_hp_gain":0,"max_hp_loss":0,"event_name":"SensoryStone","floor":41,"gold_loss":0},{"damage_healed":0,"gold_gain":0,"player_choice":"Got Potions","damage_taken":0,"max_hp_gain":0,"max_hp_loss":0,"event_name":"Lab","floor":48,"gold_loss":0}],"is_beta":false,"boss_relics":[{"not_picked":["Velvet Choker","Tiny House"],"picked":"Empty Cage"},{"not_picked":["Astrolabe","SacredBark"],"picked":"SlaversCollar"}],"items_purged_floors":[36],"is_endless":false,"potions_floor_spawned":[2,4,8,10,14,16,19,20,21,29,33,42,47],"ascension_level":20}}