{"host":"exhp4inpfmbngj23","time":1611025472,"event":{"mods":["Abigail Mod","BaseMod","Beaked The Cultist","Downfall","Friendly Minions","Gremlin Mod","Kiyohime????","Minty Spire (QoL Compilation)","StSLib","The Alterego"],"gold_per_floor":[99,115,130,130,230,244,244,271,71,86,86,102,115,17,27,123,123,123,149,83,95,95,95,95,95],"floor_reached":23,"language":"ENG","playtime":3160,"items_purged":[],"score":193,"play_id":"bfef39c3-a4a5-4fa8-8fe6-d1d842dcf5fc","local_time":"20210118190432","is_ascension_mode":false,"campfire_choices":[{"floor":1,"key":"RECALL"},{"data":"hexamod:RainOfEmbers","floor":9,"key":"SMITH"},{"floor":11,"key":"REST"},{"data":"hexamod:Incineration","floor":18,"key":"SMITH"}],"circlet_count":0,"master_deck":["hexamod:Sear","hexamod:Float","hexamod:Firestarter","hexamod:AdvancingGuard","hexamod:RainOfEmbers+1","hexamod:TimeOfNeed","hexamod:Hexaguard","hexamod:GhostOfSpirePresent","hexamod:RadiantFlame","expansioncontent:LastStand","hexamod:SecondSeal","hexamod:VolcanoVisage","hexamod:Incineration+1","hexamod:PhantomCloak","hexamod:ChargedBarrage","hexamod:DynamicBlow","hexamod:NecessarySacrifice","hexamod:GhostOfSpirePast","hexamod:GhostflameBarrier","hexamod:Rewind","hexamod:RadiantFlame+1","hexamod:GhostLash","hexamod:HauntingEcho","hexamod:FastForward+1"],"relics":["hexamod:SpiritBrand","Juzu Bracelet","Sundial","downfall:HeartBlessingRed","downfall:HeartBlessingGreen","Pandora\u0027s Box"],"acts_visited":["Exordium","TheCity"],"potions_floor_usage":[8,16],"damage_taken":[{"damage":0,"enemies":"Cultist","floor":2,"turns":3},{"damage":6,"enemies":"Small Slimes","floor":3,"turns":4},{"damage":1,"enemies":"Jaw Worm","floor":6,"turns":3},{"damage":15,"enemies":"3 Sentries","floor":8,"turns":10},{"damage":20,"enemies":"Exordium Thugs","floor":10,"turns":4},{"damage":0,"enemies":"Exordium Wildlife","floor":12,"turns":3},{"damage":10,"enemies":"Red Slaver","floor":13,"turns":3},{"damage":0,"enemies":"downfall:FleeingMerchant","floor":14,"turns":4},{"damage":0,"enemies":"3 Louse","floor":15,"turns":3},{"damage":47,"enemies":"DF_ARCHETYPE_STREAMLINE","floor":16,"turns":13},{"damage":29,"enemies":"3 Byrds","floor":19,"turns":4},{"damage":2,"enemies":"downfall:FleeingMerchant","floor":20,"turns":4},{"damage":32,"enemies":"Snake Plant","floor":21,"turns":3},{"damage":20,"enemies":"Shelled Parasite and Fungi","floor":23,"turns":3}],"seed_played":"5904748500981259051","potions_obtained":[{"floor":2,"key":"Swift Potion"},{"floor":3,"key":"SteroidPotion"},{"floor":10,"key":"Block Potion"},{"floor":16,"key":"sneckomod:MuddlingPotion"}],"is_trial":false,"path_per_floor":["R","M","M","?","?","M","T","E","R","M","R","M","M","$","M","B",null,"R","M","$","M","?","M"],"character_chosen":"THE_SPIRIT","items_purchased":["expansioncontent:LastStand","hexamod:HauntingEcho"],"campfire_rested":1,"item_purchase_floors":[14,20],"current_hp_per_floor":[77,77,71,76,76,75,75,60,60,40,64,64,54,54,54,7,82,82,53,51,19,19,0,0,0],"gold":95,"neow_bonus":"TEN_PERCENT_HP_BONUS","is_daily":false,"chose_seed":false,"campfire_upgraded":2,"win_rate":0.0,"timestamp":1611025472,"path_taken":["R","M","M","?","?","M","T","E","R","M","R","M","M","$","M","BOSS","R","M","$","M","?","M"],"items_purchased_type":["Card","Card"],"build_version":"2020-12-22","purchased_purges":0,"victory":false,"max_hp_per_floor":[77,77,77,82,82,82,82,82,82,82,82,82,82,82,82,82,82,82,82,82,82,82,82,82,82],"card_choices":[{"not_picked":["hexamod:DynamicBlow","hexamod:NightmareStrike"],"picked":"hexamod:Firestarter","floor":2},{"not_picked":["hexamod:GhostLash","hexamod:HeatMetal"],"picked":"hexamod:AdvancingGuard","floor":3},{"not_picked":["hexamod:BurningTouch","hexamod:EtherealExpedition"],"picked":"hexamod:RainOfEmbers","floor":6},{"not_picked":["hexamod:InspiringFlames","hexamod:AdvancingGuard"],"picked":"hexamod:TimeOfNeed","floor":8},{"not_picked":["hexamod:AdvancingGuard","hexamod:HauntingEcho"],"picked":"hexamod:Hexaguard","floor":10},{"not_picked":["hexamod:ShieldOfDarkness","hexamod:NightmareGuise","hexamod:NightmareStrike"],"picked":"SKIP","floor":12},{"not_picked":["hexamod:NightmareStrike","hexamod:RainOfEmbers"],"picked":"hexamod:GhostOfSpirePresent","floor":13},{"not_picked":["hexamod:Haunt","hexamod:BacktrackSmack"],"picked":"hexamod:RadiantFlame","floor":14},{"not_picked":["hexamod:EtherealExpedition","hexamod:AdvancingGuard"],"picked":"hexamod:SecondSeal","floor":15},{"not_picked":["hexamod:FlameSwitch","hexamod:SearingWound"],"picked":"hexamod:VolcanoVisage","floor":16},{"not_picked":["hexamod:BurningTouch+1","hexamod:Rewind"],"picked":"hexamod:RadiantFlame+1","floor":19},{"not_picked":["hexamod:HauntingEcho","hexamod:ThirdSeal"],"picked":"hexamod:GhostLash","floor":20},{"not_picked":["hexamod:GhostLash","hexamod:SpectersWail"],"picked":"hexamod:FastForward+1","floor":21}],"player_experience":1999921,"relics_obtained":[{"floor":7,"key":"Juzu Bracelet"},{"floor":8,"key":"Sundial"}],"event_choices":[{"damage_healed":0,"gold_gain":0,"player_choice":"Donut","damage_taken":0,"max_hp_gain":5,"max_hp_loss":0,"event_name":"Big Fish","floor":4,"gold_loss":0}],"is_beta":false,"boss_relics":[{"not_picked":["beaked:SacredDeck","beaked:MawFillet"],"picked":"Pandora\u0027s Box"}],"items_purged_floors":[],"is_endless":false,"potions_floor_spawned":[2,3,10,16],"killed_by":"Shelled Parasite and Fungi","ascension_level":0}}