{"host":"t7mx8yfj1no5p62f","time":1611078100,"event":{"mods":["BaseMod","Bestiary","Colored Map","Colored Powertips","Minty Spire (QoL Compilation)","Relic Stats","StSLib","ojb\u0027s Info Mod"],"gold_per_floor":[114,128,143,160,176,176,190,190,190,190,220,220,3,18,18,93,93,112,112,124,124,135,135,153,153,153],"floor_reached":25,"language":"ENG","playtime":842,"items_purged":["Pain"],"score":564,"play_id":"9b4034bb-d50e-4b16-a0f8-52695b607acb","local_time":"20210119124140","is_ascension_mode":true,"campfire_choices":[{"data":"Bouncing Flask","floor":6,"key":"SMITH"},{"data":"Dodge and Roll","floor":12,"key":"SMITH"},{"data":"Catalyst","floor":15,"key":"SMITH"},{"data":"Acrobatics","floor":23,"key":"SMITH"}],"circlet_count":0,"master_deck":["AscendersBane","Strike_G","Strike_G","Strike_G","Strike_G","Defend_G","Defend_G","Defend_G","Defend_G","Defend_G","Survivor","Neutralize","Poisoned Stab","Dagger Throw","All Out Attack","Reflex","Bouncing Flask+1","Calculated Gamble","Adrenaline","Dodge and Roll+1","Footwork","Catalyst+1","Corpse Explosion","Footwork","Reflex","Acrobatics+1","Calculated Gamble+1"],"relics":["SacredBark","Centennial Puzzle","WarpedTongs","Ice Cream","Coffee Dripper","Sundial"],"acts_visited":["Exordium","TheCity"],"potions_floor_usage":[11,16,18,22,25],"damage_taken":[{"damage":1,"enemies":"Cultist","floor":1,"turns":5},{"damage":1,"enemies":"Small Slimes","floor":2,"turns":3},{"damage":0,"enemies":"2 Louse","floor":3,"turns":2},{"damage":7,"enemies":"Large Slime","floor":4,"turns":8},{"damage":0,"enemies":"Gremlin Gang","floor":5,"turns":3},{"damage":13,"enemies":"3 Louse","floor":7,"turns":3},{"damage":15,"enemies":"3 Sentries","floor":11,"turns":6},{"damage":2,"enemies":"Blue Slaver","floor":14,"turns":3},{"damage":0,"enemies":"The Guardian","floor":16,"turns":3},{"damage":9,"enemies":"3 Byrds","floor":18,"turns":3},{"damage":5,"enemies":"Spheric Guardian","floor":20,"turns":3},{"damage":5,"enemies":"Centurion and Healer","floor":22,"turns":5},{"damage":11,"enemies":"Shelled Parasite and Fungi","floor":24,"turns":5},{"damage":26,"enemies":"Gremlin Leader","floor":25,"turns":2}],"seed_played":"-2015625896023632211","potions_obtained":[{"floor":4,"key":"PowerPotion"},{"floor":11,"key":"Swift Potion"},{"floor":14,"key":"DuplicationPotion"},{"floor":16,"key":"Dexterity Potion"},{"floor":20,"key":"Swift Potion"}],"is_trial":false,"path_per_floor":["M","M","M","M","M","R","M","?","T","?","E","R","$","M","R","B",null,"M","T","M","?","M","R","M","E"],"character_chosen":"THE_SILENT","items_purchased":["Footwork","SkillPotion"],"campfire_rested":0,"item_purchase_floors":[13,13],"current_hp_per_floor":[58,57,57,50,50,50,37,37,37,37,22,22,22,20,20,20,55,46,46,41,41,36,36,25,0,0],"gold":153,"neow_bonus":"BOSS_RELIC","is_daily":false,"chose_seed":false,"campfire_upgraded":4,"win_rate":0.0,"timestamp":1611078100,"path_taken":["M","M","M","M","?","R","M","?","T","?","E","R","$","M","R","BOSS","M","?","M","?","M","R","M","E"],"items_purchased_type":["Card","Potion"],"build_version":"2020-12-22","purchased_purges":1,"victory":false,"max_hp_per_floor":[66,66,66,66,66,66,66,66,66,66,66,66,66,66,66,66,66,66,66,66,66,66,66,66,66,66],"relic_stats":{"Centennial Puzzle":[21],"counters":[14,54],"Sundial":[2],"obtain_stats":[{"Ice Cream":11,"Centennial Puzzle":9,"Sundial":19,"SacredBark":0,"Coffee Dripper":17,"Ring of the Snake":0,"WarpedTongs":10},{"Ice Cream":7,"Centennial Puzzle":6,"Sundial":10,"SacredBark":0,"Coffee Dripper":9,"Ring of the Snake":0,"WarpedTongs":6},{"Ice Cream":30,"Centennial Puzzle":24,"Sundial":39,"SacredBark":0,"Coffee Dripper":36,"Ring of the Snake":0,"WarpedTongs":24}],"WarpedTongs":[30]},"card_choices":[{"not_picked":["Deflect","Bane"],"picked":"Poisoned Stab","floor":1},{"not_picked":["Bane","Backstab"],"picked":"Dagger Throw","floor":2},{"not_picked":["Expertise","Dagger Spray"],"picked":"All Out Attack","floor":3},{"not_picked":["Poisoned Stab","Outmaneuver"],"picked":"Reflex","floor":4},{"not_picked":["Dagger Throw","Accuracy"],"picked":"Bouncing Flask","floor":5},{"not_picked":["Accuracy","Quick Slash"],"picked":"Calculated Gamble","floor":7},{"not_picked":["Quick Slash","Night Terror"],"picked":"Dodge and Roll","floor":11},{"not_picked":["Deadly Poison","Well Laid Plans"],"picked":"Catalyst","floor":14},{"not_picked":["After Image","Night Terror"],"picked":"Corpse Explosion","floor":16},{"not_picked":["Dash","Quick Slash"],"picked":"Footwork","floor":18},{"not_picked":["Dagger Spray","Caltrops"],"picked":"Reflex","floor":20},{"not_picked":["Underhanded Strike+1","Infinite Blades"],"picked":"Acrobatics","floor":22},{"not_picked":["Outmaneuver+1","Distraction"],"picked":"Calculated Gamble+1","floor":24}],"player_experience":1790531,"relics_obtained":[{"floor":9,"key":"Centennial Puzzle"},{"floor":11,"key":"Ice Cream"},{"floor":19,"key":"Sundial"}],"event_choices":[{"damage_healed":0,"gold_gain":0,"cards_transformed":["Strike_G"],"player_choice":"Change","damage_taken":0,"max_hp_gain":0,"max_hp_loss":0,"event_name":"Living Wall","floor":8,"gold_loss":0,"cards_obtained":["Adrenaline"]},{"damage_healed":0,"gold_gain":0,"player_choice":"Rummage","damage_taken":0,"relics_obtained":["WarpedTongs"],"max_hp_gain":0,"max_hp_loss":0,"event_name":"Accursed Blacksmith","floor":10,"gold_loss":0,"cards_obtained":["Pain"]},{"damage_healed":0,"gold_gain":0,"player_choice":"Ignored","damage_taken":0,"max_hp_gain":0,"max_hp_loss":0,"event_name":"The Mausoleum","floor":21,"gold_loss":0}],"is_beta":false,"boss_relics":[{"not_picked":["Busted Crown","Astrolabe"],"picked":"Coffee Dripper"}],"items_purged_floors":[13],"is_endless":false,"potions_floor_spawned":[4,11,14,16,20],"killed_by":"Gremlin Leader","ascension_level":20}}