{"host":"f0gpob8hq9vgebej","time":1611024048,"event":{"mods":["AchievementEnabler","BaseMod","Minty Spire (QoL Compilation)","Quick Restart","SuperFastMode"],"gold_per_floor":[218,168,43,63,77,103,103,113,136,36,56,68,99,99,99,197,197,207,224,237,162,73,73,91,91,91,101,101,151,170,170,170],"floor_reached":31,"language":"KOR","playtime":717,"items_purged":["Strike_B","Strike_B"],"score":324,"play_id":"03ccdac8-b28b-4523-acde-24d0b3b89677","local_time":"20210119114048","is_ascension_mode":true,"campfire_choices":[{"data":"Defragment","floor":7.0,"key":"SMITH"},{"floor":15.0,"key":"REST"},{"floor":23,"key":"REST"},{"data":"Amplify","floor":25,"key":"SMITH"},{"data":"Defragment","floor":28,"key":"SMITH"}],"circlet_count":0,"master_deck":["Defend_B","Defend_B","Zap","Dualcast","Defragment+1","Ball Lightning","Barrage","Force Field","Amplify+1","Capacitor","Coolheaded","Biased Cognition","Conserve Battery+1","Loop","Defragment+1","Conserve Battery","Conserve Battery+1","Static Discharge","Loop"],"relics":["Cracked Core","Lantern","Toy Ornithopter","Orichalcum","Regal Pillow","Empty Cage","Cables"],"acts_visited":["Exordium","TheCity"],"potions_floor_usage":[16,31],"damage_taken":[{"damage":2.0,"enemies":"Jaw Worm","floor":1.0,"turns":4.0},{"damage":0.0,"enemies":"2 Louse","floor":4.0,"turns":4.0},{"damage":1.0,"enemies":"Cultist","floor":5.0,"turns":3.0},{"damage":15.0,"enemies":"Gremlin Nob","floor":6.0,"turns":3.0},{"damage":16.0,"enemies":"Large Slime","floor":8.0,"turns":6.0},{"damage":4.0,"enemies":"Red Slaver","floor":11.0,"turns":4.0},{"damage":0.0,"enemies":"3 Louse","floor":12.0,"turns":3.0},{"damage":13.0,"enemies":"3 Sentries","floor":13.0,"turns":5.0},{"damage":17,"enemies":"Slime Boss","floor":16,"turns":7},{"damage":34,"enemies":"2 Thieves","floor":18,"turns":4},{"damage":8,"enemies":"Shell Parasite","floor":19,"turns":5},{"damage":21,"enemies":"3 Cultists","floor":20,"turns":5},{"damage":17,"enemies":"Snake Plant","floor":24,"turns":5},{"damage":9,"enemies":"Centurion and Healer","floor":27,"turns":5},{"damage":11,"enemies":"Snecko","floor":30,"turns":4},{"damage":9,"enemies":"Snake Plant","floor":31,"turns":1}],"seed_played":"6447885987232108639","potions_obtained":[{"floor":4.0,"key":"DistilledChaos"},{"floor":6.0,"key":"DistilledChaos"},{"floor":13.0,"key":"Strength Potion"},{"floor":20,"key":"SteroidPotion"},{"floor":30,"key":"SpeedPotion"}],"is_trial":false,"path_per_floor":["M","?","$","M","M","E","R","M","T","$","M","M","E","?","R","B",null,"M","M","M","?","$","R","M","R","T","M","R","?","M","M"],"character_chosen":"DEFECT","items_purchased":["Ball Lightning","Defragment","Conserve Battery"],"campfire_rested":2,"item_purchase_floors":[3,22,22],"current_hp_per_floor":[66,66,66,66,65,50,50,34,34,34,30,30,22,19,56,44,67,33,25,4,4,4,41,24,24,24,15,15,15,4,0,0],"gold":170,"neow_bonus":"HUNDRED_GOLD","is_daily":false,"chose_seed":false,"campfire_upgraded":3,"win_rate":0.0,"timestamp":1611024048,"path_taken":["M","?","$","M","M","E","R","M","T","$","M","M","E","?","R","BOSS","M","M","M","?","$","R","M","R","T","M","R","?","M","M"],"items_purchased_type":["Card","Card","Card"],"build_version":"2020-12-22","purchased_purges":2,"victory":false,"max_hp_per_floor":[75,75,75,75,75,75,75,75,75,75,75,75,75,75,75,75,75,75,75,75,75,75,75,75,75,75,75,75,75,75,75,75],"card_choices":[{"not_picked":["Compile Driver","Steam Power"],"picked":"Defragment","floor":1.0},{"not_picked":["Cold Snap","Rebound"],"picked":"Barrage","floor":4.0},{"not_picked":["Hello World","Recycle","Cold Snap"],"picked":"SKIP","floor":5.0},{"not_picked":["Rebound","Barrage"],"picked":"Force Field","floor":6.0},{"not_picked":["Ball Lightning","Streamline"],"picked":"Amplify","floor":8.0},{"not_picked":["Heatsinks","Force Field"],"picked":"Capacitor","floor":11.0},{"not_picked":["Go for the Eyes","Rebound","Stack"],"picked":"SKIP","floor":12.0},{"not_picked":["Rainbow","Stack"],"picked":"Coolheaded","floor":13.0},{"not_picked":["Thunder Strike","Core Surge"],"picked":"Biased Cognition","floor":16},{"not_picked":["Hologram","Glacier+1"],"picked":"Conserve Battery+1","floor":18},{"not_picked":["Steam","Compile Driver"],"picked":"Loop","floor":19},{"not_picked":["Sweeping Beam","Cold Snap","Redo"],"picked":"SKIP","floor":20},{"not_picked":["Compile Driver","BootSequence"],"picked":"Conserve Battery+1","floor":24},{"not_picked":["Reprogram","Gash+1"],"picked":"Static Discharge","floor":27},{"not_picked":["Aggregate+1","Reprogram+1"],"picked":"Loop","floor":30}],"player_experience":170627,"relics_obtained":[{"floor":6.0,"key":"Lantern"},{"floor":9.0,"key":"Toy Ornithopter"},{"floor":13.0,"key":"Orichalcum"},{"floor":26,"key":"Cables"}],"event_choices":[{"cards_removed":["Strike_B"],"damage_healed":0.0,"max_hp_gain":0.0,"max_hp_loss":0.0,"gold_gain":0.0,"event_name":"The Cleric","player_choice":"Card Removal","floor":2.0,"gold_loss":50.0,"damage_taken":0.0},{"damage_healed":0.0,"max_hp_gain":0.0,"max_hp_loss":0.0,"gold_gain":0.0,"event_name":"Scrap Ooze","player_choice":"Success","floor":14.0,"gold_loss":0.0,"damage_taken":3.0,"relics_obtained":["Regal Pillow"]},{"cards_removed":["Defend_B"],"damage_healed":0,"gold_gain":0,"player_choice":"Gave Gold","damage_taken":0,"max_hp_gain":0,"max_hp_loss":0,"event_name":"Beggar","floor":21,"gold_loss":75},{"damage_healed":0,"gold_gain":100,"player_choice":"Bet on Murderer","damage_taken":0,"max_hp_gain":0,"max_hp_loss":0,"event_name":"The Joust","floor":29,"gold_loss":50}],"is_beta":false,"boss_relics":[{"not_picked":["Sozu","Ectoplasm"],"picked":"Empty Cage"}],"items_purged_floors":[3,10],"is_endless":false,"potions_floor_spawned":[4,6,13,20,30],"killed_by":"Snake Plant","ascension_level":6}}