{"host":"kq2g769nefmuyn7c","time":1611071641,"event":{"mods":["ATMod(°¢èªMod)","Act Like it!","BaseMod","Gensokyo","Koishi","Minty Spire (QoL Compilation)","Remilia£¨ÀÙÃ×ÀòÑÇ£©","Replay The Spire","StSLib","The Servant 0.9.4"],"gold_per_floor":[114,45,62,82,93,93,110,110,110,120,120,150,150,163,163,268,268,268,268],"floor_reached":18,"language":"ZHS","playtime":851,"items_purged":[],"score":227,"play_id":"7fa20af7-c188-474f-b856-fdcf2c312671","local_time":"20210119235401","is_ascension_mode":true,"campfire_choices":[{"data":"Searing Blow","floor":6,"key":"SMITH"},{"data":"Searing Blow+1","floor":8,"key":"SMITH"},{"data":"Searing Blow+2","floor":11,"key":"SMITH"},{"data":"Searing Blow+3","floor":15,"key":"SMITH"}],"circlet_count":0,"master_deck":["Strike_R","Strike_R","Strike_R","Strike_R","Defend_R","Defend_R","Defend_R","Defend_R","Bash","AT_RealColorLess+1","AT_DiedThrough","Searing Blow+4","Fire Breathing","Shrug It Off","Battle Trance"],"relics":["Burning Blood","AT_ATBox","Chameleon Ring","Centennial Puzzle","Runic Pyramid"],"acts_visited":["Exordium","TheCity"],"potions_floor_usage":[5,7],"damage_taken":[{"damage":2,"enemies":"Cultist","floor":1,"turns":4},{"damage":9,"enemies":"Jaw Worm","floor":3,"turns":4},{"damage":5,"enemies":"Small Slimes","floor":4,"turns":3},{"damage":4,"enemies":"3 Louse","floor":5,"turns":5},{"damage":19,"enemies":"Gremlin Gang","floor":7,"turns":5},{"damage":7,"enemies":"Exordium Wildlife","floor":10,"turns":4},{"damage":25,"enemies":"Lagavulin","floor":12,"turns":7},{"damage":9,"enemies":"Looter","floor":14,"turns":4},{"damage":25,"enemies":"Fading Forest","floor":16,"turns":11},{"damage":4,"enemies":"3 Byrds","floor":18,"turns":2}],"seed_played":"-764213726289526790","potions_obtained":[{"floor":1,"key":"GamblersBrew"},{"floor":4,"key":"SkillPotion"},{"floor":5,"key":"SkillPotion"},{"floor":14,"key":"SteroidPotion"}],"is_trial":false,"path_per_floor":["M","$","M","M","M","R","M","R","T","M","R","E","?","M","R","B",null,"M"],"character_chosen":"IRONCLAD","items_purchased":["Searing Blow"],"campfire_rested":0,"item_purchase_floors":[2],"current_hp_per_floor":[80,80,77,78,80,80,67,67,67,66,66,47,40,37,37,26,80,76,76],"gold":268,"neow_bonus":"UPGRADE_CARD","is_daily":false,"chose_seed":false,"campfire_upgraded":4,"win_rate":0.0,"timestamp":1611071641,"path_taken":["M","?","M","M","M","R","M","R","T","M","R","E","?","M","R","BOSS","M"],"items_purchased_type":["Card"],"build_version":"2020-12-22","purchased_purges":0,"victory":false,"max_hp_per_floor":[80,80,80,80,80,80,80,80,80,80,80,80,80,80,80,80,80,80,80],"card_choices":[{"not_picked":["ReplayTheSpireMod:Stacked","AT_CaressingTears"],"picked":"AT_DiedThrough","floor":1},{"not_picked":["Fire Breathing","Iron Wave","ReplayTheSpireMod:Strike From Hell"],"picked":"SKIP","floor":3},{"not_picked":["Havoc","Dark Embrace","Anger"],"picked":"SKIP","floor":4},{"not_picked":["Infernal Blade","ReplayTheSpireMod:Strike From Hell","Pommel Strike"],"picked":"SKIP","floor":5},{"not_picked":["Flex","Warcry","AT_BodySlamDance"],"picked":"SKIP","floor":7},{"not_picked":["Ghostly Armor","Dark Embrace"],"picked":"Fire Breathing","floor":10},{"not_picked":["AT_Dispersion","Rage"],"picked":"Shrug It Off","floor":12},{"not_picked":["Carnage","Heavy Blade"],"picked":"Battle Trance","floor":14}],"player_experience":293638,"relics_obtained":[{"floor":9,"key":"Chameleon Ring"},{"floor":12,"key":"Centennial Puzzle"}],"event_choices":[{"cards_removed":["Strike_R"],"damage_healed":0,"gold_gain":0,"player_choice":"Card Removal","damage_taken":7,"max_hp_gain":0,"max_hp_loss":0,"event_name":"Golden Wing","floor":13,"gold_loss":0}],"is_beta":false,"boss_relics":[{"not_picked":["Cursed Key","Replay:Ancient Bell"],"picked":"Runic Pyramid"}],"items_purged_floors":[],"is_endless":false,"potions_floor_spawned":[1,4,5,14],"killed_by":"3 Byrds","ascension_level":4}}