{"host":"6e4d2nejd5141r00","time":1611054743,"event":{"mods":["Act Like it!","BaseMod","Better Synergies","Better Third Choice","BetterRewards","CapriCore","Colored Map","Colored Powertips","GifTheSpireLib","Hallownest","Minty Spire (QoL Compilation)","Pale of the Ancients","Relic Stats","StSLib","The Bug Knight","Wandering Minibosses"],"gold_per_floor":[116,130,130,55,55,83,97,97,149,149,34,34,59,75,75,75,75],"floor_reached":16,"language":"ENG","playtime":1386,"items_purged":["Hallownest:curseDreamersLament"],"score":108,"play_id":"7e417183-5ac6-4681-91dd-3c100941f15a","local_time":"20210119121223","is_ascension_mode":false,"campfire_choices":[{"data":"HollowMod:CycloneSlash","floor":12,"key":"SMITH"},{"floor":15,"key":"REST"}],"circlet_count":0,"master_deck":["HollowMod:NailStrikeStart","HollowMod:NailStrikeStart","HollowMod:NailStrikeStart","HollowMod:NailStrikeStart","HollowMod:QuickDashStart","HollowMod:QuickDashStart","HollowMod:QuickDashStart+1","HollowMod:QuickDashStart","HollowMod:FocusHealStart+1","HollowMod:PogoStrike","HollowMod:CycloneSlash+1","Doubt","HollowMod:BrokenVessel","HollowMod:NewGlowingWomb","HollowMod:FastStrike"],"relics":["HollowMod:VesselMask","Hallownest:TeacherSealRelic","HollowMod:MillibellesNoteRelic","Omamori","Odd Mushroom","Gambling Chip"],"acts_visited":["Hallownest:Greenpath"],"potions_floor_usage":[13,16],"damage_taken":[{"damage":8,"enemies":"Hallownest:monsterHuskGuard","floor":1,"turns":5},{"damage":0,"enemies":"2_ Uuma","floor":2,"turns":6},{"damage":46,"enemies":"Hallownest:eliteMossKnight","floor":6,"turns":12},{"damage":1,"enemies":"Hallownest:monsterHuskWarrior","floor":7,"turns":6},{"damage":60,"enemies":"Hallownest:eliteCrystalGuardian","floor":13,"turns":14},{"damage":17,"enemies":"Hallownest:1_Baldur_1_Crawlid_1_Warrior","floor":14,"turns":6},{"damage":50,"enemies":"Hallownest:BossHornet","floor":16,"turns":9}],"seed_played":"3100459917017600693","potions_obtained":[{"floor":1,"key":"FairyPotion"},{"floor":6,"key":"Weak Potion"},{"floor":14,"key":"AttackPotion"}],"is_trial":false,"path_per_floor":["M","M","?","$","?","E","M","?","T","?","?","R","E","M","R","B"],"character_chosen":"THE_BUGKNIGHT","items_purchased":[],"campfire_rested":1,"item_purchase_floors":[],"current_hp_per_floor":[67,67,67,67,67,31,40,40,40,40,40,40,22,15,37,0,0],"gold":75,"neow_bonus":"UPGRADE_CARD","is_daily":false,"chose_seed":false,"campfire_upgraded":1,"win_rate":0.0,"timestamp":1611054743,"path_taken":["M","?","?","$","?","E","?","?","T","?","?","R","E","M","R","BOSS"],"items_purchased_type":[],"build_version":"2020-12-22","purchased_purges":1,"victory":false,"max_hp_per_floor":[75,75,75,75,75,75,75,75,75,75,75,75,75,75,75,75,75],"relic_stats":{"counters":[7,58],"Gambling Chip":[5],"obtain_stats":[{"Gambling Chip":13,"HollowMod:VesselMask":0,"Omamori":9,"Odd Mushroom":11,"HollowMod:MillibellesNoteRelic":6,"Hallownest:TeacherSealRelic":3},{"Gambling Chip":5,"HollowMod:VesselMask":0,"Omamori":4,"Odd Mushroom":4,"HollowMod:MillibellesNoteRelic":3,"Hallownest:TeacherSealRelic":2},{"Gambling Chip":43,"HollowMod:VesselMask":0,"Omamori":29,"Odd Mushroom":29,"HollowMod:MillibellesNoteRelic":23,"Hallownest:TeacherSealRelic":11}]},"card_choices":[{"not_picked":["HollowMod:ShapeofUnn","HollowMod:VengefulVoid"],"picked":"HollowMod:CycloneSlash","floor":1},{"not_picked":["HollowMod:BaldurShell","HollowMod:SharpenedShadows","HollowMod:AbyssShriek"],"picked":"SKIP","floor":2},{"not_picked":["HollowMod:DesolateDive","HollowMod:ZotesMagnificence"],"picked":"HollowMod:BrokenVessel","floor":6},{"not_picked":["HollowMod:MonomonsArchive","HollowMod:SoulVessel","HollowMod:CloakDash"],"picked":"SKIP","floor":7},{"not_picked":["HollowMod:DreamGate","HollowMod:WraithStrike"],"picked":"HollowMod:NewGlowingWomb","floor":13},{"not_picked":["HollowMod:ShapeofUnn","HollowMod:HowlingWraiths"],"picked":"HollowMod:FastStrike","floor":14}],"player_experience":106387,"relics_obtained":[{"floor":6,"key":"HollowMod:MillibellesNoteRelic"},{"floor":9,"key":"Omamori"},{"floor":13,"key":"Gambling Chip"}],"event_choices":[],"is_beta":false,"boss_relics":[],"items_purged_floors":[4],"is_endless":false,"potions_floor_spawned":[1,6,14],"killed_by":"Hallownest:BossHornet","ascension_level":0}}