{"host":"qmdto9qm3vjov9no","time":1611088026,"event":{"mods":["2.2 Compatiblity","AchievementEnabler","Alarm Clock","BaseMod","Block Reminder","Colored Map","Colored Powertips","Downfall","Highlight Path","Minty Spire (QoL Compilation)","Potion Indicator Mod","Quick Restart","Random Character Button","Rare Cards Sparkle","Relic Sorter","Relic Stats","StSLib","Synergy Search","Unceasing Turn Reminder"],"gold_per_floor":[99,119,129,143,161,188,200,226,251,277,43,43,43,60,71,170,170,70,82,97,97,113,113,113,125,125,125,125,125],"floor_reached":27,"language":"ENG","playtime":2576,"items_purged":[],"score":271,"play_id":"3f58ae1f-25c8-456a-a1cc-3ffc11e98f78","local_time":"20210119132706","is_ascension_mode":false,"campfire_choices":[{"data":"Guardian:CurlUp","floor":1,"key":"SMITH"},{"data":"expansioncontent:Chronoboost","floor":12,"key":"SMITH"},{"data":"Guardian:BaubleBeam","floor":18,"key":"SMITH"},{"floor":23,"key":"RECALL"}],"circlet_count":0,"master_deck":["Guardian:Strike_Guardian","Guardian:Strike_Guardian","Guardian:Strike_Guardian","Guardian:Defend_Guardian","Guardian:Defend_Guardian","Guardian:Defend_Guardian","Guardian:Defend_Guardian","Guardian:CurlUp+1","Guardian:TwinSlam","Guardian:BronzeArmor","Guardian:CrystalBeam","Guardian:ArmoredProtocol","Guardian:Reroute","Guardian:EvasiveProtocol","Guardian:VentSteam","expansioncontent:Chronoboost+1","Guardian:ExploitGems","Guardian:ArmoredProtocol","Guardian:Preprogram","Guardian:ShieldCharger","Guardian:BaubleBeam+1","Guardian:Gem_Lightblue","Guardian:Gem_Red"],"relics":["Guardian:ModeShifter","MawBank","Guardian:StasisSlotReductionRelic","downfall:HeartBlessingBlue","Nilry\u0027s Codex","HornCleat"],"acts_visited":["Exordium","TheCity"],"potions_floor_usage":[6,6,20],"damage_taken":[{"damage":1,"enemies":"Cultist","floor":2,"turns":4},{"damage":0,"enemies":"Small Slimes","floor":3,"turns":7},{"damage":18,"enemies":"Jaw Worm","floor":4,"turns":6},{"damage":7,"enemies":"2 Fungi Beasts","floor":5,"turns":5},{"damage":11,"enemies":"3 Sentries","floor":6,"turns":10},{"damage":2,"enemies":"Blue Slaver","floor":8,"turns":6},{"damage":5,"enemies":"Lots of Slimes","floor":9,"turns":4},{"damage":4,"enemies":"2 Fungi Beasts","floor":10,"turns":5},{"damage":0,"enemies":"downfall:FleeingMerchant","floor":11,"turns":4},{"damage":13,"enemies":"Red Slaver","floor":14,"turns":4},{"damage":0,"enemies":"Blue Slaver","floor":15,"turns":5},{"damage":19,"enemies":"DF_ARCHETYPE_STREAMLINE","floor":16,"turns":11},{"damage":0,"enemies":"Spheric Guardian","floor":19,"turns":6},{"damage":21,"enemies":"Centurion and Healer","floor":20,"turns":9},{"damage":10,"enemies":"Shelled Parasite and Fungi","floor":22,"turns":7},{"damage":0,"enemies":"Snecko","floor":25,"turns":2},{"damage":999,"enemies":"Sentry and Sphere","floor":27,"turns":1}],"seed_played":"5414742293688582407","potions_obtained":[{"floor":3,"key":"bronze:BurnAndBuffPotion"},{"floor":4,"key":"Dexterity Potion"},{"floor":5,"key":"Regen Potion"},{"floor":10,"key":"BlessingOfTheForge"},{"floor":16,"key":"Fire Potion"},{"floor":19,"key":"Energy Potion"},{"floor":25,"key":"DistilledChaos"},{"floor":26,"key":"CultistPotion"}],"is_trial":false,"path_per_floor":["R","M","M","M","M","E","T","M","M","M","$","R","?","M","M","B",null,"R","M","M","?","M","R","T","M","?","M"],"character_chosen":"GUARDIAN","items_purchased":["expansioncontent:Chronoboost","Guardian:ExploitGems","Guardian:ArmoredProtocol"],"campfire_rested":0,"item_purchase_floors":[11,11,11],"current_hp_per_floor":[88,87,87,69,62,66,66,64,59,55,55,55,55,42,42,23,88,98,98,77,61,51,51,51,51,51,0,0,0],"gold":125,"neow_bonus":"TEN_PERCENT_HP_BONUS","is_daily":false,"chose_seed":false,"campfire_upgraded":3,"win_rate":0.0,"timestamp":1611088026,"path_taken":["R","M","M","M","M","E","T","M","?","M","$","R","?","M","M","BOSS","R","M","M","?","M","R","T","M","?","M"],"items_purchased_type":["Card","Card","Card"],"build_version":"2020-12-22","purchased_purges":0,"victory":false,"max_hp_per_floor":[88,88,88,88,88,88,88,88,88,88,88,88,88,88,88,88,88,98,98,98,98,98,98,98,98,98,98,98,98],"relic_stats":{"counters":[17,95],"MawBank":60,"obtain_stats":[{"Guardian:StasisSlotReductionRelic":17,"HornCleat":24,"downfall:HeartBlessingBlue":18,"Nilry\u0027s Codex":21,"Guardian:ModeShifter":0,"MawBank":6},{"Guardian:StasisSlotReductionRelic":12,"HornCleat":15,"downfall:HeartBlessingBlue":12,"Nilry\u0027s Codex":14,"Guardian:ModeShifter":0,"MawBank":5},{"Guardian:StasisSlotReductionRelic":71,"HornCleat":93,"downfall:HeartBlessingBlue":71,"Nilry\u0027s Codex":86,"Guardian:ModeShifter":0,"MawBank":32}]},"card_choices":[{"not_picked":["Guardian:VentSteam","Guardian:BodySlam"],"picked":"Guardian:BronzeArmor","floor":2},{"not_picked":["Guardian:GuardianWhirl","Guardian:BodySlam"],"picked":"Guardian:CrystalBeam","floor":3},{"not_picked":["Guardian:Emergency","Guardian:BronzeOrb"],"picked":"Guardian:ArmoredProtocol","floor":4},{"not_picked":["Guardian:TemporalStrike","Guardian:TemporalShield"],"picked":"Guardian:Reroute","floor":5},{"not_picked":["Guardian:VentSteam","Guardian:Incinerate"],"picked":"Guardian:Gem_Crimson","floor":6},{"not_picked":["Guardian:Suspension","Guardian:WalkerClaw"],"picked":"Guardian:Gem_Orange","floor":8},{"not_picked":["Guardian:Preprogram","Guardian:PolyBeam"],"picked":"Guardian:EvasiveProtocol","floor":9},{"not_picked":["Guardian:BronzeOrb","Guardian:PiercingHide"],"picked":"Guardian:Gem_Green","floor":10},{"not_picked":["Guardian:MultiBeam","Guardian:Gem_Red"],"picked":"Guardian:VentSteam","floor":11},{"not_picked":["Guardian:PrimingBeam","Guardian:Planning"],"picked":"Guardian:Preprogram","floor":14},{"not_picked":["Guardian:PiercingHide","Guardian:RollAttack"],"picked":"Guardian:ShieldCharger","floor":15},{"not_picked":["Guardian:Gem_Synthetic","Guardian:AncientConstruct"],"picked":"Guardian:BaubleBeam","floor":16},{"not_picked":["Guardian:ChargeUp+1","Guardian:ChargeCore","Guardian:Recover+1"],"picked":"SKIP","floor":19},{"not_picked":["Guardian:TemporalStrike","Guardian:ChargeCore"],"picked":"Guardian:Gem_Lightblue","floor":20},{"not_picked":["Guardian:RefractedBeam","Guardian:Suspension+1"],"picked":"Guardian:Gem_Red","floor":22},{"not_picked":["Guardian:TemporalShield+1","Guardian:ChargeUp+1","Guardian:RollAttack+1"],"picked":"SKIP","floor":25}],"player_experience":187968,"relics_obtained":[{"floor":6,"key":"MawBank"},{"floor":21,"key":"Nilry\u0027s Codex"},{"floor":24,"key":"HornCleat"}],"event_choices":[],"is_beta":false,"boss_relics":[{"not_picked":["bronze:MakeshiftBattery","Busted Crown"],"picked":"Guardian:StasisSlotReductionRelic"}],"items_purged_floors":[],"is_endless":false,"potions_floor_spawned":[3,4,5,10,16,19,25],"killed_by":"Sentry and Sphere","ascension_level":0}}