{"host":"f5mjulaw5aqlqmd7","time":1611017664,"event":{"mods":["Act Like it!","BaseMod","Colored Map","GifTheSpireLib","Hallownest","Minty Spire (QoL Compilation)","StSLib","The Bug Knight"],"gold_per_floor":[110,122,7,23,23,54,65,85,85,98,98,19,36,46,46,147,147,166,41,41,41,0,0,0,0],"floor_reached":24,"language":"ENG","playtime":1782,"items_purged":[],"score":223,"play_id":"7dd78ac0-9d12-4547-bb74-6a725e8ef48c","local_time":"20210118195424","is_ascension_mode":false,"campfire_choices":[{"floor":11,"key":"REST"},{"floor":15,"key":"REST"}],"circlet_count":0,"master_deck":["HollowMod:NailStrikeStart","HollowMod:NailStrikeStart","HollowMod:NailStrikeStart","HollowMod:QuickDashStart","HollowMod:QuickDashStart","HollowMod:QuickDashStart","HollowMod:QuickDashStart","HollowMod:FocusHealStart","HollowMod:PogoStrike","HollowMod:TaintedHusks","HollowMod:HuntersJournal","HollowMod:NewGlowingWomb","HollowMod:BrokenVessel","HollowMod:DashSlash","HollowMod:DashSlash","HollowMod:CycloneSlash","HollowMod:DashSlash","HollowMod:InfectedCysts","HollowMod:InfectionAssault","HollowMod:MantisMark","HollowMod:GreatSlash","HollowMod:TaintedHusks","HollowMod:SlysStrikes","CurseOfTheBell","HollowMod:DashSlash","HollowMod:InfectedAttack","HollowMod:BrokenVessel"],"relics":["HollowMod:VesselMask","Thread and Needle","Question Card","Calling Bell","HornCleat","Ice Cream","HollowMod:LifeEnderRelic","Nloth\u0027s Gift"],"acts_visited":["Exordium","TheCity"],"potions_floor_usage":[16,16,16],"damage_taken":[{"damage":9,"enemies":"Cultist","floor":1,"turns":3},{"damage":4,"enemies":"Jaw Worm","floor":2,"turns":3},{"damage":16,"enemies":"Small Slimes","floor":4,"turns":3},{"damage":35,"enemies":"Gremlin Nob","floor":6,"turns":4},{"damage":1,"enemies":"Gremlin Gang","floor":7,"turns":4},{"damage":3,"enemies":"Looter","floor":8,"turns":4},{"damage":5,"enemies":"3 Louse","floor":10,"turns":3},{"damage":0,"enemies":"Large Slime","floor":13,"turns":4},{"damage":15,"enemies":"Looter","floor":14,"turns":4},{"damage":1,"enemies":"Slime Boss","floor":16,"turns":5},{"damage":25,"enemies":"2 Thieves","floor":18,"turns":4},{"damage":50,"enemies":"Book of Stabbing","floor":24,"turns":5}],"seed_played":"5743114035033455507","potions_obtained":[{"floor":2,"key":"EssenceOfSteel"},{"floor":8,"key":"BlessingOfTheForge"},{"floor":14,"key":"Explosive Potion"},{"floor":16,"key":"Weak Potion"}],"is_trial":false,"path_per_floor":["M","M","$","M","?","E","M","M","T","M","R","$","M","M","R","B",null,"M","$","?","$","?","?","E"],"character_chosen":"THE_BUGKNIGHT","items_purchased":["HollowMod:BrokenVessel","HollowMod:DashSlash","HollowMod:MantisMark","HollowMod:InfectedAttack","HollowMod:BrokenVessel"],"campfire_rested":2,"item_purchase_floors":[3,3,12,19,19],"current_hp_per_floor":[66,62,62,46,46,17,16,19,19,14,36,36,36,21,43,42,75,50,50,50,50,50,50,0,0],"gold":0,"neow_bonus":"THREE_CARDS","is_daily":false,"chose_seed":false,"campfire_upgraded":0,"win_rate":0.0,"timestamp":1611017664,"path_taken":["M","M","$","M","?","E","M","M","T","M","R","?","?","M","R","BOSS","M","$","?","$","?","?","E"],"items_purchased_type":["Card","Card","Card","Card","Card"],"build_version":"2020-12-22","purchased_purges":0,"victory":false,"max_hp_per_floor":[75,75,75,75,75,75,75,75,75,75,75,75,75,75,75,75,75,75,75,75,75,75,75,75,75],"card_choices":[{"not_picked":["HollowMod:DescendingDark","HollowMod:NewJinnsSoul"],"picked":"HollowMod:TaintedHusks","floor":0},{"not_picked":["HollowMod:SoulSplash","HollowMod:VengefulVoid"],"picked":"HollowMod:HuntersJournal","floor":1},{"not_picked":["HollowMod:SiblingsSouls","HollowMod:WraithStrike"],"picked":"HollowMod:NewGlowingWomb","floor":2},{"not_picked":["HollowMod:RecoilStrike","HollowMod:SoulEater"],"picked":"HollowMod:DashSlash","floor":4},{"not_picked":["HollowMod:DoubleDash","HollowMod:LifebloodCocoon"],"picked":"HollowMod:CycloneSlash","floor":6},{"not_picked":["HollowMod:NewLittleFool","HollowMod:SharpenedNail"],"picked":"HollowMod:DashSlash","floor":7},{"not_picked":["HollowMod:DungDefenderAura","HollowMod:ChannelNail"],"picked":"HollowMod:InfectedCysts","floor":8},{"not_picked":["HollowMod:ZotesMagnificence","HollowMod:DashSlash","HollowMod:CloakDash"],"picked":"HollowMod:InfectionAssault","floor":10},{"not_picked":["HollowMod:ChannelNail","HollowMod:HowlingWraiths","HollowMod:DungDefenderAura"],"picked":"HollowMod:GreatSlash","floor":13},{"not_picked":["HollowMod:DashSlash","HollowMod:GoodIntentions","HollowMod:ShadowDash"],"picked":"HollowMod:TaintedHusks","floor":14},{"not_picked":["HollowMod:LifebloodCore","HollowMod:MidwifesHunger","HollowMod:ZotesMagnificence"],"picked":"HollowMod:SlysStrikes","floor":16},{"not_picked":["HollowMod:SharpenedShadows+1","HollowMod:MidwifesHunger","HollowMod:CornifersMapStart"],"picked":"HollowMod:DashSlash","floor":18}],"player_experience":26474,"relics_obtained":[{"floor":6,"key":"Thread and Needle"},{"floor":9,"key":"Question Card"},{"floor":17,"key":"Juzu Bracelet"},{"floor":17,"key":"HornCleat"},{"floor":17,"key":"Ice Cream"}],"event_choices":[{"cards_removed":["HollowMod:NailStrikeStart"],"damage_healed":0,"gold_gain":0,"player_choice":"Purged","damage_taken":0,"max_hp_gain":0,"max_hp_loss":0,"event_name":"Purifier","floor":5,"gold_loss":0},{"damage_healed":0,"gold_gain":0,"player_choice":"Ignored","damage_taken":0,"max_hp_gain":0,"max_hp_loss":0,"event_name":"NoteForYourself","floor":20,"gold_loss":0},{"damage_healed":0,"gold_gain":0,"player_choice":"Traded Relic","damage_taken":0,"relics_obtained":["Nloth\u0027s Gift"],"max_hp_gain":0,"max_hp_loss":0,"event_name":"N\u0027loth","floor":23,"relics_lost":["Juzu Bracelet"],"gold_loss":0}],"is_beta":false,"boss_relics":[{"not_picked":["Snecko Eye","Coffee Dripper"],"picked":"Calling Bell"}],"items_purged_floors":[],"is_endless":false,"potions_floor_spawned":[2,8,14,16],"killed_by":"Book of Stabbing","ascension_level":0}}