{"host":"bpkhhmvsfrvlto2l","time":1611063800,"event":{"mods":["2.2 Compatiblity","AchievementEnabler","Act Like it!","AlwaysNeverKeys","Aspiration","BaseMod","Better Silent Start","Challenge The Spire","Colored Map","Colored Powertips","Custom Start","Energized Spire","Friendly Minions","GifTheSpireLib","Halation","Hubris","Infinite Spire","Ironclad Rager","Mimic Mod","Minty Spire (QoL Compilation)","Permanent Neow","Quick Restart","Random Character Button","Relic Sorter","Replay The Spire","Spikes Relics","StSLib","Stuff the Spire","Swap Starting Deck Mod","Trackpad"],"gold_per_floor":[111,111,111,126,51,82,82,97,133,182,213,213,233,233,233,233,233],"floor_reached":16,"language":"ENG","playtime":704,"items_purged":["ReplayTheSpireMod:Splinters"],"score":129,"play_id":"4a7b8376-70d8-4b97-b536-7c974a862000","local_time":"20210119084320","is_ascension_mode":true,"campfire_choices":[{"data":"Survivor","floor":7,"key":"SMITH"},{"data":"Backstab","floor":12,"key":"SMITH"},{"floor":15,"key":"REST"}],"circlet_count":0,"master_deck":["Strike_G+1","Strike_G","Strike_G","Strike_G","Defend_G","Defend_G","Defend_G","Defend_G","Survivor+1","Neutralize+1","Backstab+1"],"relics":["Ring of the Snake","ReplayTheSpireMod:Ring of Challenge","ReplayTheSpireMod:Ring of Collecting","ReplayTheSpireMod:Ring of Addiction","Toy Ornithopter","Potion Belt","CrustySpines","hubris:OldNail"],"acts_visited":["Exordium"],"potions_floor_usage":[6,6,6,14,16,16],"damage_taken":[{"damage":0,"enemies":"Jaw Worm","floor":1,"turns":6},{"damage":3,"enemies":"2 Louse","floor":4,"turns":4},{"damage":24,"enemies":"Gremlin Nob","floor":6,"turns":4},{"damage":4,"enemies":"Cultist","floor":8,"turns":4},{"damage":6,"enemies":"Exordium Thugs","floor":9,"turns":9},{"damage":15,"enemies":"Exordium Thugs","floor":10,"turns":7},{"damage":1,"enemies":"3 Louse","floor":11,"turns":4},{"damage":9,"enemies":"Large Slime","floor":13,"turns":7},{"damage":0,"enemies":"3 Sentries","floor":14,"turns":1},{"damage":72,"enemies":"Fading Forest","floor":16,"turns":9}],"seed_played":"-2479454529451760945","potions_obtained":[{"floor":1,"key":"Ancient Potion"},{"floor":2,"key":"GamblersBrew"},{"floor":2,"key":"SkillPotion"},{"floor":2,"key":"Explosive Potion"},{"floor":10,"key":"FearPotion"},{"floor":11,"key":"SmokeBomb"}],"is_trial":false,"path_per_floor":["M","?","?","M","$","E","R","M","MIM","M","M","R","M","E","R","B"],"character_chosen":"THE_SILENT","items_purchased":[],"campfire_rested":1,"item_purchase_floors":[],"current_hp_per_floor":[70,70,70,67,67,55,55,51,45,30,29,29,20,25,44,0,0],"gold":233,"neow_bonus":"UPGRADE_CARD","is_daily":false,"chose_seed":false,"campfire_upgraded":2,"win_rate":0.0,"timestamp":1611063800,"path_taken":["M","?","?","M","$","E","R","M","MIM","M","?","R","M","E","R","BOSS"],"items_purchased_type":[],"build_version":"2020-12-22","purchased_purges":1,"victory":false,"max_hp_per_floor":[70,70,70,70,70,68,68,68,68,66,66,66,64,64,64,64,64],"card_choices":[{"not_picked":["Deflect","Bane"],"picked":"Backstab","floor":10},{"not_picked":["StuffTheSpire:BumpUp","Accuracy","Underhanded Strike"],"picked":"SKIP","floor":11}],"player_experience":81082,"relics_obtained":[{"floor":2,"key":"ReplayTheSpireMod:Ring of Collecting"},{"floor":2,"key":"ReplayTheSpireMod:Ring of Addiction"},{"floor":2,"key":"Toy Ornithopter"},{"floor":2,"key":"Potion Belt"},{"floor":6,"key":"CrustySpines"},{"floor":9,"key":"ReplayTheSpireMod:Ring of Challenge"},{"floor":9,"key":"hubris:OldNail"}],"event_choices":[],"is_beta":false,"boss_relics":[],"items_purged_floors":[5],"is_endless":false,"potions_floor_spawned":[1,10,11,14],"killed_by":"Fading Forest","ascension_level":3}}