{"host":"2r1v2z034wsinqnl","time":1611098742,"event":{"mods":["AchievementEnabler","BaseMod","Colored Map","Colored Powertips","Downfall","Minty Spire (QoL Compilation)","Random Character Button","StSLib"],"gold_per_floor":[114,114,129,144,159,159,174,174,199,199,11,41,56,56,56,156,156,171,186,201,201,201,201,231,231,256,256,286,301,301,331,331,431,431,446,358,373,388,348,348,0,0,25,25,25,40,55,55,55,55],"floor_reached":51,"language":"ENG","playtime":5665,"items_purged":[],"score":680,"play_id":"88806e6d-42fe-4d88-88e4-703b2736c298","local_time":"20210119182542","daily_mods":["SealedDeck","ControlledChaos","Lethality"],"is_ascension_mode":false,"campfire_choices":[{"data":"hexamod:RecurringNightmare","floor":6,"key":"SMITH"},{"data":"hexamod:GhostflameInferno","floor":8,"key":"SMITH"},{"floor":15,"key":"REST"},{"floor":23,"key":"REST"},{"floor":25,"key":"REST"},{"data":"hexamod:GiftsFromTheDead","floor":27,"key":"SMITH"},{"floor":30,"key":"REST"},{"data":"hexamod:SearingWound","floor":32,"key":"SMITH"},{"floor":40,"key":"REST"},{"data":"hexamod:RecurringNightmare","floor":42,"key":"SMITH"},{"data":"hexamod:Rewind","floor":45,"key":"SMITH"},{"floor":49,"key":"REST"}],"circlet_count":0,"master_deck":["hexamod:FlamesFromBeyond","hexamod:ThermalTransfer","hexamod:GhostShield","hexamod:FastForward","hexamod:FastForward","hexamod:ThermalTransfer+1","hexamod:SuperheatedStrike","hexamod:SuperheatedStrike","hexamod:Rewind+1","hexamod:RecurringNightmare+1","hexamod:GhostLash","hexamod:AdvancingGuard","hexamod:GhostShield","hexamod:NightmareGuise","hexamod:GhostflameInferno+1","hexamod:GhostLash","hexamod:SpectersWail","hexamod:GiftsFromTheDead+1","hexamod:RecurringNightmare+1","hexamod:Hexaguard+1","J.A.X.","hexamod:Rewind+1","hexamod:ApocalypseNow","hexamod:SearingWound+1","hexamod:VolcanoVisage","hexamod:HeatShield+1"],"relics":["hexamod:SpiritBrand","Frozen Eye","Dream Catcher","Membership Card","Juzu Bracelet","Bag of Preparation","expansioncontent:StudyCardRelic","Molten Egg 2","WingedGreaves","Strawberry","bronze:DecasWashers","hexamod:CandleOfCauterizing","sneckomod:SneckoTalon","Red Mask","Art of War"],"acts_visited":["Exordium","TheCity","TheBeyond"],"potions_floor_usage":[12,16,16,33,33,50],"damage_taken":[{"damage":0,"enemies":"Small Slimes","floor":1,"turns":2},{"damage":4,"enemies":"Jaw Worm","floor":3,"turns":2},{"damage":0,"enemies":"2 Louse","floor":4,"turns":2},{"damage":12,"enemies":"2 Fungi Beasts","floor":5,"turns":3},{"damage":0,"enemies":"Blue Slaver","floor":7,"turns":2},{"damage":7,"enemies":"3 Sentries","floor":12,"turns":4},{"damage":0,"enemies":"Red Slaver","floor":13,"turns":2},{"damage":44,"enemies":"Hexaghost","floor":16,"turns":6},{"damage":0,"enemies":"Spheric Guardian","floor":18,"turns":2},{"damage":35,"enemies":"3 Byrds","floor":19,"turns":2},{"damage":14,"enemies":"Shelled Parasite and Fungi","floor":20,"turns":3},{"damage":3,"enemies":"Gremlin Leader","floor":24,"turns":4},{"damage":18,"enemies":"Slavers","floor":28,"turns":3},{"damage":0,"enemies":"Snake Plant","floor":29,"turns":2},{"damage":7,"enemies":"Book of Stabbing","floor":31,"turns":3},{"damage":43,"enemies":"Champ","floor":33,"turns":8},{"damage":21,"enemies":"3 Shapes","floor":35,"turns":3},{"damage":0,"enemies":"Orb Walker","floor":37,"turns":3},{"damage":18,"enemies":"Transient","floor":38,"turns":5},{"damage":3,"enemies":"Maw","floor":46,"turns":5},{"damage":0,"enemies":"Writhing Mass","floor":47,"turns":3},{"damage":22,"enemies":"Donu and Deca","floor":50,"turns":5}],"seed_played":"3706737729498028133","potions_obtained":[{"floor":1,"key":"Block Potion"},{"floor":3,"key":"AttackPotion"},{"floor":19,"key":"Dexterity Potion"},{"floor":24,"key":"Explosive Potion"},{"floor":31,"key":"ColorlessPotion"},{"floor":33,"key":"PowerPotion"}],"is_trial":false,"path_per_floor":["M","?","M","M","M","R","M","R","T","?","$","E","M","?","R","B",null,"M","M","M","?","?","R","E","R","T","R","E","M","R","E","R","B",null,"M","$","M","M","?","R","?","R","T","?","R","M","M","?","R","B",null],"character_chosen":"THE_SPIRIT","items_purchased":["Membership Card","hexamod:DoubleChargePotion","FairyPotion","GamblersBrew"],"campfire_rested":6,"item_purchase_floors":[11,11,36,36],"current_hp_per_floor":[70,70,66,66,54,54,54,54,54,54,54,47,47,44,65,21,70,70,35,21,21,21,42,39,60,67,67,49,49,72,65,65,22,77,56,56,56,38,38,61,61,61,61,61,61,58,58,58,77,55],"gold":55,"neow_bonus":"","is_daily":true,"chose_seed":false,"campfire_upgraded":6,"win_rate":0.0,"timestamp":1611098742,"path_taken":["M","?","M","M","M","R","M","R","T","?","?","E","M","?","R","BOSS","M","M","M","?","?","R","E","R","T","R","E","M","R","E","R","BOSS","M","$","M","M","?","R","?","R","T","?","R","M","M","?","R","BOSS"],"items_purchased_type":["Relic","Potion","Potion","Potion"],"build_version":"2020-12-22","purchased_purges":0,"victory":true,"max_hp_per_floor":[70,70,70,70,70,70,70,70,70,70,70,70,70,70,70,70,70,70,70,70,70,70,70,70,70,77,77,77,77,77,77,77,77,77,77,77,77,77,77,77,77,77,77,77,77,77,77,77,77,77],"card_choices":[{"not_picked":["hexamod:BacktrackSmack","hexamod:FastForward"],"picked":"hexamod:GhostLash","floor":1},{"not_picked":["hexamod:HeatMetal","hexamod:NightmareGuise"],"picked":"hexamod:AdvancingGuard","floor":3},{"not_picked":["hexamod:GhostOfSpirePresent","hexamod:FastForward"],"picked":"hexamod:GhostShield","floor":4},{"not_picked":["hexamod:BurningTouch","hexamod:HeatCrush"],"picked":"hexamod:NightmareGuise","floor":5},{"not_picked":["hexamod:BurningTouch","hexamod:SpectersWail"],"picked":"hexamod:GhostflameInferno","floor":7},{"not_picked":["hexamod:ExtraCrispy","hexamod:CatchUp"],"picked":"hexamod:GhostLash","floor":12},{"not_picked":["hexamod:NightmareGuise","hexamod:CatchUp","hexamod:ThermalTransfer"],"picked":"SKIP","floor":13},{"not_picked":["hexamod:SkipABeat","hexamod:FlamesFromBeyond"],"picked":"hexamod:SpectersWail","floor":15},{"not_picked":["hexamod:WildfireWeapon","hexamod:GhostOfSpirePresent"],"picked":"hexamod:GiftsFromTheDead","floor":16},{"not_picked":["hexamod:BacktrackSmack","hexamod:PhantomCloak+1","hexamod:GhostShield"],"picked":"SKIP","floor":18},{"not_picked":["hexamod:CatchUp","hexamod:BacktrackSmack"],"picked":"hexamod:RecurringNightmare","floor":19},{"not_picked":["hexamod:GhostLash","hexamod:ThermalTransfer"],"picked":"hexamod:Hexaguard","floor":20},{"not_picked":["hexamod:ThirdSeal","hexamod:NightmareGuise","hexamod:InspiringFlames+1"],"picked":"SKIP","floor":24},{"not_picked":["hexamod:PowerFromBeyond","hexamod:InspiringFlames"],"picked":"hexamod:Rewind+1","floor":25},{"not_picked":["hexamod:ThirdSeal","hexamod:NightmareGuise"],"picked":"hexamod:ApocalypseNow","floor":28},{"not_picked":["hexamod:FastForward+1","hexamod:HeatMetal+1","hexamod:SpectralAdrenaline"],"picked":"SKIP","floor":29},{"not_picked":["hexamod:HeatShield","hexamod:DynamicBlow+1"],"picked":"hexamod:SearingWound","floor":31},{"not_picked":["hexamod:TurnItUp","hexamod:WildfireWeapon"],"picked":"hexamod:VolcanoVisage","floor":33},{"not_picked":["hexamod:SwordOfDarkness+1","hexamod:StepThrough+1"],"picked":"hexamod:HeatShield+1","floor":35},{"not_picked":["hexamod:ThermalTransfer+1","hexamod:FastForward","hexamod:EtherealExpedition"],"picked":"SKIP","floor":37},{"not_picked":["hexamod:ExtraCrispy","hexamod:Firestarter+1","hexamod:SkipABeat"],"picked":"SKIP","floor":38},{"not_picked":["hexamod:FourthSeal","hexamod:InspiringFlames","hexamod:HeatMetal+1"],"picked":"SKIP","floor":46},{"not_picked":["hexamod:InspiringFlames+1","hexamod:NightmareStrike+1","hexamod:DynamicBlow+1"],"picked":"SKIP","floor":47}],"player_experience":145245,"relics_obtained":[{"floor":9,"key":"Dream Catcher"},{"floor":12,"key":"Juzu Bracelet"},{"floor":24,"key":"WingedGreaves"},{"floor":26,"key":"Strawberry"},{"floor":28,"key":"bronze:DecasWashers"},{"floor":31,"key":"hexamod:CandleOfCauterizing"},{"floor":43,"key":"Art of War"}],"event_choices":[{"damage_healed":0,"gold_gain":0,"player_choice":"Ignored","damage_taken":0,"max_hp_gain":0,"max_hp_loss":0,"event_name":"Liars Game","floor":2,"gold_loss":0},{"damage_healed":0,"gold_gain":0,"player_choice":"Ignored","damage_taken":0,"max_hp_gain":0,"max_hp_loss":0,"event_name":"Shining Light","floor":10,"gold_loss":0},{"damage_healed":0,"gold_gain":0,"player_choice":"Success","damage_taken":3,"relics_obtained":["Bag of Preparation"],"max_hp_gain":0,"max_hp_loss":0,"event_name":"Scrap Ooze","floor":14,"gold_loss":0},{"damage_healed":0,"gold_gain":0,"player_choice":"Obtain J.A.X.","damage_taken":0,"max_hp_gain":0,"max_hp_loss":0,"event_name":"Drug Dealer","floor":21,"gold_loss":0,"cards_obtained":["J.A.X."]},{"damage_healed":0,"gold_gain":0,"player_choice":"Opened","damage_taken":0,"relics_obtained":["Molten Egg 2"],"max_hp_gain":0,"max_hp_loss":0,"event_name":"The Mausoleum","floor":22,"gold_loss":0},{"damage_healed":0,"gold_gain":0,"player_choice":"Upgraded Two","damage_taken":0,"max_hp_gain":0,"max_hp_loss":0,"event_name":"Designer","floor":39,"gold_loss":40,"cards_upgraded":["hexamod:Hexaguard","hexamod:ThermalTransfer"]},{"damage_healed":0,"gold_gain":0,"player_choice":"Paid","damage_taken":0,"relics_obtained":["Red Mask"],"max_hp_gain":0,"max_hp_loss":0,"event_name":"Tomb of Lord Red Mask","floor":41,"gold_loss":348}],"is_beta":false,"boss_relics":[{"not_picked":["Sozu","Runic Pyramid"],"picked":"expansioncontent:StudyCardRelic"},{"not_picked":["Fusion Hammer","hexamod:IceCube"],"picked":"sneckomod:SneckoTalon"}],"items_purged_floors":[],"is_endless":false,"potions_floor_spawned":[1,3,19,24,31,33,38,46],"ascension_level":0}}