{"host":"h4qgcirtxz6qax9j","time":1611058045,"event":{"mods":["AchievementEnabler","BaseMod","Colored Powertips","Hermit","Minty Spire (QoL Compilation)","StSLib","SuperFastMode","The Servant 0.9.4"],"gold_per_floor":[111,130,144,157,106,106,121,121,121,147,147,171,19,19,19,19,19],"floor_reached":16,"language":"KOR","playtime":312,"items_purged":[],"score":129,"play_id":"ed358646-5897-47e0-8d0f-22c8a3fbbaa2","local_time":"20210119210725","is_ascension_mode":true,"campfire_choices":[{"data":"KidneyShot","floor":6,"key":"SMITH"},{"data":"TimeWarp","floor":8,"key":"SMITH"},{"floor":15,"key":"REST"}],"circlet_count":0,"master_deck":["Strike_S","Strike_S","Strike_S","Strike_S","Defend_S","Defend_S","Defend_S","Defend_S","KidneyShot+1","Exchange","Rearm","Potential","ReturningBlade","Rearm","TimeWarp+1","BottledTime","FastForward"],"relics":["Uniform","NeowsBlessing","Molten Egg 2","Du-Vu Doll","Golden Idol","Membership Card"],"acts_visited":["Exordium"],"potions_floor_usage":[14],"damage_taken":[{"damage":0,"enemies":"Cultist","floor":1,"turns":1},{"damage":0,"enemies":"Jaw Worm","floor":2,"turns":1},{"damage":0,"enemies":"Small Slimes","floor":3,"turns":1},{"damage":9,"enemies":"Looter","floor":4,"turns":4},{"damage":11,"enemies":"2 Fungi Beasts","floor":7,"turns":4},{"damage":39,"enemies":"3 Sentries","floor":10,"turns":7},{"damage":7,"enemies":"3 Louse","floor":12,"turns":4},{"damage":12,"enemies":"Gremlin Nob","floor":14,"turns":4},{"damage":32,"enemies":"The Guardian","floor":16,"turns":2}],"seed_played":"5613265012365312353","potions_obtained":[{"floor":1,"key":"SpeedPotion"},{"floor":7,"key":"SmokeBomb"},{"floor":10,"key":"FairyPotion"}],"is_trial":false,"path_per_floor":["M","M","M","M","$","R","M","R","T","E","?","M","$","E","R","B"],"character_chosen":"THE_SERVANT","items_purchased":["Rearm","Membership Card"],"campfire_rested":1,"item_purchase_floors":[5,13],"current_hp_per_floor":[65,65,65,56,56,56,45,45,45,6,6,18,18,6,24,0,0],"gold":19,"neow_bonus":"THREE_ENEMY_KILL","is_daily":false,"chose_seed":false,"campfire_upgraded":2,"win_rate":0.0,"timestamp":1611058045,"path_taken":["M","M","M","?","$","R","M","R","T","E","?","M","$","E","R","BOSS"],"items_purchased_type":["Card","Relic"],"build_version":"2020-12-22","purchased_purges":0,"victory":false,"max_hp_per_floor":[65,65,65,65,65,65,65,65,65,65,60,60,60,60,60,60,60],"card_choices":[{"not_picked":["Hightail","TimeWarp"],"picked":"Rearm","floor":1},{"not_picked":["Revamp","Defy"],"picked":"Potential","floor":2},{"not_picked":["RealityMarble","Reset","Alleviate"],"picked":"SKIP","floor":3},{"not_picked":["Initiator","FastForward"],"picked":"ReturningBlade","floor":4},{"not_picked":["FastForward","Luminosity"],"picked":"TimeWarp","floor":7},{"not_picked":["Rearm","RealityMarble"],"picked":"BottledTime","floor":10},{"not_picked":["Rearm","Defy"],"picked":"FastForward","floor":12}],"player_experience":70409,"relics_obtained":[{"floor":9,"key":"Molten Egg 2"},{"floor":10,"key":"Du-Vu Doll"}],"event_choices":[{"damage_healed":0,"gold_gain":0,"player_choice":"Lose Max HP","damage_taken":0,"relics_obtained":["Golden Idol"],"max_hp_gain":0,"max_hp_loss":5,"event_name":"Golden Idol","floor":11,"gold_loss":0}],"is_beta":false,"boss_relics":[],"items_purged_floors":[],"is_endless":false,"potions_floor_spawned":[1,7,10,14],"killed_by":"The Guardian","ascension_level":3}}