{"host":"nii9k1idymerq4qj","time":1611075816,"event":{"mods":["Act Like it!","Arknights The Spire","BaseMod","Colored Powertips","Minty Spire (QoL Compilation)","Remilia£®¿Ÿ√◊¿Ú—«£©","Replay The Spire","StSLib","Waifu the Spire","Yuyuko"],"gold_per_floor":[113,113,38,48,48,98,109,120,120,169,169,214,242,291,291,413,413,445,370,386,63,81,81,92,122,145,171,171,171,171,171,171,268,268,278,132,150,220,220,269,269,321,321,347,64,111,142,345,345,345],"floor_reached":51,"language":"ZHS","playtime":5934,"items_purged":["Strike_RM","HellCatastrophe+1"],"score":1294,"play_id":"22878b03-97fa-492c-8474-4b0129d4d74a","local_time":"20210120010336","is_ascension_mode":true,"campfire_choices":[{"data":"ScarletImprint","floor":11,"key":"SMITH"},{"data":"TwelveNightmare","floor":15,"key":"SMITH"},{"data":"DemonKingCradle","floor":23,"key":"SMITH"},{"floor":32,"key":"REST"},{"data":"FitfulNightmare","floor":41,"key":"SMITH"},{"floor":49,"key":"REST"}],"circlet_count":0,"master_deck":["Defend_RM","Defend_RM+1","RedMoon","ScarletShoot","ScarletImprint+1","HeartBreak+1","FavorOfDestiny","RedRainbow","UnstableMagic","ScarletDevil+1","Stigmanizer+1","TwelveNightmare+1","DemonKingCradle+1","ScarletDevil+1","MillenniumVampire+1","BloodyCatastrophe+1","ScarletNetherworld","BlasphemousPunishment","FitfulNightmare","UnderTheZenith","DemonKingCradle","CeilingFear+1","FitfulNightmare+1","ScarletDevil+1","UnderTheZenith+1","ScarletMeister","MastersStateliness+1","FavorOfDestiny","EquivalentExchange","MastersStateliness","ForecastOfChange","ScarletDevil"],"relics":["ScarletHat","CaptainsWheel","Pondfish Scales","WingedGreaves","Vajra","Replay:PocketPolymizer","Garlic","Juzu Bracelet","Astrolabe","Mummified Hand","Regal Pillow","Ice Cream","MutagenicStrength","War Paint","Honey Jar","Guide Book","Counterbalance","Replay:Mystery Machine","Blood Vial","Sundial","Anchor","Whetstone","Snack Pack"],"acts_visited":["Exordium","TheCity","TheBeyond"],"potions_floor_usage":[6,6,12,14,24,27,27,38,40,40,47,50,50,50],"damage_taken":[{"damage":0,"enemies":"Jaw Worm","floor":1,"turns":4},{"damage":0,"enemies":"Cultist","floor":4,"turns":6},{"damage":0,"enemies":"3 Sentries","floor":6,"turns":15},{"damage":0,"enemies":"Small Slimes","floor":7,"turns":3},{"damage":1,"enemies":"Looter","floor":8,"turns":3},{"damage":15,"enemies":"Lagavulin","floor":10,"turns":10},{"damage":0,"enemies":"3 Sentries","floor":12,"turns":7},{"damage":1,"enemies":"Lagavulin","floor":13,"turns":3},{"damage":0,"enemies":"3 Sentries","floor":14,"turns":5},{"damage":37,"enemies":"Hexaghost","floor":16,"turns":9},{"damage":8,"enemies":"Chosen","floor":18,"turns":6},{"damage":0,"enemies":"Shell Parasite","floor":20,"turns":1},{"damage":5,"enemies":"Shelled Parasite and Fungi","floor":22,"turns":6},{"damage":47,"enemies":"Cultist and Chosen","floor":24,"turns":5},{"damage":26,"enemies":"Gremlin Leader","floor":25,"turns":5},{"damage":20,"enemies":"Slavers","floor":27,"turns":6},{"damage":14,"enemies":"Champ","floor":33,"turns":7},{"damage":28,"enemies":"3 Darklings","floor":35,"turns":5},{"damage":12,"enemies":"3 Shapes","floor":37,"turns":4},{"damage":13,"enemies":"Mind Bloom Boss Battle","floor":38,"turns":4},{"damage":11,"enemies":"R_Hoarder","floor":40,"turns":4},{"damage":14,"enemies":"Reptomancer","floor":42,"turns":6},{"damage":14,"enemies":"Giant Head","floor":44,"turns":4},{"damage":43,"enemies":"Reptomancer","floor":46,"turns":4},{"damage":4,"enemies":"Maw","floor":47,"turns":5},{"damage":22,"enemies":"Awakened One","floor":50,"turns":4}],"seed_played":"-3580157484793204048","potions_obtained":[{"floor":4,"key":"ColorlessPotion"},{"floor":4,"key":"Dexterity Potion"},{"floor":7,"key":"SteroidPotion"},{"floor":10,"key":"LifebloodPotion"},{"floor":12,"key":"AttackPotion"},{"floor":13,"key":"Weak Potion"},{"floor":18,"key":"Doom Potion"},{"floor":20,"key":"Flashbang"},{"floor":24,"key":"AttackPotion"},{"floor":24,"key":"ColorlessPotion"},{"floor":33,"key":"FairyPotion"},{"floor":35,"key":"LiquidMemories"},{"floor":38,"key":"PowerPotion"},{"floor":42,"key":"GamblersBrew"},{"floor":42,"key":"SpeedPotion"},{"floor":46,"key":"Adrenaline Potion"},{"floor":47,"key":"Swift Potion"},{"floor":47,"key":"LiquidBronze"},{"floor":47,"key":"Doom Potion"}],"is_trial":false,"path_per_floor":["M","?","$","M","?","E","M","M","T","E","R","E","E","E","R","B",null,"M","?","M","$","M","R","M","E","T","E","?","?","$","?","R","B",null,"M","$","M","?","?","E","R","E","T","E","$","E","M","?","R","B",null],"character_chosen":"REMILIA","items_purchased":["BloodyCatastrophe","ScarletNetherworld","Guide Book","EquivalentExchange","Whetstone"],"campfire_rested":2,"item_purchase_floors":[21,21,36,45,45],"current_hp_per_floor":[75,75,75,75,68,68,68,70,70,61,61,63,65,65,65,40,75,70,70,74,74,74,74,46,27,27,10,10,10,10,10,47,44,75,51,51,44,45,45,47,47,65,65,72,72,41,47,29,66,75],"gold":345,"neow_bonus":"ONE_RANDOM_RARE_CARD","is_daily":false,"chose_seed":false,"campfire_upgraded":4,"win_rate":0.0,"timestamp":1611075816,"path_taken":["M","?","$","?","?","E","M","M","T","E","R","E","E","E","R","BOSS","M","?","M","$","M","R","M","E","T","E","?","?","$","?","R","BOSS","M","$","M","?","?","E","R","E","T","E","$","E","M","?","R","BOSS"],"items_purchased_type":["Card","Card","Relic","Card","Relic"],"build_version":"2020-12-22","purchased_purges":2,"victory":true,"max_hp_per_floor":[75,75,75,75,75,75,75,75,75,75,75,75,75,75,75,75,75,75,75,75,75,75,75,75,75,75,75,75,75,75,75,75,75,75,75,75,75,75,75,75,75,75,75,75,75,75,75,75,75,75],"card_choices":[{"not_picked":["CharismaGuard","StarOfDavid"],"picked":"ScarletImprint","floor":1},{"not_picked":["BloodHunter","VampireKiss"],"picked":"RedRainbow","floor":4},{"not_picked":["CeilingFear","Ultimatum","UnderTheZenith"],"picked":"SKIP","floor":6},{"not_picked":["StarOfDavid","Maim","ChainGang"],"picked":"SKIP","floor":7},{"not_picked":["UltimateOffering","ScarletImprint"],"picked":"UnstableMagic","floor":8},{"not_picked":["EndlessAdversity","BloodHunter"],"picked":"ScarletDevil","floor":10},{"not_picked":["RedRainbow","CeilingFear"],"picked":"Stigmanizer","floor":12},{"not_picked":["StarOfDavid","FavorOfDestiny","UnderTheZenith"],"picked":"SKIP","floor":13},{"not_picked":["EmergencyRegeneration","CharismaGuard"],"picked":"TwelveNightmare","floor":14},{"not_picked":["KillingBlow","BloodyHallows"],"picked":"DemonKingCradle","floor":16},{"not_picked":["EndlessAdversity","LeisurelyOfLord","ScarletImprint"],"picked":"SKIP","floor":18},{"not_picked":["DiffusionOfMisfortune","NightDance+1","ChainGang+1"],"picked":"SKIP","floor":20},{"not_picked":["UnstableMagic+1","VampireKiss"],"picked":"BlasphemousPunishment","floor":22},{"not_picked":["VampirishNight","VampireSweep+1","RedRainbow"],"picked":"SKIP","floor":24},{"not_picked":["ScarletDevil","HunterOfTheNight"],"picked":"FitfulNightmare","floor":25},{"not_picked":["CharismaGuard","ScarletDevil"],"picked":"UnderTheZenith","floor":27},{"not_picked":["BloodRain","HellCatastrophe"],"picked":"CeilingFear","floor":33},{"not_picked":["Ultimatum","EndlessAdversity","ScarletDevilSign"],"picked":"FitfulNightmare","floor":35},{"not_picked":["RedRainbow+1","EndlessAdversity","UltimateOffering+1"],"picked":"ScarletDevil+1","floor":37},{"not_picked":["EmergencyRegeneration+1","BloodHunter+1","ScarletDevil"],"picked":"UnderTheZenith+1","floor":38},{"not_picked":["FavorOfDestiny+1","Septette","FitfulNightmare"],"picked":"ScarletMeister","floor":40},{"not_picked":["Septette+1","TwelveNightmare+1","BombardNight+1"],"picked":"MastersStateliness+1","floor":42},{"not_picked":["Ultimatum","ScarletImprint","EndlessAdversity"],"picked":"FavorOfDestiny","floor":44},{"not_picked":["DiffusionOfMisfortune+1","BlasphemousPunishment+1","VampireSweep"],"picked":"MastersStateliness","floor":46},{"not_picked":["SuperhumanBloodyKnife+1","Stigmanizer+1","ScarletImprint"],"picked":"ForecastOfChange","floor":47},{"not_picked":["ScarletImprint","VampireFantasy+1","Septette"],"picked":"ScarletDevil","floor":48}],"player_experience":134412,"relics_obtained":[{"floor":6,"key":"Pondfish Scales"},{"floor":9,"key":"WingedGreaves"},{"floor":10,"key":"Vajra"},{"floor":12,"key":"Replay:PocketPolymizer"},{"floor":13,"key":"Garlic"},{"floor":14,"key":"Juzu Bracelet"},{"floor":25,"key":"Mummified Hand"},{"floor":26,"key":"Regal Pillow"},{"floor":27,"key":"Ice Cream"},{"floor":33,"key":"War Paint"},{"floor":38,"key":"Counterbalance"},{"floor":40,"key":"Replay:Mystery Machine"},{"floor":42,"key":"Blood Vial"},{"floor":43,"key":"Sundial"},{"floor":44,"key":"Anchor"},{"floor":46,"key":"Snack Pack"}],"event_choices":[{"damage_healed":0,"gold_gain":0,"player_choice":"2 cards matched","damage_taken":0,"max_hp_gain":0,"max_hp_loss":0,"event_name":"Match and Keep!","floor":2,"gold_loss":0,"cards_obtained":["HeartBreak","FavorOfDestiny"]},{"damage_healed":0,"gold_gain":0,"player_choice":"Success","damage_taken":7,"relics_obtained":["CaptainsWheel"],"max_hp_gain":0,"max_hp_loss":0,"event_name":"Scrap Ooze","floor":5,"gold_loss":0},{"cards_removed":["Defend_RM"],"damage_healed":0,"gold_gain":0,"player_choice":"Gave Gold","damage_taken":0,"max_hp_gain":0,"max_hp_loss":0,"event_name":"Beggar","floor":19,"gold_loss":75},{"damage_healed":0,"gold_gain":0,"cards_transformed":["Strike_RM"],"player_choice":"Transformed","damage_taken":0,"max_hp_gain":0,"max_hp_loss":0,"event_name":"Transmorgrifier","floor":28,"gold_loss":0,"cards_obtained":["DemonKingCradle"]},{"damage_healed":0,"gold_gain":0,"player_choice":"Inject Mutagens","damage_taken":0,"relics_obtained":["MutagenicStrength"],"max_hp_gain":0,"max_hp_loss":0,"event_name":"Drug Dealer","floor":31,"gold_loss":0},{"damage_healed":0,"gold_gain":0,"player_choice":"Fight","damage_taken":0,"max_hp_gain":0,"max_hp_loss":0,"event_name":"MindBloom","floor":38,"gold_loss":0},{"cards_removed":["VampireSweep"],"damage_healed":0,"gold_gain":0,"player_choice":"Removed Attack","damage_taken":0,"max_hp_gain":0,"max_hp_loss":0,"event_name":"Falling","floor":39,"gold_loss":0}],"is_beta":false,"boss_relics":[{"not_picked":["Replay:Drink Me","Velvet Choker"],"picked":"Astrolabe"},{"not_picked":["Runic Dome","Snecko Eye"],"picked":"Honey Jar"}],"items_purged_floors":[3,21],"is_endless":false,"potions_floor_spawned":[4,7,10,12,13,18,20,24,33,35,42,47],"ascension_level":4}}