{"host":"746m694if73h3gai","time":1611067836,"event":{"mods":["2.2 Compatiblity","AchievementEnabler","Act Like it!","BaseMod","Bestiary","Colored Map","Colored Powertips","Downfall","Minty Spire (QoL Compilation)","Quick Restart","Rare Cards Sparkle","Relic Stats","StSLib","The Cursed","Wandering Minibosses","everything is the same but u backflip on backflip","slay the spire mod where everything is the same but ironclad has a cowboy hat"],"gold_per_floor":[112,37,53,53,153,187,203,221,221,321,362,362,400,413,413,532,532,557,5,5,26,26,26,41,85,108,108,108,126,126,126],"floor_reached":30,"language":"ENG","playtime":1172,"items_purged":["Strike_G","Regret"],"score":381,"play_id":"8888144a-ae0b-48c1-b071-653d75666579","local_time":"20210119155036","is_ascension_mode":true,"campfire_choices":[{"floor":12,"key":"REST"},{"floor":15,"key":"REST"},{"data":"Glass Knife","floor":23,"key":"SMITH"},{"data":"Catalyst","floor":27,"key":"SMITH"}],"circlet_count":0,"master_deck":["Survivor","Neutralize","Glass Knife+1","Quick Slash","Footwork","Backflip","Bane","Poisoned Stab","Shame","Clumsy","Pain","Malaise","Shame","Poisoned Stab","Adrenaline","Bullet Time","Sucker Punch","Prepared","Catalyst+1","After Image+1","Prepared","Backflip","Choke","Infinite Blades+1","After Image+1","Tactician","Poisoned Stab","Catalyst","Acrobatics+1"],"relics":["Ring of the Snake","Golden Idol","Frozen Egg 2","Darkstone Periapt","Du-Vu Doll","InkBottle","The Specimen","Pandora\u0027s Box","Paper Crane","DollysMirror","Omamori","Juzu Bracelet"],"acts_visited":["Exordium","TheCity"],"potions_floor_usage":[6,11,13,16,16,16,21,25,28],"damage_taken":[{"damage":8,"enemies":"Small Slimes","floor":1,"turns":2},{"damage":0,"enemies":"Jaw Worm","floor":3,"turns":3},{"damage":32,"enemies":"Gremlin Nob","floor":6,"turns":6},{"damage":0,"enemies":"Cultist","floor":7,"turns":4},{"damage":1,"enemies":"Looter","floor":8,"turns":3},{"damage":19,"enemies":"3 Sentries","floor":11,"turns":7},{"damage":26,"enemies":"Gremlin Nob","floor":13,"turns":5},{"damage":9,"enemies":"Exordium Wildlife","floor":14,"turns":3},{"damage":47,"enemies":"Slime Boss","floor":16,"turns":9},{"damage":1,"enemies":"Chosen","floor":18,"turns":3},{"damage":6,"enemies":"Spheric Guardian","floor":21,"turns":4},{"damage":15,"enemies":"Snake Plant","floor":24,"turns":9},{"damage":32,"enemies":"Slavers","floor":25,"turns":5},{"damage":29,"enemies":"Gremlin Leader","floor":28,"turns":4},{"damage":16,"enemies":"Sentry and Sphere","floor":29,"turns":7},{"damage":6,"enemies":"Cultist and Chosen","floor":30,"turns":1}],"seed_played":"-5562468680074787748","potions_obtained":[{"floor":1,"key":"Guardian:BlockOnCardUsePotion"},{"floor":6,"key":"Block Potion"},{"floor":11,"key":"Regen Potion"},{"floor":13,"key":"SkillPotion"},{"floor":14,"key":"EntropicBrew"},{"floor":16,"key":"AttackPotion"},{"floor":24,"key":"SmokeBomb"}],"is_trial":false,"path_per_floor":["M","$","M","?","?","E","M","M","T","?","E","R","E","M","R","B",null,"M","$","?","M","$","R","M","E","T","R","E","M","M"],"character_chosen":"THE_SILENT","items_purchased":["Infinite Blades+1","Paper Crane","DollysMirror"],"campfire_rested":2,"item_purchase_floors":[19,19,19],"current_hp_per_floor":[62,62,62,45,45,13,13,12,12,47,28,59,45,36,67,20,105,104,104,104,98,98,98,83,51,51,51,22,6,0,0],"gold":126,"neow_bonus":"ONE_RANDOM_RARE_CARD","is_daily":false,"chose_seed":false,"campfire_upgraded":2,"win_rate":0.0,"timestamp":1611067836,"path_taken":["M","$","M","?","?","E","M","?","T","?","E","R","E","M","R","BOSS","M","$","?","M","?","R","?","E","T","R","E","M","M"],"items_purchased_type":["Card","Relic","Relic"],"build_version":"2020-12-22","purchased_purges":2,"victory":false,"max_hp_per_floor":[70,70,70,70,70,70,70,70,70,105,105,105,105,105,105,105,105,105,105,105,105,105,105,105,105,105,105,105,105,105,105],"relic_stats":{"Darkstone Periapt":30,"counters":[16,75],"Golden Idol":89,"Pandora\u0027s Box":["Bullet Time","Sucker Punch","Prepared","Catalyst","After Image","Prepared","Backflip","Riddle With Holes","Choke"],"Juzu Bracelet":0,"obtain_stats":[{"Darkstone Periapt":9,"Du-Vu Doll":10,"The Specimen":13,"Golden Idol":4,"DollysMirror":19,"Pandora\u0027s Box":17,"Omamori":25,"Juzu Bracelet":26,"Frozen Egg 2":6,"Paper Crane":19,"InkBottle":11,"Ring of the Snake":0},{"Darkstone Periapt":5,"Du-Vu Doll":5,"The Specimen":7,"Golden Idol":2,"DollysMirror":10,"Pandora\u0027s Box":9,"Omamori":13,"Juzu Bracelet":13,"Frozen Egg 2":3,"Paper Crane":10,"InkBottle":6,"Ring of the Snake":0},{"Darkstone Periapt":18,"Du-Vu Doll":18,"The Specimen":30,"Golden Idol":5,"DollysMirror":45,"Pandora\u0027s Box":42,"Omamori":63,"Juzu Bracelet":63,"Frozen Egg 2":11,"Paper Crane":45,"InkBottle":25,"Ring of the Snake":0}],"InkBottle":[14],"Ring of the Snake":[32]},"card_choices":[{"not_picked":["Dodge and Roll","PiercingWail"],"picked":"Quick Slash","floor":1},{"not_picked":["Outmaneuver","Endless Agony"],"picked":"Footwork","floor":3},{"not_picked":["Poisoned Stab","Sucker Punch"],"picked":"Backflip","floor":6},{"not_picked":["Sucker Punch","Underhanded Strike"],"picked":"Bane","floor":7},{"not_picked":["Catalyst","Terror"],"picked":"Poisoned Stab","floor":8},{"not_picked":["Acrobatics","Crippling Poison"],"picked":"Poisoned Stab","floor":11},{"not_picked":["Blade Dance","Reflex","Accuracy+1"],"picked":"SKIP","floor":13},{"not_picked":["Caltrops+1","Finisher","All Out Attack"],"picked":"SKIP","floor":14},{"not_picked":["Bullet Time","A Thousand Cuts+1"],"picked":"Adrenaline","floor":16},{"not_picked":["Underhanded Strike+1","Prepared","Caltrops+1"],"picked":"SKIP","floor":18},{"not_picked":["PiercingWail","Quick Slash"],"picked":"Poisoned Stab","floor":21},{"not_picked":["Outmaneuver+1","Dodge and Roll"],"picked":"Catalyst","floor":24},{"not_picked":["Flying Knee","Dagger Throw","Endless Agony"],"picked":"SKIP","floor":25},{"not_picked":["Unload","Footwork+1"],"picked":"Acrobatics+1","floor":29}],"player_experience":128223,"relics_obtained":[{"floor":6,"key":"Frozen Egg 2"},{"floor":9,"key":"Darkstone Periapt"},{"floor":11,"key":"InkBottle"},{"floor":13,"key":"The Specimen"},{"floor":25,"key":"Omamori"},{"floor":26,"key":"Juzu Bracelet"}],"event_choices":[{"damage_healed":0,"gold_gain":0,"player_choice":"Take Damage","damage_taken":17,"relics_obtained":["Golden Idol"],"max_hp_gain":0,"max_hp_loss":0,"event_name":"Golden Idol","floor":4,"gold_loss":0},{"damage_healed":0,"gold_gain":100,"player_choice":"Pray","damage_taken":0,"max_hp_gain":0,"max_hp_loss":0,"event_name":"Golden Shrine","floor":5,"gold_loss":0},{"damage_healed":0,"gold_gain":0,"cards_transformed":["Riddle With Holes"],"player_choice":"Transformed","damage_taken":0,"max_hp_gain":0,"max_hp_loss":0,"event_name":"Transmorgrifier","floor":20,"gold_loss":0,"cards_obtained":["Tactician"]}],"is_beta":false,"boss_relics":[{"not_picked":["Tiny House","Runic Pyramid"],"picked":"Pandora\u0027s Box"}],"items_purged_floors":[2,19],"is_endless":false,"potions_floor_spawned":[1,6,11,13,14,16,24,28],"killed_by":"Cultist and Chosen","ascension_level":3}}