{"host":"j4g6ia6asvpyu2b0","time":1611099886,"event":{"mods":["BaseMod","Colored Map","Minty Spire (QoL Compilation)","Permanent Neow","Quick Restart","Relic Stats","StSLib","Unceasing Turn Reminder"],"gold_per_floor":[112,112,75,88,98,123,142,142,142,142,171,171,200,220,220,315,315,327,341,341,341,341],"floor_reached":21,"language":"ENG","playtime":567,"items_purged":[],"score":343,"play_id":"9bb2ae97-5828-47a3-a5b0-d1083b4bd51c","local_time":"20210119164446","is_ascension_mode":true,"campfire_choices":[{"floor":8.0,"key":"REST"},{"data":"Mayhem","floor":10.0,"key":"SMITH"},{"floor":15,"key":"REST"}],"circlet_count":0,"master_deck":["AscendersBane","Strike_B","Strike_B","Strike_B","Strike_B","Defend_B","Defend_B","Defend_B","Defend_B","Zap","Dualcast","Decay","Mayhem+1","Ball Lightning","Doom and Gloom","Sweeping Beam","Gash","Steam+1","Machine Learning","Rip and Tear","Chaos+1","Turbo+1","Fission+1","Ball Lightning","Reinforced Body+1","Ghostly+1","Ghostly+1","Ghostly+1","Ghostly+1","Ghostly+1"],"relics":["Cracked Core","Bag of Marbles","Toxic Egg 2","Mummified Hand","Sundial","Symbiotic Virus","Coffee Dripper"],"acts_visited":["Exordium","TheCity"],"potions_floor_usage":[11],"damage_taken":[{"damage":1.0,"enemies":"2 Louse","floor":1.0,"turns":3.0},{"damage":1.0,"enemies":"Cultist","floor":4.0,"turns":3.0},{"damage":9.0,"enemies":"Jaw Worm","floor":5.0,"turns":2.0},{"damage":40.0,"enemies":"Gremlin Nob","floor":6.0,"turns":4.0},{"damage":3.0,"enemies":"Looter","floor":7.0,"turns":2.0},{"damage":10,"enemies":"3 Sentries","floor":11,"turns":4},{"damage":20,"enemies":"Lagavulin","floor":13,"turns":5},{"damage":2,"enemies":"Lots of Slimes","floor":14,"turns":2},{"damage":18,"enemies":"Slime Boss","floor":16,"turns":6},{"damage":24,"enemies":"2 Thieves","floor":18,"turns":2},{"damage":19,"enemies":"3 Byrds","floor":19,"turns":4},{"damage":33,"enemies":"Snecko","floor":21,"turns":5}],"seed_played":"9066273176212365856","potions_obtained":[{"floor":1.0,"key":"FearPotion"},{"floor":7.0,"key":"Energy Potion"},{"floor":11,"key":"SpeedPotion"},{"floor":14,"key":"Ancient Potion"}],"is_trial":false,"path_per_floor":["M","?","$","M","M","E","M","R","T","R","E","?","E","M","R","B",null,"M","M","?","M"],"character_chosen":"DEFECT","items_purchased":["Doom and Gloom"],"campfire_rested":2,"item_purchase_floors":[3],"current_hp_per_floor":[67,67,67,66,57,17,14,36,36,36,26,23,3,1,23,5,58,34,15,15,0,0],"gold":341,"neow_bonus":"RANDOM_COLORLESS_2","is_daily":false,"chose_seed":false,"campfire_upgraded":1,"win_rate":0.0,"timestamp":1611099886,"path_taken":["M","?","?","M","M","E","M","R","T","R","E","?","E","M","R","BOSS","M","M","?","M"],"items_purchased_type":["Card"],"build_version":"2020-12-22","purchased_purges":0,"victory":false,"max_hp_per_floor":[75,75,75,75,75,75,75,75,75,75,75,75,75,75,75,75,75,75,75,37,37,37],"relic_stats":{"counters":[12,42],"Mummified Hand":[12],"Sundial":[2],"obtain_stats":[{"Mummified Hand":11,"Sundial":12,"Bag of Marbles":2,"Coffee Dripper":17,"Toxic Egg 2":6,"Cracked Core":0,"Symbiotic Virus":13},{"Mummified Hand":6,"Sundial":6,"Bag of Marbles":1,"Coffee Dripper":9,"Toxic Egg 2":4,"Cracked Core":0,"Symbiotic Virus":7},{"Mummified Hand":18,"Sundial":18,"Bag of Marbles":3,"Coffee Dripper":31,"Toxic Egg 2":12,"Cracked Core":0,"Symbiotic Virus":23}]},"card_choices":[{"not_picked":["Sadistic Nature","Violence"],"picked":"Mayhem","floor":0.0},{"not_picked":["Stack","Barrage"],"picked":"Ball Lightning","floor":1.0},{"not_picked":["Scrape","Barrage"],"picked":"Sweeping Beam","floor":4.0},{"not_picked":["Redo","Go for the Eyes"],"picked":"Gash","floor":5.0},{"not_picked":["Doom and Gloom","Leap+1"],"picked":"Steam+1","floor":6.0},{"not_picked":["Rebound","Barrage"],"picked":"Machine Learning","floor":7.0},{"not_picked":["Rebound","Steam+1"],"picked":"Rip and Tear","floor":11},{"not_picked":["Machine Learning","Recycle+1"],"picked":"Chaos+1","floor":13},{"not_picked":["Barrage","Rip and Tear"],"picked":"Turbo+1","floor":14},{"not_picked":["Multi-Cast+1","Rainbow+1"],"picked":"Fission+1","floor":16},{"not_picked":["Beam Cell","Turbo+1"],"picked":"Ball Lightning","floor":18},{"not_picked":["Steam+1","Redo+1"],"picked":"Reinforced Body+1","floor":19}],"player_experience":868551,"relics_obtained":[{"floor":6.0,"key":"Toxic Egg 2"},{"floor":11,"key":"Mummified Hand"},{"floor":13,"key":"Symbiotic Virus"}],"event_choices":[{"damage_healed":0.0,"max_hp_gain":0.0,"max_hp_loss":0.0,"gold_gain":0.0,"event_name":"WeMeetAgain","player_choice":"Gave Potion","floor":2.0,"gold_loss":0.0,"damage_taken":0.0,"relics_obtained":["Bag of Marbles"]},{"damage_healed":0,"gold_gain":0,"player_choice":"Success","damage_taken":3,"relics_obtained":["Sundial"],"max_hp_gain":0,"max_hp_loss":0,"event_name":"Scrap Ooze","floor":12,"gold_loss":0},{"damage_healed":0,"gold_gain":0,"player_choice":"Became a Ghost","damage_taken":0,"max_hp_gain":0,"max_hp_loss":38,"event_name":"Ghosts","floor":20,"gold_loss":0,"cards_obtained":["Ghostly","Ghostly","Ghostly","Ghostly","Ghostly"]}],"is_beta":false,"boss_relics":[{"not_picked":["Runic Pyramid","Ectoplasm"],"picked":"Coffee Dripper"}],"items_purged_floors":[],"is_endless":false,"potions_floor_spawned":[1,7,11,14,18],"killed_by":"Snecko","ascension_level":12}}