{"host":"mg3e76uznu9x14du","time":1611030421,"event":{"mods":["BaseMod","Colored Map","Minty Spire (QoL Compilation)","Permanent Neow","Relic Stats","StSLib"],"gold_per_floor":[112,112,112,37,2,2,29,29,29,204,223,223,252,252,252,353,353,367,367,367,367,466,466,78,78,78,78,112,132,132,147,147,247,247,267,282,282,334,354,380,380,380,380,380,380,397,416,176,176,176,176,176,23,55,55,55],"floor_reached":55,"language":"ENG","playtime":3219,"items_purged":["Strike_B"],"score":905,"play_id":"35e68f8f-a0d3-4b52-ad06-8f94e15b2c0f","local_time":"20210118232701","is_ascension_mode":true,"campfire_choices":[{"data":"Dualcast","floor":6,"key":"SMITH"},{"data":"Redo","floor":8,"key":"SMITH"},{"floor":15,"key":"REST"},{"data":"Seek","floor":23,"key":"SMITH"},{"data":"Thunder Strike","floor":25,"key":"SMITH"},{"data":"Enlightenment","floor":27,"key":"SMITH"},{"data":"Redo","floor":30,"key":"SMITH"},{"floor":32,"key":"REST"},{"floor":41,"key":"REST"},{"floor":44,"key":"REST"},{"floor":49,"key":"RECALL"},{"data":"Machine Learning","floor":52,"key":"SMITH"}],"circlet_count":0,"master_deck":["Defend_B","Defend_B","Defend_B+1","Defend_B","Zap+1","Dualcast+1","Echo Form+1","Redo+1","Thunder Strike+1","Hologram","Static Discharge","Seek+1","Go for the Eyes+1","Recycle","Glacier","Enlightenment+1","Redo+1","Glacier","Machine Learning+1","BootSequence+1","Conserve Battery+1","Madness","Madness","Double Energy+1","Conserve Battery+1","Defragment+1","Flash of Steel","White Noise+1","Beam Cell","Heatsinks"],"relics":["Cracked Core","Emotion Chip","Pantograph","Juzu Bracelet","Runic Pyramid","Unceasing Top","Dead Branch","Black Star","Turnip","HornCleat","InkBottle","Du-Vu Doll","Bottled Flame","Calipers","Lantern"],"acts_visited":["Exordium","TheCity","TheBeyond","TheEnding"],"potions_floor_usage":[28,38,38,46,54,54,55,55],"damage_taken":[{"damage":3,"enemies":"Jaw Worm","floor":1,"turns":4},{"damage":35,"enemies":"3 Sentries","floor":7,"turns":11},{"damage":0,"enemies":"2 Louse","floor":11,"turns":2},{"damage":7,"enemies":"Lagavulin","floor":13,"turns":6},{"damage":19,"enemies":"Hexaghost","floor":16,"turns":6},{"damage":9,"enemies":"Chosen","floor":18,"turns":5},{"damage":44,"enemies":"Gremlin Leader","floor":28,"turns":4},{"damage":1,"enemies":"Spheric Guardian","floor":29,"turns":3},{"damage":9,"enemies":"Centurion and Healer","floor":31,"turns":4},{"damage":0,"enemies":"Champ","floor":33,"turns":6},{"damage":20,"enemies":"3 Darklings","floor":35,"turns":5},{"damage":6,"enemies":"Orb Walker","floor":36,"turns":4},{"damage":27,"enemies":"2 Orb Walkers","floor":38,"turns":8},{"damage":9,"enemies":"Jaw Worm Horde","floor":39,"turns":4},{"damage":0,"enemies":"Giant Head","floor":40,"turns":10},{"damage":23,"enemies":"Transient","floor":46,"turns":5},{"damage":0,"enemies":"Maw","floor":47,"turns":5},{"damage":10,"enemies":"Donu and Deca","floor":50,"turns":8},{"damage":79,"enemies":"Shield and Spear","floor":54,"turns":7},{"damage":44,"enemies":"The Heart","floor":55,"turns":3}],"seed_played":"-788720860774246139","potions_obtained":[{"floor":7,"key":"SneckoOil"},{"floor":28,"key":"Fire Potion"},{"floor":35,"key":"DistilledChaos"},{"floor":40,"key":"Explosive Potion"},{"floor":46,"key":"LiquidBronze"},{"floor":54,"key":"LiquidMemories"}],"is_trial":false,"path_per_floor":["M","?","?","$","?","R","E","R","T","?","M","?","E","?","R","B",null,"M","?","?","?","?","R","$","R","T","R","E","M","R","M","R","B",null,"M","M","?","?","M","E","R","?","T","R","?","M","M","$","R","B",null,"R","$","E","B"],"character_chosen":"DEFECT","items_purchased":["Unceasing Top","Enlightenment","Bottled Flame","AttackPotion","Regen Potion","Beam Cell"],"campfire_rested":4,"item_purchase_floors":[24,24,48,53,53,53],"current_hp_per_floor":[51,51,44,44,62,62,27,27,27,27,27,27,20,5,27,33,75,66,66,66,66,66,66,66,66,66,66,22,21,21,12,34,59,75,55,49,40,13,4,4,26,26,26,48,48,25,25,25,25,40,75,75,75,5,0,0],"gold":55,"neow_bonus":"THREE_RARE_CARDS","is_daily":false,"chose_seed":false,"campfire_upgraded":7,"win_rate":0.0,"timestamp":1611030421,"path_taken":["M","?","?","?","?","R","E","R","T","?","M","?","E","?","R","BOSS","M","?","?","?","?","R","$","R","T","R","E","M","R","M","R","BOSS","M","M","?","?","M","E","R","?","T","R","?","M","M","$","R","BOSS","R","$","E","BOSS"],"items_purchased_type":["Relic","Card","Relic","Potion","Potion","Card"],"build_version":"2020-12-22","purchased_purges":1,"victory":false,"max_hp_per_floor":[75,75,75,75,75,75,75,75,75,75,75,75,75,75,75,75,75,75,75,75,75,75,75,75,75,75,75,75,75,75,75,75,75,75,75,75,75,75,75,75,75,75,75,75,75,75,75,75,75,75,75,75,75,75,75,75],"relic_stats":{"Emotion Chip":[63,45,16,2,0],"counters":[20,110],"Pantograph":100,"Dead Branch":[105],"Turnip":[5],"Juzu Bracelet":1,"Black Star":2,"obtain_stats":[{"Lantern":54,"Calipers":54,"Dead Branch":28,"Juzu Bracelet":13,"Du-Vu Doll":43,"Emotion Chip":7,"Bottled Flame":48,"HornCleat":40,"Pantograph":9,"Turnip":38,"Black Star":34,"Cracked Core":0,"Unceasing Top":24,"InkBottle":40,"Runic Pyramid":17},{"Lantern":19,"Calipers":19,"Dead Branch":7,"Juzu Bracelet":4,"Du-Vu Doll":15,"Emotion Chip":2,"Bottled Flame":17,"HornCleat":15,"Pantograph":2,"Turnip":13,"Black Star":10,"Cracked Core":0,"Unceasing Top":6,"InkBottle":15,"Runic Pyramid":5},{"Lantern":107,"Calipers":107,"Dead Branch":38,"Juzu Bracelet":23,"Du-Vu Doll":82,"Emotion Chip":15,"Bottled Flame":92,"HornCleat":82,"Pantograph":15,"Turnip":68,"Black Star":51,"Cracked Core":0,"Unceasing Top":34,"InkBottle":82,"Runic Pyramid":29}],"Unceasing Top":[19],"InkBottle":[19]},"card_choices":[{"not_picked":["Seek","Hyperbeam"],"picked":"Echo Form","floor":0},{"not_picked":["Steam","Sweeping Beam"],"picked":"Redo","floor":1},{"not_picked":["Glacier","Hello World"],"picked":"Thunder Strike","floor":7},{"not_picked":["Chaos","Capacitor"],"picked":"Hologram","floor":11},{"not_picked":["Streamline","Leap"],"picked":"Static Discharge","floor":13},{"not_picked":["Fission","Amplify"],"picked":"Seek","floor":16},{"not_picked":["Sweeping Beam+1","Coolheaded"],"picked":"Go for the Eyes+1","floor":18},{"not_picked":["Steam+1","Hyperbeam","Cold Snap"],"picked":"SKIP","floor":28},{"not_picked":["Rebound+1","FTL"],"picked":"Redo","floor":29},{"not_picked":["Reprogram","Lockon"],"picked":"Glacier","floor":31},{"not_picked":["Creative AI","Rainbow"],"picked":"Machine Learning","floor":33},{"not_picked":["Chaos","Steam Power"],"picked":"BootSequence+1","floor":35},{"not_picked":["Rebound","Leap+1"],"picked":"Conserve Battery+1","floor":36},{"not_picked":["Rebound","BootSequence"],"picked":"Double Energy+1","floor":38},{"not_picked":["Capacitor+1","Stack+1"],"picked":"Conserve Battery+1","floor":39},{"not_picked":["Genetic Algorithm","Gash+1"],"picked":"Defragment+1","floor":40},{"not_picked":["Metamorphosis","Chrysalis"],"picked":"Flash of Steel","floor":42},{"not_picked":["Turbo+1","Barrage","Stack+1"],"picked":"SKIP","floor":46},{"not_picked":["Barrage","Redo+1"],"picked":"White Noise+1","floor":47},{"not_picked":["Melter","Go for the Eyes+1"],"picked":"Heatsinks","floor":54}],"player_experience":261534,"relics_obtained":[{"floor":7,"key":"Emotion Chip"},{"floor":9,"key":"Pantograph"},{"floor":13,"key":"Juzu Bracelet"},{"floor":28,"key":"Dead Branch"},{"floor":38,"key":"Turnip"},{"floor":40,"key":"HornCleat"},{"floor":40,"key":"InkBottle"},{"floor":43,"key":"Du-Vu Doll"},{"floor":54,"key":"Calipers"},{"floor":54,"key":"Lantern"}],"event_choices":[{"damage_healed":0,"gold_gain":0,"player_choice":"Grow","damage_taken":0,"max_hp_gain":0,"max_hp_loss":0,"event_name":"Living Wall","floor":2,"gold_loss":0,"cards_upgraded":["Zap"]},{"cards_removed":["Strike_B"],"damage_healed":0,"gold_gain":0,"player_choice":"Card Removal","damage_taken":7,"max_hp_gain":0,"max_hp_loss":0,"event_name":"Golden Wing","floor":3,"gold_loss":0},{"damage_healed":18,"gold_gain":0,"player_choice":"Healed","damage_taken":0,"max_hp_gain":0,"max_hp_loss":0,"event_name":"The Cleric","floor":5,"gold_loss":35},{"damage_healed":0,"gold_gain":175,"player_choice":"AGREE","damage_taken":0,"max_hp_gain":0,"max_hp_loss":0,"event_name":"Liars Game","floor":10,"gold_loss":0,"cards_obtained":["Doubt"]},{"damage_healed":0,"gold_gain":0,"cards_transformed":["Strike_B"],"player_choice":"Transformed","damage_taken":0,"max_hp_gain":0,"max_hp_loss":0,"event_name":"Transmorgrifier","floor":12,"gold_loss":0,"cards_obtained":["Undo"]},{"damage_healed":0,"gold_gain":0,"player_choice":"Entered Light","damage_taken":15,"max_hp_gain":0,"max_hp_loss":0,"event_name":"Shining Light","floor":14,"gold_loss":0,"cards_upgraded":["Defend_B","Echo Form"]},{"cards_removed":["Doubt"],"damage_healed":0,"gold_gain":0,"player_choice":"Elegance","damage_taken":0,"max_hp_gain":0,"max_hp_loss":0,"event_name":"Back to Basics","floor":19,"gold_loss":0},{"damage_healed":0,"gold_gain":0,"player_choice":"Ignored","damage_taken":0,"max_hp_gain":0,"max_hp_loss":0,"event_name":"Vampires","floor":20,"gold_loss":0},{"damage_healed":0,"gold_gain":0,"cards_transformed":["Strike_B","Undo"],"player_choice":"Became Test Subject","damage_taken":0,"max_hp_gain":0,"max_hp_loss":0,"event_name":"Drug Dealer","floor":21,"gold_loss":0,"cards_obtained":["Recycle","Glacier"]},{"damage_healed":0,"gold_gain":99,"player_choice":"Stole From Cult","damage_taken":0,"max_hp_gain":0,"max_hp_loss":0,"event_name":"Nest","floor":22,"gold_loss":0},{"damage_healed":0,"gold_gain":0,"player_choice":"Embrace Madness","damage_taken":9,"max_hp_gain":0,"max_hp_loss":0,"event_name":"Winding Halls","floor":37,"gold_loss":0,"cards_obtained":["Madness","Madness"]},{"damage_healed":0,"gold_gain":0,"player_choice":"Fight","damage_taken":0,"max_hp_gain":0,"max_hp_loss":0,"event_name":"Mysterious Sphere","floor":38,"gold_loss":0},{"damage_healed":0,"gold_gain":0,"player_choice":"Memory 1","damage_taken":0,"max_hp_gain":0,"max_hp_loss":0,"event_name":"SensoryStone","floor":42,"gold_loss":0},{"damage_healed":0,"gold_gain":0,"player_choice":"Ignored","damage_taken":0,"max_hp_gain":0,"max_hp_loss":0,"event_name":"Tomb of Lord Red Mask","floor":45,"gold_loss":0}],"is_beta":false,"boss_relics":[{"not_picked":["Runic Dome","Snecko Eye"],"picked":"Runic Pyramid"},{"not_picked":["Coffee Dripper","Astrolabe"],"picked":"Black Star"}],"items_purged_floors":[4],"is_endless":false,"potions_floor_spawned":[7,28,35,40,46,54],"killed_by":"The Heart","ascension_level":3}}