{"host":"0ueeacaatm8t6jyh","time":1611060559,"event":{"mods":["AchievementEnabler","BaseMod","Colored Powertips","Minty Spire (QoL Compilation)","Quick Restart","Rare Cards Sparkle","Shop Mod","StSLib"],"gold_per_floor":[115,115,131,46,66,97,97,116,116,128,163,200,287,309,321,407,419,451,268,283,283,283,283,295,156,156,168,43,43,43],"floor_reached":29,"language":"ZHS","playtime":919,"items_purged":["Strike_R","Strike_R","Strike_R"],"score":466,"play_id":"d94000ce-06e5-4c5e-9098-9eb7355cf148","local_time":"20210119204919","is_ascension_mode":true,"campfire_choices":[{"data":"Immolate","floor":7.0,"key":"SMITH"},{"floor":15.0,"key":"REST"},{"floor":23.0,"key":"RECALL"}],"circlet_count":0,"master_deck":["AscendersBane","Strike_R","Strike_R","Defend_R","Defend_R","Defend_R","Defend_R","Bash","Immolate+1","Feel No Pain","Berserk","Shockwave","Blood for Blood","Burning Pact","Reaper","Sever Soul+1","Clothesline+1","Feel No Pain+1","Second Wind","Dark Embrace","Reckless Charge","Evolve","Intimidate+1"],"relics":["Burning Blood","NeowsBlessing","Akabeko","MawBank","Pear","Odd Mushroom","StrikeDummy","Astrolabe"],"acts_visited":["Exordium","TheCity"],"potions_floor_usage":[],"damage_taken":[{"damage":0.0,"enemies":"Cultist","floor":1.0,"turns":1.0},{"damage":0.0,"enemies":"Jaw Worm","floor":3.0,"turns":1.0},{"damage":0.0,"enemies":"Small Slimes","floor":5.0,"turns":1.0},{"damage":42.0,"enemies":"Lagavulin","floor":6.0,"turns":8.0},{"damage":0.0,"enemies":"Gremlin Gang","floor":8.0,"turns":3.0},{"damage":0.0,"enemies":"The Mushroom Lair","floor":11.0,"turns":1.0},{"damage":17.0,"enemies":"3 Sentries","floor":12.0,"turns":4.0},{"damage":15.0,"enemies":"Red Slaver","floor":14.0,"turns":3.0},{"damage":62.0,"enemies":"The Guardian","floor":16.0,"turns":10.0},{"damage":21.0,"enemies":"3 Byrds","floor":18.0,"turns":5.0},{"damage":10.0,"enemies":"Chosen","floor":20.0,"turns":5.0},{"damage":49.0,"enemies":"Sentry and Sphere","floor":24.0,"turns":9.0},{"damage":25.0,"enemies":"Snake Plant","floor":27.0,"turns":4.0},{"damage":32,"enemies":"Colosseum Slavers","floor":29,"turns":3}],"seed_played":"-9040903251189590017","potions_obtained":[{"floor":1.0,"key":"FearPotion"},{"floor":6.0,"key":"Fruit Juice"},{"floor":11.0,"key":"ElixirPotion"},{"floor":12.0,"key":"EntropicBrew"},{"floor":16.0,"key":"SkillPotion"},{"floor":24.0,"key":"ColorlessPotion"}],"is_trial":false,"path_per_floor":["M","?","M","$","M","E","R","M","T","?","?","E","?","M","R","B",null,"M","$","M","?","?","R","M","$","T","M","$","?"],"character_chosen":"IRONCLAD","items_purchased":["Feel No Pain","Second Wind","Dark Embrace","Evolve"],"campfire_rested":1,"item_purchase_floors":[4,19,19,25],"current_hp_per_floor":[74,74,75,75,75,44,44,50,50,49,55,44,33,24,51,10,70,61,61,69,69,69,69,26,26,26,7,7,0,0],"gold":43,"neow_bonus":"THREE_ENEMY_KILL","is_daily":false,"chose_seed":false,"campfire_upgraded":1,"win_rate":0.0,"timestamp":1611060559,"path_taken":["M","?","?","$","M","E","R","M","T","?","?","E","?","M","R","BOSS","M","$","M","?","?","R","?","$","T","M","?","?"],"items_purchased_type":["Card","Card","Card","Card"],"build_version":"2020-12-22","purchased_purges":3,"victory":false,"max_hp_per_floor":[75,75,75,75,75,80,80,80,80,90,90,90,90,90,90,90,90,90,90,90,90,90,90,90,90,90,90,90,90,90],"card_choices":[{"not_picked":["Clash","Hemokinesis"],"picked":"Fire Breathing","floor":1.0},{"not_picked":["Battle Trance","Shrug It Off"],"picked":"Body Slam","floor":3.0},{"not_picked":["Havoc","Perfected Strike","Twin Strike"],"picked":"SKIP","floor":5.0},{"not_picked":["Cleave","Headbutt"],"picked":"Berserk","floor":6.0},{"not_picked":["Anger","Cleave"],"picked":"Shockwave","floor":8.0},{"not_picked":["Rage","Metallicize"],"picked":"Blood for Blood","floor":11.0},{"not_picked":["Entrench","Wild Strike"],"picked":"Burning Pact","floor":12.0},{"not_picked":["Whirlwind","Searing Blow","Thunderclap"],"picked":"SKIP","floor":14.0},{"not_picked":["Double Tap","Immolate"],"picked":"Reaper","floor":16.0},{"not_picked":["Twin Strike","Carnage","Pommel Strike"],"picked":"SKIP","floor":18.0},{"not_picked":["Sword Boomerang","Spot Weakness"],"picked":"Reckless Charge","floor":20.0},{"not_picked":["Twin Strike","Bloodletting","Iron Wave"],"picked":"SKIP","floor":24.0},{"not_picked":["Twin Strike+1","Heavy Blade"],"picked":"Intimidate+1","floor":27.0}],"player_experience":409204,"relics_obtained":[{"floor":6.0,"key":"Akabeko"},{"floor":9.0,"key":"MawBank"},{"floor":11.0,"key":"Odd Mushroom"},{"floor":12.0,"key":"StrikeDummy"}],"event_choices":[{"damage_healed":0.0,"max_hp_gain":0.0,"max_hp_loss":0.0,"gold_gain":0.0,"event_name":"Match and Keep!","player_choice":"2 cards matched","floor":2.0,"gold_loss":0.0,"damage_taken":0.0,"cards_obtained":["Wild Strike","Immolate"]},{"damage_healed":0.0,"max_hp_gain":0.0,"max_hp_loss":0.0,"gold_gain":0.0,"event_name":"Scrap Ooze","player_choice":"Success","floor":10.0,"gold_loss":0.0,"damage_taken":11.0,"relics_obtained":["Pear"]},{"damage_healed":0.0,"max_hp_gain":0.0,"max_hp_loss":0.0,"gold_gain":0.0,"event_name":"Mushrooms","player_choice":"Fought Mushrooms","floor":11.0,"gold_loss":0.0,"damage_taken":0.0},{"damage_healed":0.0,"max_hp_gain":0.0,"max_hp_loss":0.0,"gold_gain":75.0,"event_name":"World of Goop","player_choice":"Gather Gold","floor":13.0,"gold_loss":0.0,"damage_taken":11.0},{"damage_healed":0.0,"max_hp_gain":0.0,"max_hp_loss":0.0,"gold_gain":0.0,"event_name":"Vampires","player_choice":"Ignored","floor":21.0,"gold_loss":0.0,"damage_taken":0.0},{"damage_healed":0.0,"max_hp_gain":0.0,"max_hp_loss":0.0,"gold_gain":0.0,"event_name":"WeMeetAgain","player_choice":"Ignored","floor":22.0,"gold_loss":0.0,"damage_taken":0.0},{"damage_healed":0,"gold_gain":0,"player_choice":"Fight","damage_taken":0,"max_hp_gain":0,"max_hp_loss":0,"event_name":"Colosseum","floor":29,"gold_loss":0}],"is_beta":false,"boss_relics":[{"not_picked":["SlaversCollar","Calling Bell"],"picked":"Astrolabe"}],"items_purged_floors":[19,25,28],"is_endless":false,"potions_floor_spawned":[1,6,11,12,16,24],"killed_by":"Colosseum Slavers","ascension_level":20}}