{"host":"howmbcs8zm40pvpj","time":1611098894,"event":{"mods":["AchievementEnabler","BaseMod","Colored Powertips","Minty Spire (QoL Compilation)","Rare Cards Sparkle","Slay the Relics Exporter"],"gold_per_floor":[99,99,99,99,99,99,99,99,99,99,99,24,24,24,24,24,24,0,0,0,0,0,0,0,0,0,0,0,0,0,0,0,0,0,0,0,0,0,0,0,0,0,0,0,0,0,0,0,0,0,0,0,0,0,0],"floor_reached":56,"language":"ENG","playtime":3515,"items_purged":["Strike_G"],"score":1290,"play_id":"fb915c5b-133a-4cb1-8e65-0e438ad11f5c","local_time":"20210119182814","is_ascension_mode":false,"campfire_choices":[{"data":"Accuracy","floor":6,"key":"SMITH"},{"data":"Blade Dance","floor":8,"key":"SMITH"},{"data":"A Thousand Cuts","floor":13,"key":"SMITH"},{"data":"Cloak And Dagger","floor":15,"key":"SMITH"},{"data":"Wraith Form v2","floor":25,"key":"SMITH"},{"data":"Neutralize","floor":28,"key":"SMITH"},{"data":"RitualDagger","floor":32,"key":"SMITH"},{"data":"Noxious Fumes","floor":41,"key":"SMITH"},{"floor":44,"key":"RECALL"},{"data":"Tools of the Trade","floor":46,"key":"SMITH"},{"data":"Deadly Poison","floor":49,"key":"SMITH"},{"data":"Wraith Form v2","floor":52,"key":"SMITH"}],"circlet_count":0,"master_deck":["Survivor","Neutralize+1","Accuracy+1","Blade Dance+1","Cloak And Dagger+1","Masterful Stab","A Thousand Cuts+1","Dagger Throw","Die Die Die","Footwork+1","Malaise+1","Bullet Time+1","Backflip+1","RitualDagger+1","Dodge and Roll+1","Eviscerate+1","Wraith Form v2+1","Acrobatics+1","Cloak And Dagger+1","Wraith Form v2+1","Deadly Poison+1","Poisoned Stab","Flying Knee","Dash","Dash","Prepared+1","Backflip+1","Noxious Fumes+1","Tools of the Trade+1","Footwork+1"],"relics":["Ectoplasm","Blood Vial","Snake Skull","Astrolabe","Enchiridion","Letter Opener","Paper Crane","Happy Flower","Ornamental Fan","Pandora\u0027s Box","Pear","Potion Belt","Molten Egg 2","InkBottle"],"acts_visited":["Exordium","TheCity","TheBeyond","TheEnding"],"potions_floor_usage":[16,18,54,55,55,55,55,55,55],"damage_taken":[{"damage":1,"enemies":"Small Slimes","floor":1,"turns":4},{"damage":0,"enemies":"2 Louse","floor":3,"turns":2},{"damage":0,"enemies":"Jaw Worm","floor":5,"turns":4},{"damage":0,"enemies":"2 Fungi Beasts","floor":7,"turns":3},{"damage":10,"enemies":"Lagavulin","floor":10,"turns":5},{"damage":5,"enemies":"Exordium Thugs","floor":14,"turns":4},{"damage":1,"enemies":"Slime Boss","floor":16,"turns":9},{"damage":2,"enemies":"2 Thieves","floor":18,"turns":4},{"damage":0,"enemies":"Spheric Guardian","floor":21,"turns":2},{"damage":0,"enemies":"Snecko","floor":22,"turns":3},{"damage":16,"enemies":"Book of Stabbing","floor":23,"turns":6},{"damage":1,"enemies":"Snake Plant","floor":24,"turns":5},{"damage":0,"enemies":"Slavers","floor":27,"turns":7},{"damage":9,"enemies":"Gremlin Leader","floor":30,"turns":6},{"damage":22,"enemies":"Collector","floor":33,"turns":9},{"damage":12,"enemies":"3 Shapes","floor":35,"turns":4},{"damage":2,"enemies":"3 Darklings","floor":37,"turns":3},{"damage":1,"enemies":"Maw","floor":38,"turns":7},{"damage":0,"enemies":"Transient","floor":39,"turns":5},{"damage":2,"enemies":"Nemesis","floor":40,"turns":7},{"damage":1,"enemies":"Reptomancer","floor":42,"turns":4},{"damage":2,"enemies":"Sphere and 2 Shapes","floor":47,"turns":4},{"damage":0,"enemies":"4 Shapes","floor":48,"turns":1},{"damage":31,"enemies":"Time Eater","floor":50,"turns":11},{"damage":0,"enemies":"Shield and Spear","floor":54,"turns":5},{"damage":58,"enemies":"The Heart","floor":55,"turns":10}],"seed_played":"8159043032552774480","potions_obtained":[{"floor":1,"key":"DuplicationPotion"},{"floor":14,"key":"Ancient Potion"},{"floor":16,"key":"Poison Potion"},{"floor":21,"key":"EntropicBrew"},{"floor":23,"key":"Strength Potion"},{"floor":47,"key":"Swift Potion"},{"floor":48,"key":"DuplicationPotion"}],"is_trial":false,"path_per_floor":["M","?","M","?","M","R","M","R","T","E","?","$","R","M","R","B",null,"M","?","?","M","M","E","M","R","T","E","R","$","E","?","R","B",null,"M","?","M","M","M","E","R","E","T","R","T","R","M","M","R","B",null,"R","$","E","B",null],"character_chosen":"THE_SILENT","items_purchased":[],"campfire_rested":0,"item_purchase_floors":[],"current_hp_per_floor":[69,74,74,74,74,74,74,74,74,65,65,65,65,62,62,63,75,73,57,51,53,55,41,42,42,42,44,44,44,37,62,62,42,75,63,63,63,64,66,76,76,77,77,77,77,77,77,79,79,50,85,85,85,85,27],"gold":0,"neow_bonus":"BOSS_RELIC","is_daily":false,"chose_seed":false,"campfire_upgraded":11,"win_rate":0.0,"timestamp":1611098894,"path_taken":["M","?","M","?","?","R","M","R","T","E","?","?","R","M","R","BOSS","M","?","?","M","M","E","M","R","T","E","R","?","E","?","R","BOSS","M","?","M","M","M","E","R","E","T","R","?","R","M","M","R","BOSS","R","$","E","BOSS"],"items_purchased_type":[],"build_version":"2020-12-22","purchased_purges":1,"victory":true,"max_hp_per_floor":[70,75,75,75,75,75,75,75,75,75,75,75,75,75,75,75,75,75,75,75,75,75,75,75,75,75,75,75,75,75,75,75,75,75,75,75,75,75,75,85,85,85,85,85,85,85,85,85,85,85,85,85,85,85,85],"card_choices":[{"not_picked":["Sucker Punch","Slice"],"picked":"Accuracy","floor":1},{"not_picked":["Poisoned Stab","Cloak And Dagger"],"picked":"Blade Dance","floor":3},{"not_picked":["All Out Attack","Caltrops"],"picked":"Cloak And Dagger","floor":5},{"not_picked":["Outmaneuver","Glass Knife"],"picked":"Masterful Stab","floor":7},{"not_picked":["Slice","Bane"],"picked":"A Thousand Cuts","floor":10},{"not_picked":["Underhanded Strike","Quick Slash"],"picked":"Dagger Throw","floor":14},{"not_picked":["Bullet Time","A Thousand Cuts"],"picked":"Die Die Die","floor":16},{"not_picked":["Poisoned Stab","Dagger Throw"],"picked":"Backflip+1","floor":18},{"not_picked":["Deadly Poison","Deflect","Sucker Punch"],"picked":"SKIP","floor":21},{"not_picked":["Setup","Flying Knee+1"],"picked":"Dodge and Roll+1","floor":22},{"not_picked":["Blur+1","Poisoned Stab"],"picked":"Eviscerate+1","floor":23},{"not_picked":["Leg Sweep","Underhanded Strike"],"picked":"Wraith Form v2","floor":24},{"not_picked":["Concentrate","Backstab+1"],"picked":"Acrobatics+1","floor":27},{"not_picked":["Concentrate","Footwork"],"picked":"Cloak And Dagger+1","floor":30},{"not_picked":["Bullet Time","Envenom"],"picked":"Wraith Form v2","floor":33},{"not_picked":["Catalyst","Infinite Blades","PiercingWail+1"],"picked":"SKIP","floor":35},{"not_picked":["Distraction+1","PiercingWail"],"picked":"Prepared+1","floor":37},{"not_picked":["Slice","PiercingWail"],"picked":"Backflip+1","floor":38},{"not_picked":["Dodge and Roll","Sucker Punch+1"],"picked":"Noxious Fumes","floor":39},{"not_picked":["Distraction+1","Skewer"],"picked":"Tools of the Trade","floor":40},{"not_picked":["Deadly Poison+1","Dodge and Roll","Tools of the Trade"],"picked":"SKIP","floor":42},{"not_picked":["Underhanded Strike+1","Flying Knee+1","Slice+1"],"picked":"SKIP","floor":47},{"not_picked":["All Out Attack+1","Dodge and Roll+1","Sucker Punch+1"],"picked":"SKIP","floor":48},{"not_picked":["Dodge and Roll","All Out Attack+1"],"picked":"Footwork+1","floor":54}],"player_experience":327569,"relics_obtained":[{"floor":9,"key":"Blood Vial"},{"floor":10,"key":"Snake Skull"},{"floor":19,"key":"Enchiridion"},{"floor":23,"key":"Letter Opener"},{"floor":26,"key":"Paper Crane"},{"floor":27,"key":"Happy Flower"},{"floor":30,"key":"Ornamental Fan"},{"floor":40,"key":"Pear"},{"floor":42,"key":"Potion Belt"},{"floor":45,"key":"Molten Egg 2"},{"floor":54,"key":"InkBottle"}],"event_choices":[{"damage_healed":0,"gold_gain":0,"player_choice":"Donut","damage_taken":0,"max_hp_gain":5,"max_hp_loss":0,"event_name":"Big Fish","floor":2,"gold_loss":0},{"cards_removed":["Strike_G"],"damage_healed":0,"gold_gain":0,"player_choice":"Forget","damage_taken":0,"max_hp_gain":0,"max_hp_loss":0,"event_name":"Living Wall","floor":4,"gold_loss":0},{"damage_healed":0,"gold_gain":0,"player_choice":"Ignored","damage_taken":0,"max_hp_gain":0,"max_hp_loss":0,"event_name":"Liars Game","floor":11,"gold_loss":0},{"damage_healed":0,"gold_gain":0,"player_choice":"Obtained Book","damage_taken":16,"max_hp_gain":0,"max_hp_loss":0,"event_name":"Cursed Tome","floor":19,"gold_loss":0},{"damage_healed":0,"gold_gain":0,"player_choice":"Joined the Cult","damage_taken":6,"max_hp_gain":0,"max_hp_loss":0,"event_name":"Nest","floor":20,"gold_loss":0,"cards_obtained":["RitualDagger"]},{"damage_healed":25,"gold_gain":0,"player_choice":"Heal","damage_taken":0,"max_hp_gain":0,"max_hp_loss":0,"event_name":"The Library","floor":31,"gold_loss":0},{"damage_healed":0,"gold_gain":0,"player_choice":"Memory 1","damage_taken":0,"max_hp_gain":0,"max_hp_loss":0,"event_name":"SensoryStone","floor":36,"gold_loss":0}],"is_beta":false,"boss_relics":[{"not_picked":["HoveringKite","Runic Dome"],"picked":"Astrolabe"},{"not_picked":["Philosopher\u0027s Stone","Velvet Choker"],"picked":"Pandora\u0027s Box"}],"items_purged_floors":[12],"is_endless":false,"potions_floor_spawned":[1,14,16,21,23,24,33,37,39,47,48],"ascension_level":0}}