{"host":"irrizrmw64do51k7","time":1611094233,"event":{"mods":["AchievementEnabler","BaseMod","BetterRewards","Card Forge","Colored Map","Colored Powertips","Curses Come First","Good Game Mod","Minty Spire (QoL Compilation)","Shop Mod","StSLib"],"gold_per_floor":[112,122,135,151,163,193,193,226,249,278,278,291,326,326,326,425,425,443,118,137,10,85,118,118,139,166,210,233,254,289,309,309,403,403,423,454,454,469,489,530,561,605,605,291,291,304,327,345,345,345,345,345,37,78,78,78],"floor_reached":55,"language":"ENG","playtime":4731,"items_purged":[],"score":1967,"play_id":"db483dad-e3ec-4058-8575-2dee7a33867f","local_time":"20210119141033","is_ascension_mode":true,"campfire_choices":[{"data":"Apotheosis","floor":15,"key":"SMITH"},{"floor":24,"key":"RECALL"},{"data":"Creative AI","floor":32,"key":"SMITH"},{"data":"White Noise","floor":49,"key":"SMITH"},{"data":"Capacitor","floor":52,"key":"SMITH"}],"circlet_count":0,"master_deck":["AscendersBane","Strike_B","Strike_B","Strike_B","Defend_B","Defend_B","Zap","Dualcast","White Noise+1","Creative AI+1","Capacitor+1","Apotheosis+1","Genetic Algorithm","BootSequence","Auto Shields","Barrage","Conserve Battery","Stack","Machine Learning","Loop","Core Surge","Injury","DeusExMachina","Buffer","Cold Snap+1","Streamline+1","Multi-Cast+1","Defragment","Genetic Algorithm","Loop","Streamline","Barrage","Streamline","Streamline","Streamline+1","Seek","Stack","Steam+1","Storm","Defragment","Conserve Battery","Defragment","Conserve Battery","Stack","Echo Form","Stack"],"relics":["Cracked Core","Hammer of Thor","Seething Fire","Anvil of the Gods","REME:ComplimentaryCards","Regal Pillow","Incense Burner","DataDisk","Bird Faced Urn","Turnip","Dead Branch","TungstenRod","Blue Candle","Bag of Marbles","Potion Belt","Ancient Tea Set","Golden Idol","Astrolabe","Gremlin Horn","Pocketwatch","WingedGreaves","Mummified Hand","SacredBark","Emotion Chip","Pantograph","Strawberry","Art of War","Bottled Flame","Gambling Chip","Ice Cream","Happy Flower","Sundial"],"acts_visited":["Exordium","TheCity","TheBeyond","TheEnding"],"potions_floor_usage":[8,12,13,23,27,29,30,50,54,55,55],"damage_taken":[{"damage":0,"enemies":"Cultist","floor":1,"turns":5},{"damage":0,"enemies":"Jaw Worm","floor":2,"turns":3},{"damage":0,"enemies":"2 Louse","floor":3,"turns":2},{"damage":0,"enemies":"Red Slaver","floor":4,"turns":4},{"damage":18,"enemies":"Large Slime","floor":5,"turns":5},{"damage":48,"enemies":"Gremlin Nob","floor":6,"turns":5},{"damage":10,"enemies":"3 Sentries","floor":8,"turns":8},{"damage":15,"enemies":"Gremlin Nob","floor":10,"turns":4},{"damage":50,"enemies":"Gremlin Gang","floor":12,"turns":6},{"damage":27,"enemies":"Lagavulin","floor":13,"turns":9},{"damage":23,"enemies":"The Guardian","floor":16,"turns":7},{"damage":0,"enemies":"3 Byrds","floor":18,"turns":4},{"damage":10,"enemies":"2 Thieves","floor":20,"turns":4},{"damage":24,"enemies":"Book of Stabbing","floor":23,"turns":8},{"damage":0,"enemies":"Snake Plant","floor":25,"turns":4},{"damage":16,"enemies":"Slavers","floor":27,"turns":5},{"damage":32,"enemies":"3 Cultists","floor":28,"turns":6},{"damage":37,"enemies":"Sentry and Sphere","floor":29,"turns":6},{"damage":42,"enemies":"Gremlin Leader","floor":30,"turns":10},{"damage":0,"enemies":"Shelled Parasite and Fungi","floor":31,"turns":3},{"damage":0,"enemies":"Collector","floor":33,"turns":7},{"damage":19,"enemies":"Orb Walker","floor":35,"turns":5},{"damage":0,"enemies":"Mind Bloom Boss Battle","floor":36,"turns":5},{"damage":0,"enemies":"3 Shapes","floor":38,"turns":4},{"damage":2,"enemies":"3 Darklings","floor":39,"turns":5},{"damage":8,"enemies":"Giant Head","floor":40,"turns":9},{"damage":0,"enemies":"Nemesis","floor":41,"turns":7},{"damage":0,"enemies":"Giant Head","floor":42,"turns":4},{"damage":8,"enemies":"4 Shapes","floor":46,"turns":4},{"damage":20,"enemies":"Sphere and 2 Shapes","floor":47,"turns":5},{"damage":0,"enemies":"3 Darklings","floor":48,"turns":3},{"damage":32,"enemies":"Donu and Deca","floor":50,"turns":7},{"damage":83,"enemies":"Shield and Spear","floor":54,"turns":7},{"damage":62,"enemies":"The Heart","floor":55,"turns":3}],"seed_played":"2493765612197731825","potions_obtained":[{"floor":1,"key":"Regen Potion"},{"floor":2,"key":"FairyPotion"},{"floor":10,"key":"Energy Potion"},{"floor":12,"key":"Regen Potion"},{"floor":16,"key":"FairyPotion"},{"floor":25,"key":"EssenceOfSteel"},{"floor":27,"key":"DuplicationPotion"},{"floor":28,"key":"LiquidMemories"},{"floor":30,"key":"FearPotion"},{"floor":35,"key":"Weak Potion"},{"floor":40,"key":"CultistPotion"},{"floor":41,"key":"FocusPotion"},{"floor":46,"key":"Swift Potion"},{"floor":54,"key":"DuplicationPotion"}],"is_trial":false,"path_per_floor":["M","M","M","M","M","E","?","E","T","E","?","M","E","?","R","B",null,"M","$","M","$","?","E","R","M","T","E","M","M","E","M","R","B",null,"M","?","?","M","M","E","E","E","T","$","$","M","M","M","R","B",null,"R","$","E","B"],"character_chosen":"DEFECT","items_purchased":["Regal Pillow","White Noise","DataDisk","Creative AI","Capacitor","Apotheosis","Genetic Algorithm","Defragment","Gremlin Horn","Loop","Energy Potion","Ice Cream","Echo Form","Happy Flower"],"campfire_rested":0,"item_purchase_floors":[0,0,0,0,0,0,0,19,19,21,21,44,53,53],"current_hp_per_floor":[74,75,75,75,67,23,23,44,44,41,41,26,50,50,50,51,69,75,75,69,69,63,63,63,71,71,73,51,32,38,52,52,75,75,62,75,75,75,75,82,82,82,82,82,82,82,74,82,82,71,79,79,79,15,0,0],"gold":78,"neow_bonus":"","is_daily":false,"chose_seed":false,"campfire_upgraded":4,"win_rate":0.0,"timestamp":1611094233,"path_taken":["M","M","M","M","?","E","?","E","T","E","?","M","E","?","R","BOSS","M","$","M","$","?","E","R","?","T","E","M","M","E","M","R","BOSS","M","?","?","?","M","E","E","E","T","$","$","?","M","M","R","BOSS","R","$","E","BOSS"],"items_purchased_type":["Relic","Card","Relic","Card","Card","Card","Card","Card","Relic","Card","Potion","Relic","Card","Relic"],"build_version":"2020-12-22","purchased_purges":0,"victory":false,"max_hp_per_floor":[75,75,75,75,75,75,75,75,75,75,75,75,75,75,75,75,75,75,75,75,75,75,75,75,75,75,75,75,75,75,75,75,75,75,75,75,75,75,75,82,82,82,82,82,82,82,82,82,82,82,82,82,82,82,82,82],"card_choices":[{"not_picked":["Stack","Storm"],"picked":"BootSequence","floor":1},{"not_picked":["Turbo","Steam"],"picked":"Auto Shields","floor":2},{"not_picked":["Core Surge","Rebound"],"picked":"Barrage","floor":3},{"not_picked":["Gash","Steam Power"],"picked":"Conserve Battery","floor":4},{"not_picked":["Auto Shields","Darkness","Fission"],"picked":"SKIP","floor":5},{"not_picked":["Rebound","Compile Driver","Go for the Eyes"],"picked":"SKIP","floor":6},{"not_picked":["Skim","Sweeping Beam"],"picked":"Stack","floor":8},{"not_picked":["Leap","Cold Snap"],"picked":"Machine Learning","floor":10},{"not_picked":["Doom and Gloom","Sweeping Beam"],"picked":"Loop","floor":12},{"not_picked":["Beam Cell","Leap"],"picked":"Core Surge","floor":13},{"not_picked":["Amplify","Fission"],"picked":"Buffer","floor":16},{"not_picked":["Beam Cell","Lockon","Reprogram"],"picked":"SKIP","floor":18},{"not_picked":["Hologram","Doom and Gloom"],"picked":"Genetic Algorithm","floor":20},{"not_picked":["Gash","Go for the Eyes","Turbo"],"picked":"SKIP","floor":23},{"not_picked":["Turbo","Gash","Streamline"],"picked":"SKIP","floor":25},{"not_picked":["Turbo","Gash"],"picked":"Streamline","floor":25},{"not_picked":["Chaos","Rainbow"],"picked":"Barrage","floor":27},{"not_picked":["Sunder+1","Barrage"],"picked":"Streamline","floor":28},{"not_picked":["Redo","Compile Driver"],"picked":"Streamline","floor":29},{"not_picked":["Hello World","Stack"],"picked":"Streamline+1","floor":30},{"not_picked":["Steam","Melter","FTL"],"picked":"SKIP","floor":31},{"not_picked":["Meteor Strike","Reboot"],"picked":"Seek","floor":33},{"not_picked":["Gash","Hello World+1"],"picked":"Stack","floor":35},{"not_picked":["Beam Cell","Gash+1"],"picked":"Steam+1","floor":36},{"not_picked":["Doom and Gloom","BootSequence+1"],"picked":"Storm","floor":38},{"not_picked":["Hello World","Go for the Eyes","Stack"],"picked":"SKIP","floor":39},{"not_picked":["Amplify","Reinforced Body"],"picked":"Defragment","floor":40},{"not_picked":["Beam Cell","Steam Power","Go for the Eyes"],"picked":"SKIP","floor":41},{"not_picked":["Steam","Gash+1"],"picked":"Conserve Battery","floor":42},{"not_picked":["Stack+1","Storm+1"],"picked":"Defragment","floor":46},{"not_picked":["Gash","Compile Driver+1"],"picked":"Conserve Battery","floor":47},{"not_picked":["Fusion","Go for the Eyes"],"picked":"Stack","floor":48},{"not_picked":["Steam+1","Sweeping Beam+1"],"picked":"Stack","floor":54}],"player_experience":459503,"relics_obtained":[{"floor":6,"key":"TungstenRod"},{"floor":8,"key":"Blue Candle"},{"floor":9,"key":"Bag of Marbles"},{"floor":10,"key":"Potion Belt"},{"floor":13,"key":"Ancient Tea Set"},{"floor":23,"key":"Pocketwatch"},{"floor":27,"key":"WingedGreaves"},{"floor":30,"key":"Mummified Hand"},{"floor":36,"key":"Emotion Chip"},{"floor":40,"key":"Strawberry"},{"floor":41,"key":"Art of War"},{"floor":42,"key":"Bottled Flame"},{"floor":43,"key":"Gambling Chip"},{"floor":54,"key":"Sundial"}],"event_choices":[{"damage_healed":0,"gold_gain":0,"player_choice":"Ignored","damage_taken":0,"max_hp_gain":0,"max_hp_loss":0,"event_name":"Liars Game","floor":7,"gold_loss":0},{"damage_healed":0,"gold_gain":0,"player_choice":"Ignored","damage_taken":0,"max_hp_gain":0,"max_hp_loss":0,"event_name":"Golden Wing","floor":11,"gold_loss":0},{"damage_healed":0,"gold_gain":0,"player_choice":"Take Wound","damage_taken":0,"relics_obtained":["Golden Idol"],"max_hp_gain":0,"max_hp_loss":0,"event_name":"Golden Idol","floor":14,"gold_loss":0,"cards_obtained":["Injury"]},{"damage_healed":0,"gold_gain":75,"player_choice":"Touch","damage_taken":7,"max_hp_gain":0,"max_hp_loss":0,"event_name":"FaceTrader","floor":22,"gold_loss":0},{"damage_healed":0,"gold_gain":0,"player_choice":"Fight","damage_taken":0,"max_hp_gain":0,"max_hp_loss":0,"event_name":"MindBloom","floor":36,"gold_loss":0},{"damage_healed":0,"gold_gain":0,"player_choice":"Gave Potion","damage_taken":0,"relics_obtained":["Pantograph"],"max_hp_gain":0,"max_hp_loss":0,"event_name":"WeMeetAgain","floor":37,"gold_loss":0}],"is_beta":false,"boss_relics":[{"not_picked":["Empty Cage","Calling Bell"],"picked":"Astrolabe"},{"not_picked":["Sozu","Coffee Dripper"],"picked":"SacredBark"}],"items_purged_floors":[],"is_endless":false,"potions_floor_spawned":[1,2,5,10,12,16,25,27,28,30,35,40,41,46,54],"killed_by":"The Heart","ascension_level":13}}