{"host":"56ghxnzsglgdq727","time":1611029984,"event":{"mods":["AchievementEnabler","BaseMod","Downfall","Duelist Mod","Minty Spire (QoL Compilation)","Rare Cards Sparkle","StSLib","The Bug Knight","The Exalted","The Senshi","The Wild Card"],"gold_per_floor":[143,160,39,58,58,91,91,111,111,111,11,35,53,72,72,170,170,186,186,38,38,38,38],"floor_reached":22,"language":"ENG","playtime":920,"items_purged":["theDuelist:Sparks","theDuelist:CastleWalls","theDuelist:CastleWalls"],"score":258,"play_id":"cd15315b-1645-466a-9683-ff938e44929e","local_time":"20210118231944","is_ascension_mode":true,"campfire_choices":[{"floor":7.0,"key":"REST"},{"data":"theDuelist:ChaosAncientGearGiant","floor":10.0,"key":"SMITH"},{"floor":15.0,"key":"REST"}],"circlet_count":0,"master_deck":["theDuelist:JunkKuriboh","theDuelist:Deskbot004","theDuelist:Biofalcon","theDuelist:CardsFromTheSky","theDuelist:ChaosAncientGearGiant+1","theDuelist:Deskbot005","theDuelist:Deskbot004","theDuelist:GreenGadget","theDuelist:SlotMachine","theDuelist:Deskbot005","theDuelist:WonderGarage","theDuelist:AncientGearChimera","theDuelist:Apoqliphort","theDuelist:CardsFromTheSky"],"relics":["theDuelist:MillenniumPuzzle","theDuelist:CardPoolRelic","theDuelist:CardPoolBasicRelic","theDuelist:BoosterPackPoolRelic","theDuelist:CardPoolAddRelic","theDuelist:CardPoolMinusRelic","theDuelist:CardPoolSaveRelic","theDuelist:CardPoolOptionsRelic","theSenshi:SailorFukuRelic","Bromod:ArcaneTempo","Anchor","SlaversCollar"],"acts_visited":["Exordium","TheCity"],"potions_floor_usage":[22,22],"damage_taken":[{"damage":14.0,"enemies":"Cultist","floor":1.0,"turns":5.0},{"damage":0.0,"enemies":"2 Louse","floor":2.0,"turns":3.0},{"damage":0.0,"enemies":"Jaw Worm","floor":4.0,"turns":3.0},{"damage":34.0,"enemies":"Lagavulin","floor":6.0,"turns":7.0},{"damage":3.0,"enemies":"3 Louse","floor":8.0,"turns":4.0},{"damage":0.0,"enemies":"Blue Slaver","floor":13.0,"turns":2.0},{"damage":11.0,"enemies":"Looter","floor":14.0,"turns":3.0},{"damage":22.0,"enemies":"Hexaghost","floor":16.0,"turns":6.0},{"damage":0.0,"enemies":"Spheric Guardian","floor":18.0,"turns":3.0},{"damage":63,"floor":22,"turns":4}],"seed_played":"6382200633999669047","potions_obtained":[{"floor":4.0,"key":"FocusPotion"},{"floor":6.0,"key":"Regen Potion"},{"floor":16.0,"key":"theDuelist:BombBottle"},{"floor":18.0,"key":"CunningPotion"}],"is_trial":false,"path_per_floor":["M","M","$","M","?","E","R","M","T","R","$","T","M","M","R","B",null,"M","?","$","?","?"],"character_chosen":"THE_DUELIST","items_purchased":["theDuelist:JunkKuriboh","theDuelist:CardsFromTheSky"],"campfire_rested":2,"item_purchase_floors":[3,20],"current_hp_per_floor":[37,37,37,37,37,3,27,24,24,24,24,24,24,13,37,30,68,68,68,68,68,5,5],"gold":38,"neow_bonus":"THREE_RARE_CARDS","is_daily":false,"chose_seed":false,"campfire_upgraded":1,"win_rate":0.0,"timestamp":1611029984,"path_taken":["M","M","?","M","?","E","R","?","T","R","?","?","M","M","R","BOSS","M","?","$","?","?"],"items_purchased_type":["Card","Card"],"build_version":"2020-12-22","purchased_purges":3,"victory":false,"max_hp_per_floor":[80,80,80,80,80,80,80,80,80,80,80,80,80,80,80,80,80,80,80,80,80,80,80],"card_choices":[{"not_picked":["theDuelist:SolemnStrike","theDuelist:Deskbot007"],"picked":"theDuelist:SlotMachine","floor":0.0},{"not_picked":["theDuelist:GenexAllyBirdman","theDuelist:FrontlineObserver","theDuelist:Deskbot004","theDuelist:BlastJuggler"],"picked":"theDuelist:AncientGearChimera","floor":1.0},{"not_picked":["theDuelist:WormWarlord","theDuelist:BlockGolem","theDuelist:PowerGiant","theDuelist:FutureFusion","theDuelist:GoldenApples"],"picked":"SKIP","floor":2.0},{"not_picked":["theDuelist:QuillboltHedgehog","theDuelist:GadgetSoldier"],"picked":"theDuelist:ChaosAncientGearGiant","floor":4.0},{"not_picked":["theDuelist:GearGigant","theDuelist:FrontlineObserver","theDuelist:CyberArchfiend","theDuelist:CannonSoldier","theDuelist:Flashbang"],"picked":"SKIP","floor":6.0},{"not_picked":["theDuelist:IronhammerGiant","theDuelist:BlockGolem","theDuelist:GemElephant","theDuelist:LostGuardian"],"picked":"SKIP","floor":8.0},{"not_picked":["theDuelist:ZONE","theDuelist:RevolvingSwitchyard","theDuelist:Jinzo","theDuelist:GravityAxe"],"picked":"theDuelist:WonderGarage","floor":13.0},{"not_picked":["theDuelist:DoubleTool","theDuelist:CoreBlaster","theDuelist:StimPack","theDuelist:Factory100Machines"],"picked":"theDuelist:CardsFromTheSky","floor":14.0},{"not_picked":["theDuelist:Shekhinaga","theDuelist:OrcustCrescendo","theDuelist:GravityLash","theDuelist:Deskbot007"],"picked":"theDuelist:Apoqliphort","floor":16.0},{"not_picked":["theDuelist:IronhammerGiant+1","theDuelist:GemElephant","theDuelist:LabyrinthWall","theDuelist:PowerGiant+1"],"picked":"SKIP","floor":18.0}],"player_experience":286419,"relics_obtained":[{"floor":6.0,"key":"theSenshi:SailorFukuRelic"},{"floor":9.0,"key":"Bromod:ArcaneTempo"},{"floor":12.0,"key":"Anchor"}],"event_choices":[{"cards_removed":["theDuelist:Sparks"],"damage_healed":0.0,"max_hp_gain":0.0,"max_hp_loss":0.0,"gold_gain":0.0,"event_name":"Purifier","player_choice":"Purged","floor":5.0,"gold_loss":0.0,"damage_taken":0.0},{"damage_healed":0.0,"max_hp_gain":0.0,"max_hp_loss":0.0,"gold_gain":0.0,"event_name":"Egyptian Village","player_choice":"Leave","duelist":true,"floor":19.0,"gold_loss":0.0,"damage_taken":0.0},{"damage_healed":0,"gold_gain":0,"player_choice":"Fight","duelist":true,"damage_taken":0,"max_hp_gain":0,"max_hp_loss":0,"event_name":"Battle City","floor":22,"gold_loss":0}],"is_beta":false,"boss_relics":[{"not_picked":["Snecko Eye","Runic Dome"],"picked":"SlaversCollar"}],"items_purged_floors":[3,11,20],"is_endless":false,"potions_floor_spawned":[4,6,16,18],"ascension_level":8}}