{"host":"7k7fhzlbqzyu5ijh","time":1611032843,"event":{"mods":["AchievementEnabler","BaseMod","Bestiary","Colored Powertips","Filter the Spire","Highlight Path","Minty Spire (QoL Compilation)","Potion Indicator Mod","RNG Fix","Random Character Button","Relic Stats"],"gold_per_floor":[216,234,51,71,81,81,81,81,81,81,113,127,143,174,174,279,279,290,303,303,319,22,50,50,82,131,131,131,31,51,21,21,21,21],"floor_reached":33,"language":"ENG","playtime":2682,"items_purged":["Strike_G","Strike_G"],"score":518,"play_id":"983bf927-feac-47bd-952d-6dd200eb5f82","local_time":"20210119000723","is_ascension_mode":true,"campfire_choices":[{"data":"Neutralize","floor":6,"key":"SMITH"},{"data":"Noxious Fumes","floor":8,"key":"SMITH"},{"data":"Predator","floor":10,"key":"SMITH"},{"data":"Malaise","floor":15,"key":"SMITH"},{"data":"Tools of the Trade","floor":24,"key":"SMITH"},{"data":"Blur","floor":27,"key":"SMITH"},{"floor":32,"key":"REST"}],"circlet_count":0,"master_deck":["Strike_G","Strike_G","Strike_G","Defend_G","Defend_G","Defend_G","Survivor","Neutralize+1","Predator+1","Dagger Spray","Backflip","Noxious Fumes+1","Blur+1","Blur","Masterful Stab","Malaise+1","Tools of the Trade+1","Backflip+1","Bane+1","Skewer+1","Crippling Poison+1"],"relics":["Ring of the Snake","Matryoshka","HornCleat","Mercury Hourglass","Runic Pyramid","White Beast Statue","Blood Vial","Pear","Happy Flower","Bag of Preparation"],"acts_visited":["Exordium","TheCity"],"potions_floor_usage":[11,11,14,23,25,28,33,33,33],"damage_taken":[{"damage":0,"enemies":"2 Louse","floor":1,"turns":3},{"damage":3,"enemies":"Jaw Worm","floor":2,"turns":4},{"damage":5,"enemies":"Small Slimes","floor":4,"turns":4},{"damage":7,"enemies":"Exordium Wildlife","floor":5,"turns":6},{"damage":13,"enemies":"3 Sentries","floor":11,"turns":6},{"damage":8,"enemies":"3 Louse","floor":12,"turns":3},{"damage":4,"enemies":"Blue Slaver","floor":13,"turns":4},{"damage":0,"enemies":"Lagavulin","floor":14,"turns":6},{"damage":0,"enemies":"The Guardian","floor":16,"turns":12},{"damage":0,"enemies":"Spheric Guardian","floor":18,"turns":4},{"damage":0,"enemies":"Shell Parasite","floor":19,"turns":7},{"damage":3,"enemies":"Shelled Parasite and Fungi","floor":21,"turns":11},{"damage":16,"enemies":"Book of Stabbing","floor":23,"turns":7},{"damage":17,"enemies":"Slavers","floor":25,"turns":6},{"damage":5,"enemies":"Colosseum Slavers","floor":28,"turns":4},{"damage":0,"enemies":"Snecko","floor":30,"turns":5},{"damage":70,"enemies":"Champ","floor":33,"turns":13}],"seed_played":"-204196874217595875","potions_obtained":[{"floor":1,"key":"Dexterity Potion"},{"floor":5,"key":"PowerPotion"},{"floor":12,"key":"Block Potion"},{"floor":23,"key":"EssenceOfSteel"},{"floor":25,"key":"SkillPotion"},{"floor":30,"key":"LiquidMemories"},{"floor":31,"key":"Dexterity Potion"},{"floor":31,"key":"AttackPotion"}],"is_trial":false,"path_per_floor":["M","M","$","M","M","R","?","R","T","R","E","M","M","E","R","B",null,"M","M","?","M","$","E","R","E","T","R","?","$","M","?","R","B"],"character_chosen":"THE_SILENT","items_purchased":["Backflip","Noxious Fumes","White Beast Statue","SkillPotion"],"campfire_rested":1,"item_purchase_floors":[3,3,22,22],"current_hp_per_floor":[63,60,60,55,48,48,48,48,48,48,35,27,23,23,23,23,58,58,58,58,55,55,39,39,34,34,34,31,31,33,33,57,0,0],"gold":21,"neow_bonus":"HUNDRED_GOLD","is_daily":false,"chose_seed":false,"campfire_upgraded":6,"win_rate":0.0,"timestamp":1611032843,"path_taken":["M","M","$","M","M","R","?","R","T","R","E","M","M","E","R","BOSS","M","M","?","M","$","E","R","E","T","R","?","?","?","?","R","BOSS"],"items_purchased_type":["Card","Card","Relic","Potion"],"build_version":"2020-12-22","purchased_purges":2,"victory":false,"max_hp_per_floor":[70,70,70,70,70,70,70,70,70,70,70,70,70,70,70,70,70,70,70,70,70,70,70,70,80,80,80,80,80,80,80,80,80,80],"relic_stats":{"Blood Vial":8,"Happy Flower":[7],"counters":[17,105],"Bag of Preparation":[6],"obtain_stats":[{"Blood Vial":23,"Matryoshka":9,"HornCleat":11,"Pear":25,"Happy Flower":26,"Bag of Preparation":26,"White Beast Statue":22,"Ring of the Snake":0,"Mercury Hourglass":14,"Runic Pyramid":17},{"Blood Vial":13,"Matryoshka":4,"HornCleat":5,"Pear":14,"Happy Flower":14,"Bag of Preparation":14,"White Beast Statue":12,"Ring of the Snake":0,"Mercury Hourglass":8,"Runic Pyramid":9},{"Blood Vial":77,"Matryoshka":17,"HornCleat":23,"Pear":83,"Happy Flower":83,"Bag of Preparation":83,"White Beast Statue":70,"Ring of the Snake":0,"Mercury Hourglass":36,"Runic Pyramid":48}],"Ring of the Snake":[34],"Mercury Hourglass":[159]},"card_choices":[{"not_picked":["Dagger Spray","Choke"],"picked":"Predator","floor":1},{"not_picked":["Deadly Poison","Endless Agony"],"picked":"Dagger Spray","floor":2},{"not_picked":["Choke","Accuracy","Catalyst"],"picked":"SKIP","floor":4},{"not_picked":["Catalyst","Expertise"],"picked":"Blur","floor":5},{"not_picked":["Setup","Dodge and Roll","Expertise"],"picked":"SKIP","floor":11},{"not_picked":["Dodge and Roll","Setup"],"picked":"Blur","floor":12},{"not_picked":["A Thousand Cuts","PiercingWail"],"picked":"Masterful Stab","floor":13},{"not_picked":["Endless Agony","Flying Knee"],"picked":"Malaise","floor":14},{"not_picked":["Die Die Die","Grand Finale"],"picked":"Tools of the Trade","floor":16},{"not_picked":["Dagger Spray+1","Expertise"],"picked":"Backflip+1","floor":18},{"not_picked":["Blade Dance","Finisher","Cloak And Dagger"],"picked":"SKIP","floor":19},{"not_picked":["Backflip","Flying Knee"],"picked":"Bane+1","floor":21},{"not_picked":["Crippling Poison","Eviscerate"],"picked":"Skewer+1","floor":23},{"not_picked":["Finisher+1","Infinite Blades","A Thousand Cuts"],"picked":"SKIP","floor":25},{"not_picked":["Bane","Poisoned Stab"],"picked":"Crippling Poison+1","floor":30}],"player_experience":469805,"relics_obtained":[{"floor":9,"key":"Matryoshka"},{"floor":11,"key":"HornCleat"},{"floor":14,"key":"Mercury Hourglass"},{"floor":23,"key":"Blood Vial"},{"floor":25,"key":"Pear"},{"floor":26,"key":"Happy Flower"},{"floor":26,"key":"Bag of Preparation"}],"event_choices":[{"cards_removed":["Defend_G"],"damage_healed":0,"gold_gain":0,"player_choice":"Purged","damage_taken":0,"max_hp_gain":0,"max_hp_loss":0,"event_name":"Purifier","floor":7,"gold_loss":0},{"cards_removed":["Defend_G"],"damage_healed":0,"gold_gain":0,"player_choice":"Offered Basic","damage_taken":0,"max_hp_gain":0,"max_hp_loss":0,"event_name":"Bonfire Elementals","floor":20,"gold_loss":0},{"damage_healed":0,"gold_gain":0,"player_choice":"Fight","damage_taken":0,"max_hp_gain":0,"max_hp_loss":0,"event_name":"Colosseum","floor":28,"gold_loss":0},{"damage_healed":0,"gold_gain":0,"player_choice":"Fled From Nobs","damage_taken":0,"max_hp_gain":0,"max_hp_loss":0,"event_name":"Colosseum","floor":28,"gold_loss":0},{"damage_healed":0,"gold_gain":0,"player_choice":"Bought 2 Potions","damage_taken":0,"max_hp_gain":0,"max_hp_loss":0,"event_name":"The Woman in Blue","floor":31,"gold_loss":0}],"is_beta":false,"boss_relics":[{"not_picked":["SacredBark","Pandora\u0027s Box"],"picked":"Runic Pyramid"}],"items_purged_floors":[3,29],"is_endless":false,"potions_floor_spawned":[1,5,12,23,25,28,30],"killed_by":"Champ","ascension_level":8}}