{"host":"cxvb37eaaiijvrl4","time":1611049698,"event":{"mods":["ATMod(°¢èªMod)","BaseMod","Better Third Choice","Minty Spire (QoL Compilation)","MostiFishMod","Quick Restart","Rare Cards Sparkle","Shop Mod","Spicy Shops","StSLib","TestMod","Uncapped","²ÐÁôÖ®Îï"],"gold_per_floor":[116,116,41,52,65,99,99,99,99,99,129,145,145,45,45,122,122,133,133,149,24,42,75,75,88,165,196,196,208,240,90,90,168,168,181,181,181,201,26,26,40,71,71,96,96,96,143,162,162,162,162,162,162,162,197,197],"floor_reached":57,"language":"ZHS","playtime":865,"items_purged":["Strike_R","Strike_R","Strike_R","MostiFishMod:FrostNova+1","AT_BodySlamDance+1"],"score":3552,"play_id":"9b0edaa9-0fbd-42af-a4a4-465a4d4dafdb","local_time":"20210119014818","is_ascension_mode":true,"campfire_choices":[{"data":"MostiFishMod:RacingGame","floor":7,"key":"SMITH"},{"data":"MostiFishMod:FrostNova","floor":13,"key":"SMITH"},{"data":"MostiFishMod:WinterMarkForm","floor":15,"key":"SMITH"},{"data":"MostiFishMod:404NotFound","floor":24,"key":"SMITH"},{"data":"AT_BodySlamDance","floor":28,"key":"SMITH"},{"data":"Defend_R","floor":32,"key":"SMITH"},{"data":"Barricade","floor":40,"key":"SMITH"},{"data":"Entrench","floor":46,"key":"SMITH"},{"floor":49,"key":"RECALL"},{"data":"Defend_R","floor":53,"key":"SMITH"}],"circlet_count":0,"master_deck":["AscendersBane","Defend_R+1","Defend_R+1","MostiFishMod:WinterMarkForm+1","MostiFishMod:RacingGame+1","MostiFishMod:404NotFound+1","Barricade+1","Entrench+1","Second Wind+1"],"relics":["Burning Blood","testmod-TestBox","DaveBox","AT_ATBox","FrostBlade","testmod-CardMagician","SynthV:TestCard","AT_BellowingDragoncrestRing","Omamori","Runic Pyramid","Molten Egg 2","testmod-Justice","StrikeDummy","Bag of Marbles","Empty Cage","Sundial","Juzu Bracelet","Orichalcum","Du-Vu Doll","Bag of Preparation"],"acts_visited":["Exordium","TheCity","TheBeyond","TheEnding"],"potions_floor_usage":[56],"damage_taken":[{"damage":1,"enemies":"Cultist","floor":1,"turns":3},{"damage":0,"enemies":"Jaw Worm","floor":4,"turns":3},{"damage":10,"enemies":"Small Slimes","floor":5,"turns":2},{"damage":15,"enemies":"3 Sentries","floor":6,"turns":3},{"damage":0,"enemies":"Lagavulin","floor":11,"turns":2},{"damage":0,"enemies":"3 Louse","floor":12,"turns":2},{"damage":0,"enemies":"Slime Boss","floor":16,"turns":4},{"damage":11,"enemies":"Shell Parasite","floor":18,"turns":2},{"damage":0,"enemies":"2 Thieves","floor":20,"turns":1},{"damage":0,"enemies":"Cultist and Chosen","floor":22,"turns":1},{"damage":14,"enemies":"Book of Stabbing","floor":23,"turns":3},{"damage":0,"enemies":"Sentry and Sphere","floor":25,"turns":1},{"damage":0,"enemies":"Slavers","floor":27,"turns":2},{"damage":0,"enemies":"3 Cultists","floor":29,"turns":2},{"damage":0,"enemies":"Book of Stabbing","floor":30,"turns":1},{"damage":0,"enemies":"Automaton","floor":33,"turns":1},{"damage":0,"enemies":"3 Shapes","floor":35,"turns":2},{"damage":11,"enemies":"Orb Walker","floor":38,"turns":2},{"damage":0,"enemies":"3 Darklings","floor":41,"turns":1},{"damage":0,"enemies":"Reptomancer","floor":42,"turns":1},{"damage":0,"enemies":"Giant Head","floor":44,"turns":1},{"damage":0,"enemies":"2 Orb Walkers","floor":47,"turns":1},{"damage":0,"enemies":"Jaw Worm Horde","floor":48,"turns":1},{"damage":0,"enemies":"Time Eater","floor":50,"turns":1},{"damage":0,"enemies":"Donu and Deca","floor":51,"turns":2},{"damage":0,"enemies":"Shield and Spear","floor":55,"turns":1},{"damage":39,"enemies":"The Heart","floor":56,"turns":4}],"seed_played":"3475068973209455302","potions_obtained":[{"floor":4,"key":"Weak Potion"},{"floor":12,"key":"testmod-TimePotion"},{"floor":16,"key":"GamblersBrew"},{"floor":25,"key":"LiquidMemories"},{"floor":47,"key":"PowerPotion"}],"is_trial":false,"path_per_floor":["M","?","$","M","M","E","R","?","T","$","E","M","R","$","R","B",null,"M","?","M","$","M","E","R","M","T","E","R","M","E","$","R","B",null,"M","?","?","M","$","R","M","E","T","E","$","R","?","M","R","B","B",null,"R","$","E","B",null],"character_chosen":"IRONCLAD","items_purchased":[],"campfire_rested":0,"item_purchase_floors":[],"current_hp_per_floor":[73,73,73,75,71,62,62,67,67,67,73,79,79,79,79,80,80,75,75,80,80,80,72,72,78,78,80,80,80,80,80,80,80,80,80,80,80,75,75,75,80,80,80,80,80,80,80,80,80,80,80,80,80,80,80,47],"gold":197,"neow_bonus":"REMOVE_CARD","is_daily":false,"chose_seed":false,"campfire_upgraded":9,"win_rate":0.0,"timestamp":1611049698,"path_taken":["M","?","$","M","?","E","R","?","T","$","E","M","R","$","R","BOSS","M","?","M","$","M","E","R","M","T","E","R","?","E","$","R","BOSS","M","?","?","M","$","R","M","E","T","E","$","R","?","M","R","BOSS","BOSS","R","$","E","BOSS"],"items_purchased_type":[],"build_version":"2020-12-22","purchased_purges":5,"victory":true,"max_hp_per_floor":[75,75,75,75,75,75,75,80,80,80,80,80,80,80,80,80,80,80,80,80,80,80,80,80,80,80,80,80,80,80,80,80,80,80,80,80,80,80,80,80,80,80,80,80,80,80,80,80,80,80,80,80,80,80,80,80],"card_choices":[{"not_picked":["Wild Strike","Clash"],"picked":"AT_BodySlamDance","floor":1},{"not_picked":["Rampage","Dropkick","Heavy Blade","Anger","Flex"],"picked":"SKIP","floor":4},{"not_picked":["Uppercut","Clash","AT_ShrugMaster","Wild Strike"],"picked":"MostiFishMod:RacingGame","floor":5},{"not_picked":["Iron Wave","Warcry","True Grit","Anger","Inflame"],"picked":"SKIP","floor":6},{"not_picked":["Body Slam","Cleave","Havoc","Juggernaut","Sword Boomerang"],"picked":"SKIP","floor":11},{"not_picked":["Flex","Clothesline","Shrug It Off","AT_ShrugMaster","Whirlwind"],"picked":"SKIP","floor":12},{"not_picked":["Juggernaut","MostiFishMod:HellRitual","MostiFishMod:RainCloud","MostiFishMod:RacingGame"],"picked":"MostiFishMod:404NotFound","floor":16},{"not_picked":["Disarm","Clash","MostiFishMod:BrandingRite","Armaments","Inflame"],"picked":"SKIP","floor":18},{"not_picked":["Pommel Strike","AT_BodySlamDance","Battle Trance","Cleave+1","Flame Barrier+1"],"picked":"SKIP","floor":20},{"not_picked":["Body Slam","Warcry","Dual Wield","Flame Barrier","Seeing Red"],"picked":"SKIP","floor":22},{"not_picked":["Shrug It Off","Cleave+1","Perfected Strike+1","AT_CaressingTears","AT_IchimonjiDouble+1"],"picked":"SKIP","floor":23},{"not_picked":["MostiFishMod:#F4004","Pommel Strike+1","AT_ManFootWork","Shockwave","Headbutt+1"],"picked":"SKIP","floor":25},{"not_picked":["AT_ManFootWork","Sword Boomerang+1","Sentinel+1","MostiFishMod:OrdinaryWorld+1"],"picked":"Body Slam+1","floor":27},{"not_picked":["Metallicize","Headbutt+1","Cleave+1","AT_BodySlamDance","Armaments"],"picked":"SKIP","floor":29},{"not_picked":["Cleave+1","Shrug It Off","Twin Strike+1","Iron Wave+1","AT_IchimonjiDouble+1"],"picked":"SKIP","floor":30},{"not_picked":["Immolate+1","Feed+1","MostiFishMod:OrdinaryWorld+1","Juggernaut"],"picked":"Barricade","floor":33},{"not_picked":["Twin Strike+1","Warcry","Armaments","True Grit+1","Clash+1"],"picked":"SKIP","floor":35},{"not_picked":["Whirlwind+1","Bloodletting","AT_DrawKnifeCut+1","Ghostly Armor+1","Dual Wield"],"picked":"SKIP","floor":38},{"not_picked":["Clash+1","Headbutt+1","Shrug It Off","Twin Strike+1"],"picked":"Entrench","floor":41},{"not_picked":["Shrug It Off","Anger+1","Fire Breathing","Iron Wave+1","AT_DiedThrough"],"picked":"SKIP","floor":42},{"not_picked":["Wild Strike+1","AT_IchimonjiDouble+1","Cleave+1","MostiFishMod:DarkDeal"],"picked":"Second Wind+1","floor":44},{"not_picked":["Shrug It Off","MostiFishMod:#F4004+1","Pommel Strike+1","Whirlwind+1","Wild Strike+1"],"picked":"SKIP","floor":48},{"not_picked":["Flex","Carnage+1","MostiFishMod:#F4004","MostiFishMod:HellRitual","AT_ShrugMaster"],"picked":"SKIP","floor":55}],"player_experience":694084,"relics_obtained":[{"floor":1,"key":"SynthV:TestCard"},{"floor":6,"key":"AT_BellowingDragoncrestRing"},{"floor":11,"key":"Omamori"},{"floor":23,"key":"Molten Egg 2"},{"floor":26,"key":"testmod-Justice"},{"floor":27,"key":"StrikeDummy"},{"floor":30,"key":"Bag of Marbles"},{"floor":42,"key":"Sundial"},{"floor":43,"key":"Juzu Bracelet"},{"floor":44,"key":"Orichalcum"},{"floor":47,"key":"Du-Vu Doll"},{"floor":55,"key":"Bag of Preparation"}],"event_choices":[{"cards_removed":["Strike_R"],"damage_healed":0,"gold_gain":0,"player_choice":"Purged","damage_taken":0,"max_hp_gain":0,"max_hp_loss":0,"event_name":"Purifier","floor":2,"gold_loss":0},{"damage_healed":0,"gold_gain":0,"player_choice":"Donut","damage_taken":0,"max_hp_gain":5,"max_hp_loss":0,"event_name":"Big Fish","floor":8,"gold_loss":0},{"cards_removed":["Strike_R"],"damage_healed":0,"gold_gain":0,"player_choice":"Offered Basic","damage_taken":0,"max_hp_gain":0,"max_hp_loss":0,"event_name":"Bonfire Elementals","floor":19,"gold_loss":0},{"cards_removed":["Body Slam"],"damage_healed":0,"gold_gain":0,"player_choice":"Removed Attack","damage_taken":0,"max_hp_gain":0,"max_hp_loss":0,"event_name":"Falling","floor":36,"gold_loss":0},{"damage_healed":0,"gold_gain":0,"player_choice":"Ignored","damage_taken":0,"max_hp_gain":0,"max_hp_loss":0,"event_name":"Tomb of Lord Red Mask","floor":37,"gold_loss":0},{"damage_healed":0,"gold_gain":0,"player_choice":"Fight","damage_taken":0,"max_hp_gain":0,"max_hp_loss":0,"event_name":"Mysterious Sphere","floor":47,"gold_loss":0}],"is_beta":false,"boss_relics":[{"not_picked":["TakeMeEscape","SlaversCollar"],"picked":"Runic Pyramid"},{"not_picked":["JellyFishMachine","Philosopher\u0027s Stone"],"picked":"Empty Cage"}],"items_purged_floors":[3,14,21,31,39],"is_endless":false,"potions_floor_spawned":[4,6,12,16,18,20,25,27,42,47,48,55],"ascension_level":20}}