{"host":"fr3ip57hl52y255p","time":1611071594,"event":{"mods":["Act Like it!","BaseMod","Challenge The Spire","Colored Powertips","Downfall","Luminous","Mari Mod (Legacy)","Mari\u0027s V1 Patch","Minty Spire (QoL Compilation)","READ ME - Guardian Mod","Relic Stats","StSLib","The Hierophant","[GremlinLeader]The Maniac"],"gold_per_floor":[114,133,133,133,146,184,184,184,184,210,222,249,302,335,347,483,495,526,561,573,585,617,668,680,726,738,580,185,205,229,269,269,389,389,413,413,746,366,376,403,414,414,494,529,529,140,140,140,140,140],"floor_reached":51,"language":"ZHS","playtime":5240,"items_purged":["maniac:Strike+1","maniac:Strike+1","maniac:AbyssShackle+1","maniac:Collecting+1"],"score":1202,"play_id":"9d82241e-7384-4741-af9a-f4fac990f04f","local_time":"20210119235314","is_ascension_mode":true,"campfire_choices":[{"data":"maniac:WitnessTrueSorcery","floor":7.0,"key":"SMITH"},{"data":"maniac:SecretBackups","floor":11.0,"key":"SMITH"},{"data":"maniac:AbyssShackle","floor":15.0,"key":"SMITH"},{"data":"maniac:Intimidate","floor":24.0,"key":"SMITH"},{"data":"maniac:RallyToMe","floor":32.0,"key":"SMITH"},{"data":"Apotheosis","floor":42,"key":"SMITH"},{"floor":45,"key":"DIG"},{"data":"Impatience","floor":49,"key":"SMITH"}],"circlet_count":0,"master_deck":["maniac:Defend","maniac:Defend","maniac:BurnBlood","maniac:WitnessTrueSorcery+1","maniac:ShelteringEdge","maniac:SecretBackups+1","maniac:BladeEnd","maniac:RallyToMe+1","maniac:UndyingDesire+1","maniac:Hasten+1","maniac:ManipulatedFaith+1","maniac:Intimidate+1","maniac:Retrospect","maniac:ExpectedMoves+1","maniac:RallyToMe","Impatience+1","maniac:UnseenTerror","Purity","Blind","Apotheosis+1","maniac:GlassScratch+1"],"relics":["maniac:DamagedAnvil","maniac:BrokenHorn","Meat on the Bone","MawBank","Sundial","Astrolabe","Thread and Needle","CaptainsWheel","Blue Candle","maniac:VisionEye","Molten Egg 2","WingedGreaves","Orichalcum","Whetstone","Gambling Chip","Shovel","Ornamental Fan","InkBottle","Pantograph","Lizard Tail","SlaversCollar","Membership Card","Kunai","Eternal Feather","Dream Catcher","Art of War","Frozen Egg 2","Ice Cream","Bag of Marbles","maniac:MarkerPen","Toxic Egg 2","Pear","OrangePellets"],"acts_visited":["Exordium","TheCity","TheBeyond"],"potions_floor_usage":[],"damage_taken":[{"damage":0.0,"enemies":"Jaw Worm","floor":1.0,"turns":1.0},{"damage":0.0,"enemies":"Small Slimes","floor":2.0,"turns":3.0},{"damage":3.0,"enemies":"2 Louse","floor":5.0,"turns":3.0},{"damage":33.0,"enemies":"Gremlin Nob","floor":6.0,"turns":3.0},{"damage":6.0,"enemies":"Exordium Wildlife","floor":10.0,"turns":2.0},{"damage":3.0,"enemies":"3 Louse","floor":12.0,"turns":3.0},{"damage":17.0,"enemies":"Lagavulin","floor":13.0,"turns":4.0},{"damage":6.0,"enemies":"Blue Slaver","floor":14.0,"turns":3.0},{"damage":24.0,"enemies":"Slime Boss","floor":16.0,"turns":9.0},{"damage":5.0,"enemies":"3 Byrds","floor":18.0,"turns":3.0},{"damage":3.0,"enemies":"Shell Parasite","floor":19.0,"turns":4.0},{"damage":22.0,"enemies":"Snake Plant","floor":22.0,"turns":3.0},{"damage":30.0,"enemies":"Book of Stabbing","floor":23.0,"turns":5.0},{"damage":16.0,"enemies":"Gremlin Leader","floor":25.0,"turns":5.0},{"damage":9.0,"enemies":"Chosen and Byrds","floor":29.0,"turns":4.0},{"damage":8.0,"enemies":"Shelled Parasite and Fungi","floor":30.0,"turns":3.0},{"damage":9.0,"enemies":"Book of Stabbing","floor":31.0,"turns":2.0},{"damage":0.0,"enemies":"Collector","floor":33.0,"turns":2.0},{"damage":3.0,"enemies":"3 Darklings","floor":35.0,"turns":2.0},{"damage":9.0,"enemies":"3 Shapes","floor":39.0,"turns":3.0},{"damage":6.0,"enemies":"Nemesis","floor":40.0,"turns":1.0},{"damage":6.0,"enemies":"Sphere and 2 Shapes","floor":41.0,"turns":2.0},{"damage":10,"enemies":"Reptomancer","floor":44,"turns":2},{"damage":10,"enemies":"Time Eater","floor":50,"turns":3}],"seed_played":"8971131549521672836","potions_obtained":[{"floor":5.0,"key":"PowerPotion"},{"floor":12.0,"key":"bronze:BurnAndBuffPotion"},{"floor":14.0,"key":"FearPotion"},{"floor":16.0,"key":"LiquidMemories"},{"floor":22.0,"key":"ColorlessPotion"},{"floor":23.0,"key":"CultistPotion"},{"floor":25.0,"key":"Energy Potion"},{"floor":29.0,"key":"Fruit Juice"},{"floor":30.0,"key":"Explosive Potion"},{"floor":40.0,"key":"Guardian:BlockOnCardUsePotion"}],"is_trial":false,"path_per_floor":["M","M","?","?","M","E","R","?","T","M","R","M","E","M","R","B",null,"M","M","?","?","M","E","R","E","T","$","$","M","M","E","R","B",null,"M","?","?","$","M","E","M","R","T","E","R","$","?","?","R","B",null],"character_chosen":"THE_MANIAC","items_purchased":["Impatience","Gambling Chip","Membership Card","Kunai","maniac:GlassScratch+1","Toxic Egg 2","Pear","OrangePellets"],"campfire_rested":0,"item_purchase_floors":[27,28,38,38,38,46,46,46],"current_hp_per_floor":[80,80,74,67,64,31,31,31,31,37,37,46,41,47,47,35,74,69,66,66,66,44,26,26,22,22,22,22,30,34,37,37,62,79,76,66,66,66,57,51,45,57,57,47,59,69,69,69,81,75],"gold":140,"neow_bonus":"TRANSFORM_CARD","is_daily":false,"chose_seed":false,"campfire_upgraded":7,"win_rate":0.0,"timestamp":1611071594,"path_taken":["M","M","?","?","M","E","R","?","T","M","R","M","E","?","R","BOSS","M","M","?","?","M","E","R","E","T","$","$","M","M","E","R","BOSS","M","?","?","$","M","E","M","R","T","E","R","$","?","?","R","BOSS"],"items_purchased_type":["Card","Relic","Relic","Relic","Card","Relic","Relic","Relic"],"build_version":"2020-12-22","purchased_purges":4,"victory":true,"max_hp_per_floor":[80,80,74,74,74,74,74,74,74,74,74,74,74,74,74,74,74,74,74,74,74,74,74,74,74,74,74,74,79,79,79,79,79,79,79,79,79,79,79,79,79,79,79,79,79,89,85,85,85,85],"relic_stats":{"counters":[24,75],"Astrolabe":["maniac:UndyingDesire","maniac:Hasten","maniac:Collecting"],"Blue Candle":[0],"Eternal Feather":36,"Whetstone":["maniac:Strike","maniac:Strike"],"Orichalcum":[12],"MawBank":216,"OrangePellets":[0],"Lizard Tail":0,"Dream Catcher":0,"Shovel":1,"Sundial":[38],"Ornamental Fan":[80],"Gambling Chip":[18],"Pantograph":29,"Art of War":[0],"Kunai":[10],"obtain_stats":[{"Ice Cream":44,"Whetstone":26,"maniac:BrokenHorn":0,"Lizard Tail":33,"Dream Catcher":40,"Shovel":29,"Sundial":13,"Gambling Chip":28,"Pantograph":31,"WingedGreaves":25,"Kunai":38,"Toxic Egg 2":46,"InkBottle":31,"maniac:MarkerPen":45,"maniac:DamagedAnvil":0,"Pear":46,"Golden Idol":3,"Astrolabe":17,"Blue Candle":22,"Thread and Needle":18,"Eternal Feather":39,"Orichalcum":25,"Frozen Egg 2":43,"MawBank":9,"maniac:VisionEye":23,"SlaversCollar":34,"OrangePellets":46,"CaptainsWheel":19,"Ornamental Fan":30,"Molten Egg 2":23,"Art of War":41,"Bag of Marbles":44,"Membership Card":38,"Meat on the Bone":6},{"Ice Cream":23,"Whetstone":14,"maniac:BrokenHorn":0,"Lizard Tail":18,"Dream Catcher":21,"Shovel":15,"Sundial":7,"Gambling Chip":14,"Pantograph":17,"WingedGreaves":14,"Kunai":19,"Toxic Egg 2":23,"InkBottle":17,"maniac:MarkerPen":23,"maniac:DamagedAnvil":0,"Pear":23,"Golden Idol":2,"Astrolabe":9,"Blue Candle":12,"Thread and Needle":10,"Eternal Feather":20,"Orichalcum":14,"Frozen Egg 2":22,"MawBank":4,"maniac:VisionEye":13,"SlaversCollar":18,"OrangePellets":23,"CaptainsWheel":11,"Ornamental Fan":16,"Molten Egg 2":13,"Art of War":22,"Bag of Marbles":23,"Membership Card":19,"Meat on the Bone":4},{"Ice Cream":72,"Whetstone":51,"maniac:BrokenHorn":0,"Lizard Tail":62,"Dream Catcher":68,"Shovel":53,"Sundial":19,"Gambling Chip":51,"Pantograph":60,"WingedGreaves":49,"Kunai":64,"Toxic Egg 2":72,"InkBottle":60,"maniac:MarkerPen":72,"maniac:DamagedAnvil":0,"Pear":72,"Golden Idol":4,"Astrolabe":31,"Blue Candle":41,"Thread and Needle":33,"Eternal Feather":67,"Orichalcum":51,"Frozen Egg 2":70,"MawBank":10,"maniac:VisionEye":46,"SlaversCollar":62,"OrangePellets":72,"CaptainsWheel":38,"Ornamental Fan":58,"Molten Egg 2":46,"Art of War":70,"Bag of Marbles":72,"Membership Card":64,"Meat on the Bone":10}],"InkBottle":[16],"Meat on the Bone":120},"card_choices":[{"not_picked":["maniac:UntravelledPath","maniac:ListenToNone","maniac:LootBarrage"],"picked":"SKIP","floor":1.0},{"not_picked":["maniac:AllOutAttack","maniac:Blastwave"],"picked":"maniac:ShelteringEdge","floor":2.0},{"not_picked":["maniac:MeleeStrike","maniac:ListenToNone"],"picked":"maniac:SecretBackups","floor":5.0},{"not_picked":["maniac:ShatteredShield","maniac:PanickyParry","maniac:ReconstructWounds"],"picked":"SKIP","floor":6.0},{"not_picked":["maniac:Refine","maniac:ListenToNone","maniac:Traceback"],"picked":"SKIP","floor":10.0},{"not_picked":["maniac:ReconstructWounds","maniac:PanickyParry"],"picked":"maniac:WardAndDefend","floor":12.0},{"not_picked":["maniac:Confront","maniac:ListenToNone"],"picked":"maniac:BladeEnd","floor":13.0},{"not_picked":["maniac:PerceiveDanger","maniac:WitnessTrueSorcery","maniac:SpectralKnives"],"picked":"SKIP","floor":14.0},{"not_picked":["maniac:UnseenTerror","maniac:UniversalPerception"],"picked":"maniac:RallyToMe","floor":16.0},{"not_picked":["maniac:ListenToNone","maniac:Intimidate"],"picked":"maniac:ManipulatedFaith+1","floor":18.0},{"not_picked":["maniac:Traceback","maniac:Reforge"],"picked":"maniac:Intimidate","floor":19.0},{"not_picked":["maniac:ShelteringEdge","maniac:Whirlscythe"],"picked":"maniac:ExpectedMoves+1","floor":22.0},{"not_picked":["maniac:FindAShortcut","maniac:Assassinate"],"picked":"maniac:RallyToMe","floor":23.0},{"not_picked":["maniac:BladesInCloak","maniac:SpectralKnives+1","maniac:UndyingDesire"],"picked":"SKIP","floor":25.0},{"not_picked":["maniac:ListenToNone","maniac:DashForward+1","maniac:Quickdraw"],"picked":"SKIP","floor":29.0},{"not_picked":["maniac:BladesInCloak+1","maniac:MortalSteel+1"],"picked":"maniac:UnseenTerror","floor":30.0},{"not_picked":["maniac:Refine","maniac:BladeShoot+1","maniac:Recollect"],"picked":"SKIP","floor":31.0},{"not_picked":["maniac:ReconstructWounds","maniac:PanickyParry","maniac:MeleeStrike+1"],"picked":"SKIP","floor":35.0},{"not_picked":["Good Instincts","Apotheosis"],"picked":"Purity","floor":36.0},{"not_picked":["Panache","Trip"],"picked":"Blind","floor":36.0},{"not_picked":["Trip","Deep Breath"],"picked":"Apotheosis","floor":36.0},{"not_picked":["maniac:PanickyParry","maniac:WardAndDefend","maniac:Refine+1"],"picked":"SKIP","floor":39.0},{"not_picked":["maniac:BladeShoot+1","maniac:TorturousScreams+1","maniac:LootBarrage+1"],"picked":"SKIP","floor":40.0},{"not_picked":["maniac:MortalSteel+1","maniac:Quickdraw","maniac:Recollect+1"],"picked":"SKIP","floor":41.0},{"not_picked":["maniac:Reforge","maniac:SecretBackups","maniac:Lacerate+1"],"picked":"SKIP","floor":44}],"player_experience":132153,"relics_obtained":[{"floor":6.0,"key":"Meat on the Bone"},{"floor":9.0,"key":"MawBank"},{"floor":13.0,"key":"Sundial"},{"floor":23.0,"key":"Molten Egg 2"},{"floor":25.0,"key":"Orichalcum"},{"floor":26.0,"key":"Whetstone"},{"floor":31.0,"key":"Pantograph"},{"floor":40.0,"key":"Dream Catcher"},{"floor":43,"key":"Frozen Egg 2"},{"floor":44,"key":"Bag of Marbles"},{"floor":45,"key":"maniac:MarkerPen"}],"event_choices":[{"damage_healed":0.0,"max_hp_gain":0.0,"max_hp_loss":6.0,"gold_gain":0.0,"event_name":"Golden Idol","player_choice":"Lose Max HP","floor":3.0,"gold_loss":0.0,"damage_taken":0.0,"relics_obtained":["Golden Idol"]},{"cards_removed":["maniac:Strike"],"damage_healed":0.0,"max_hp_gain":0.0,"max_hp_loss":0.0,"gold_gain":0.0,"event_name":"Golden Wing","player_choice":"Card Removal","floor":4.0,"gold_loss":0.0,"damage_taken":7.0},{"cards_removed":["maniac:Defend"],"damage_healed":0.0,"max_hp_gain":0.0,"max_hp_loss":0.0,"gold_gain":0.0,"event_name":"Living Wall","player_choice":"Forget","floor":8.0,"gold_loss":0.0,"damage_taken":0.0},{"damage_healed":0.0,"max_hp_gain":0.0,"max_hp_loss":0.0,"gold_gain":0.0,"event_name":"The Library","player_choice":"Read","floor":20.0,"gold_loss":0.0,"damage_taken":0.0,"cards_obtained":["maniac:Retrospect"]},{"damage_healed":0.0,"max_hp_gain":0.0,"max_hp_loss":0.0,"gold_gain":0.0,"event_name":"Ghosts","player_choice":"Ignored","floor":21.0,"gold_loss":0.0,"damage_taken":0.0},{"damage_healed":0.0,"max_hp_gain":0.0,"max_hp_loss":0.0,"gold_gain":0.0,"event_name":"SensoryStone","player_choice":"Memory 3","floor":36.0,"gold_loss":0.0,"damage_taken":10.0},{"damage_healed":0.0,"max_hp_gain":0.0,"max_hp_loss":0.0,"gold_gain":333.0,"event_name":"The Moai Head","player_choice":"Gave Idol","floor":37.0,"relics_lost":["Golden Idol"],"gold_loss":0.0,"damage_taken":0.0},{"damage_healed":0,"gold_gain":0,"player_choice":"Max HP","damage_taken":0,"max_hp_gain":0,"max_hp_loss":4,"event_name":"Winding Halls","floor":47,"gold_loss":0},{"damage_healed":0,"gold_gain":0,"player_choice":"Bought 0 Potions","damage_taken":0,"max_hp_gain":0,"max_hp_loss":0,"event_name":"The Woman in Blue","floor":48,"gold_loss":0}],"is_beta":false,"boss_relics":[{"not_picked":["Coffee Dripper","Velvet Choker"],"picked":"Astrolabe"},{"not_picked":["Fusion Hammer","Runic Dome"],"picked":"SlaversCollar"}],"items_purged_floors":[27,28,38,46],"is_endless":false,"potions_floor_spawned":[5,12,14,16,22,23,25,29,30,31,35,40],"ascension_level":1}}