{"host":"pxk3h622qp5tl971","time":1611094888,"event":{"mods":["BaseMod","Downfall","Minty Spire (QoL Compilation)","StSLib"],"gold_per_floor":[99,113,113,131,39,53,80,91,117,135,168,168,168,184,199,297,297,297,297,397,415,482,532,532,532,582,613,663,680,81,141,161,265,265,265,280,330,380,12,32,32,49,175,194,204,274,72,122,137,137],"floor_reached":51,"language":"ENG","playtime":3598,"items_purged":["hexamod:FirstSeal","hexamod:ThirdSeal"],"score":883,"play_id":"ca0bca0f-63e0-44d6-b051-b57e2642c227","local_time":"20210119172128","is_ascension_mode":false,"campfire_choices":[{"data":"hexamod:Float","floor":1,"key":"SMITH"},{"data":"hexamod:Defend","floor":12,"key":"PURGE"},{"data":"hexamod:GhostOfSpirePast","floor":18,"key":"SMITH"},{"data":"hexamod:GhostOfSpirePast","floor":25,"key":"SMITH"},{"data":"hexamod:ParanormalForm","floor":35,"key":"SMITH"}],"circlet_count":0,"master_deck":["hexamod:Strike","hexamod:Strike","hexamod:Strike","hexamod:Defend","hexamod:Defend","hexamod:Sear","hexamod:Float+1","hexamod:Haunt","hexamod:HauntingEcho","hexamod:NightmareStrike","hexamod:GhostOfSpirePast+1","hexamod:GhostOfSpirePast+1","hexamod:ParanormalForm+1","hexamod:NightmareGuise","hexamod:NightmareGuise","hexamod:FastForward","hexamod:Haunt","hexamod:HauntingEcho","hexamod:SpectersWail","hexamod:Haunt","hexamod:TimeWarp","hexamod:BacktrackSmack+1","hexamod:BacktrackSmack","hexamod:BacktrackSmack","hexamod:GhostShield","hexamod:CatchUp+1","hexamod:TimeWarp","hexamod:FastForward","hexamod:AdvancingGuard","hexamod:TimeOfNeed","hexamod:ForkedFlame","hexamod:ParanormalForm","hexamod:BacktrackSmack","hexamod:AdvancingGuard+1","hexamod:FastForward+1","hexamod:Haunt+1"],"relics":["hexamod:SpiritBrand","Smiling Mask","Toy Ornithopter","Peace Pipe","downfall:ShatteredFragment","Busted Crown","sneckomod:BabySnecko","downfall:CloakOfManyFaces","CultistMask","FaceOfCleric","NlothsMask","GremlinMask","SsserpentHead","Mango","Eternal Feather","Orrery","Coffee Dripper","Lantern","Torii","HandDrill","Mercury Hourglass","Toxic Egg 2","OrangePellets"],"acts_visited":["Exordium","TheCity","TheBeyond"],"potions_floor_usage":[9,16,27,50,50,50],"damage_taken":[{"damage":0,"enemies":"Small Slimes","floor":2,"turns":3},{"damage":0,"enemies":"Cultist","floor":4,"turns":3},{"damage":5,"enemies":"downfall:FleeingMerchant","floor":5,"turns":4},{"damage":0,"enemies":"2 Louse","floor":6,"turns":3},{"damage":7,"enemies":"3 Louse","floor":8,"turns":3},{"damage":16,"enemies":"Lagavulin","floor":9,"turns":5},{"damage":14,"enemies":"Lots of Slimes","floor":10,"turns":5},{"damage":23,"enemies":"Gremlin Nob","floor":11,"turns":4},{"damage":0,"enemies":"Exordium Wildlife","floor":14,"turns":3},{"damage":1,"enemies":"3 Louse","floor":15,"turns":2},{"damage":19,"enemies":"DF_ARCHETYPE_STREAMLINE","floor":16,"turns":6},{"damage":5,"enemies":"downfall:FaceTrader","floor":20,"turns":5},{"damage":0,"enemies":"Spheric Guardian","floor":21,"turns":3},{"damage":5,"enemies":"Chosen","floor":22,"turns":2},{"damage":23,"enemies":"Slavers","floor":27,"turns":3},{"damage":7,"enemies":"Centurion and Healer","floor":29,"turns":3},{"damage":0,"enemies":"downfall:FleeingMerchant","floor":30,"turns":4},{"damage":0,"enemies":"Snake Plant","floor":31,"turns":3},{"damage":0,"enemies":"Snecko","floor":32,"turns":3},{"damage":10,"enemies":"IC_MUSHROOM_ARCHETYPE","floor":33,"turns":5},{"damage":10,"enemies":"3 Darklings","floor":36,"turns":5},{"damage":0,"enemies":"downfall:FleeingMerchant","floor":39,"turns":3},{"damage":1,"enemies":"Orb Walker","floor":40,"turns":3},{"damage":8,"enemies":"Maw","floor":42,"turns":5},{"damage":25,"enemies":"4 Shapes","floor":44,"turns":3},{"damage":0,"enemies":"Transient","floor":45,"turns":5},{"damage":9,"enemies":"3 Darklings","floor":46,"turns":3},{"damage":11,"enemies":"Spire Growth","floor":49,"turns":3},{"damage":0,"enemies":"SI_POISON_ARCHETYPE","floor":50,"turns":3}],"seed_played":"-5754702348263508858","potions_obtained":[{"floor":2,"key":"LiquidMemories"},{"floor":4,"key":"Ancient Potion"},{"floor":8,"key":"hexamod:DoubleChargePotion"},{"floor":9,"key":"LiquidBronze"},{"floor":16,"key":"PowerPotion"},{"floor":22,"key":"hexamod:SoulburnPotion"},{"floor":31,"key":"SteroidPotion"},{"floor":45,"key":"EntropicBrew"}],"is_trial":false,"path_per_floor":["R","M","?","M","$","M","T","M","E","M","E","R","?","M","M","B",null,"R","?","?","M","M","?","T","R","?","E","?","M","$","M","M","B",null,"R","M","?","?","$","M","T","M","T","M","M","M","$","?","M","B",null],"character_chosen":"THE_SPIRIT","items_purchased":["hexamod:GhostOfSpirePast","hexamod:TimeWarp","hexamod:FastForward","Eternal Feather","Orrery","hexamod:BacktrackSmack","Lantern","Torii","HandDrill","OrangePellets"],"campfire_rested":0,"item_purchase_floors":[5,30,30,30,30,39,39,39,39,47],"current_hp_per_floor":[77,77,77,77,72,77,77,77,61,54,38,38,17,24,30,16,77,77,77,77,78,74,74,74,74,74,78,78,79,87,88,96,87,99,99,97,97,97,101,101,101,94,94,70,71,63,63,63,53,69],"gold":137,"neow_bonus":"TEN_PERCENT_HP_BONUS","is_daily":false,"chose_seed":false,"campfire_upgraded":4,"win_rate":0.0,"timestamp":1611094888,"path_taken":["R","M","?","M","?","?","T","M","E","M","E","R","?","M","M","BOSS","R","?","?","M","?","?","T","R","?","E","?","M","$","?","M","BOSS","R","M","?","?","$","M","T","M","?","M","M","?","$","?","M","BOSS"],"items_purchased_type":["Card","Card","Card","Relic","Relic","Card","Relic","Relic","Relic","Relic"],"build_version":"2020-12-22","purchased_purges":2,"victory":true,"max_hp_per_floor":[77,77,77,77,77,77,77,77,77,77,77,77,77,77,77,77,77,77,77,77,78,79,79,79,79,79,94,94,95,96,97,98,99,99,99,100,100,100,101,102,102,103,103,104,105,106,106,106,107,108],"card_choices":[{"not_picked":["hexamod:Firestarter","hexamod:GhostflameBarrier"],"picked":"hexamod:ThirdSeal","floor":2},{"not_picked":["hexamod:SpectralAdrenaline","hexamod:HeatShield"],"picked":"hexamod:HauntingEcho","floor":4},{"not_picked":["hexamod:DynamicBlow","hexamod:Firestarter"],"picked":"hexamod:NightmareStrike","floor":4},{"not_picked":["hexamod:SecondSeal","hexamod:StepThrough"],"picked":"hexamod:FirstSeal","floor":5},{"not_picked":["hexamod:GhostShield","hexamod:Rewind"],"picked":"hexamod:GhostOfSpirePast","floor":6},{"not_picked":["hexamod:SecondSeal","hexamod:GhostflameBarrier"],"picked":"hexamod:ParanormalForm","floor":8},{"not_picked":["hexamod:StepThrough","hexamod:ShieldOfDarkness","hexamod:EmpoweredFlame"],"picked":"SKIP","floor":8},{"not_picked":["hexamod:UnleashSpirits","hexamod:HeatCrush"],"picked":"hexamod:NightmareGuise","floor":9},{"not_picked":["hexamod:GhostOfSpirePresent","hexamod:BurningTouch"],"picked":"hexamod:NightmareGuise","floor":9},{"not_picked":["hexamod:NightmareStrike","hexamod:ThermalTransfer"],"picked":"hexamod:FastForward","floor":10},{"not_picked":["hexamod:SwordOfDarkness","hexamod:PhantomCloak"],"picked":"hexamod:Haunt","floor":10},{"not_picked":["hexamod:FastForward","hexamod:HeatMetal"],"picked":"hexamod:HauntingEcho","floor":11},{"not_picked":["hexamod:PhantomFireball","hexamod:FastForward","hexamod:FlameSwitch"],"picked":"SKIP","floor":11},{"not_picked":["hexamod:SwordOfDarkness","hexamod:Incineration"],"picked":"hexamod:SpectersWail","floor":14},{"not_picked":["hexamod:PhantomCloak","hexamod:BurningTouch","hexamod:NightmareGuise"],"picked":"SKIP","floor":14},{"not_picked":["hexamod:SpectersWail","hexamod:Hexaguard"],"picked":"hexamod:Haunt","floor":15},{"not_picked":["hexamod:GhostOfSpirePresent","hexamod:WildfireWeapon"],"picked":"hexamod:TimeWarp","floor":16},{"not_picked":[],"picked":"hexamod:BacktrackSmack+1","floor":21},{"not_picked":[],"picked":"hexamod:BacktrackSmack","floor":21},{"not_picked":[],"picked":"hexamod:BacktrackSmack","floor":22},{"not_picked":[],"picked":"hexamod:CatchUp","floor":27},{"not_picked":["hexamod:ThermalTransfer"],"picked":"SKIP","floor":27},{"not_picked":["hexamod:ThermalTransfer"],"picked":"SKIP","floor":29},{"not_picked":["hexamod:HauntingEcho"],"picked":"SKIP","floor":30},{"not_picked":["hexamod:ThermalTransfer"],"picked":"SKIP","floor":31},{"not_picked":["hexamod:NightmareGuise"],"picked":"SKIP","floor":31},{"not_picked":[],"picked":"hexamod:AdvancingGuard","floor":32},{"not_picked":[],"picked":"hexamod:TimeOfNeed","floor":33},{"not_picked":[],"picked":"hexamod:ForkedFlame","floor":33},{"not_picked":["hexamod:ShieldOfDarkness"],"picked":"SKIP","floor":36},{"not_picked":[],"picked":"hexamod:ParanormalForm","floor":39},{"not_picked":["hexamod:Firestarter"],"picked":"SKIP","floor":40},{"not_picked":["hexamod:ThermalTransfer"],"picked":"SKIP","floor":40},{"not_picked":[],"picked":"hexamod:AdvancingGuard+1","floor":42},{"not_picked":["hexamod:HauntingEcho"],"picked":"SKIP","floor":42},{"not_picked":[],"picked":"hexamod:FastForward+1","floor":44},{"not_picked":["hexamod:ChargedBarrage+1"],"picked":"SKIP","floor":45},{"not_picked":["hexamod:GhostShield+1"],"picked":"SKIP","floor":45},{"not_picked":["hexamod:SwordOfDarkness+1"],"picked":"SKIP","floor":46},{"not_picked":[],"picked":"hexamod:Haunt+1","floor":49}],"player_experience":191518,"relics_obtained":[{"floor":7,"key":"Smiling Mask"},{"floor":9,"key":"Toy Ornithopter"},{"floor":11,"key":"Peace Pipe"},{"floor":20,"key":"downfall:CloakOfManyFaces"},{"floor":27,"key":"Mango"},{"floor":41,"key":"Mercury Hourglass"},{"floor":43,"key":"Toxic Egg 2"}],"event_choices":[{"damage_healed":0,"gold_gain":0,"player_choice":"Read","damage_taken":0,"max_hp_gain":0,"max_hp_loss":0,"event_name":"The Library","floor":26,"gold_loss":0,"cards_obtained":["hexamod:GhostShield"]},{"damage_healed":0,"gold_gain":0,"player_choice":"Forge","damage_taken":0,"max_hp_gain":0,"max_hp_loss":0,"event_name":"Accursed Blacksmith","floor":28,"gold_loss":0,"cards_upgraded":["hexamod:CatchUp"]}],"is_beta":false,"boss_relics":[{"not_picked":["Velvet Choker","hexamod:UnbrokenSoul"],"picked":"Busted Crown"},{"not_picked":["Calling Bell","Snecko Eye"],"picked":"Coffee Dripper"}],"items_purged_floors":[39,47],"is_endless":false,"potions_floor_spawned":[2,4,8,9,16,22,31,32,36,42,45],"ascension_level":0}}