{"host":"d61fcf2p3sjwe6yo","time":1611072400,"event":{"mods":["AchievementEnabler","BaseMod","Colored Map","Downfall","Minty Spire (QoL Compilation)","StSLib","SuperFastMode"],"gold_per_floor":[99,99,99,274,291,191,191,210,220,253,253,264,264,278,290,290,290,290],"floor_reached":16,"language":"ENG","playtime":612,"items_purged":[],"score":148,"play_id":"0ef99395-39ed-471a-8919-947ed03d1863","local_time":"20210119190640","is_ascension_mode":true,"campfire_choices":[{"floor":1,"key":"RECALL"},{"data":"bronze:Replicate","floor":6,"key":"SMITH"},{"data":"bronze:Branch","floor":11,"key":"SMITH"}],"circlet_count":0,"master_deck":["bronze:Strike","bronze:Strike","bronze:Strike","bronze:Defend","bronze:Defend","bronze:Defend","bronze:Defend","bronze:Replicate+1","bronze:Goto","Doubt","bronze:Branch+1","bronze:Separator","bronze:Deprecate"],"relics":["bronze:BronzeCore","downfall:ShatteredFragment","Frozen Egg 2","downfall:HeartBlessingRed","Kunai","bronze:DecasWashers"],"acts_visited":["Exordium"],"potions_floor_usage":[10,16],"damage_taken":[{"damage":1,"enemies":"Jaw Worm","floor":5,"turns":5},{"damage":0,"enemies":"2 Louse","floor":8,"turns":2},{"damage":0,"enemies":"Cultist","floor":9,"turns":2},{"damage":18,"enemies":"Gremlin Nob","floor":10,"turns":3},{"damage":0,"enemies":"Exordium Thugs","floor":12,"turns":5},{"damage":13,"enemies":"3 Louse","floor":14,"turns":3},{"damage":4,"enemies":"Large Slime","floor":15,"turns":4},{"damage":7,"enemies":"IC_STATUS_ARCHETYPE","floor":16,"turns":13}],"seed_played":"1658636398710744854","potions_obtained":[{"floor":9,"key":"BlessingOfTheForge"},{"floor":14,"key":"GamblersBrew"}],"is_trial":false,"path_per_floor":["R","?","?","?","M","R","T","M","M","E","R","M","?","M","M","B"],"character_chosen":"THE_AUTOMATON","items_purchased":[],"campfire_rested":0,"item_purchase_floors":[],"current_hp_per_floor":[70,49,49,49,48,48,48,48,48,30,30,30,30,17,13,6,6,6],"gold":290,"neow_bonus":"TEN_PERCENT_HP_BONUS","is_daily":false,"chose_seed":false,"campfire_upgraded":2,"win_rate":0.0,"timestamp":1611072400,"path_taken":["R","?","?","?","M","R","T","?","M","E","R","M","?","M","M","BOSS"],"items_purchased_type":[],"build_version":"2020-12-22","purchased_purges":0,"victory":false,"max_hp_per_floor":[77,77,77,77,77,77,77,77,77,77,77,77,77,77,77,77,77,77],"card_choices":[{"not_picked":["bronze:Separator","bronze:GetLatest"],"picked":"bronze:Branch","floor":5},{"not_picked":["bronze:Frontload","bronze:Shield"],"picked":"bronze:Separator","floor":8},{"not_picked":["bronze:DarkDash","bronze:Shield","bronze:NullPointer"],"picked":"SKIP","floor":9},{"not_picked":["bronze:WhirlingStrike","bronze:Break","bronze:BitShift"],"picked":"SKIP","floor":10},{"not_picked":["bronze:Overheat","bronze:Shield","bronze:CloningBeam"],"picked":"SKIP","floor":12},{"not_picked":["bronze:Shield","bronze:BitShift","bronze:Deprecate"],"picked":"SKIP","floor":14},{"not_picked":["bronze:Iterate","bronze:Deprecate","bronze:BitShift"],"picked":"SKIP","floor":15},{"not_picked":["bronze:Iterate","bronze:BitShift"],"picked":"bronze:Deprecate","floor":15}],"player_experience":607515,"relics_obtained":[{"floor":7,"key":"Kunai"},{"floor":10,"key":"bronze:DecasWashers"}],"event_choices":[],"is_beta":false,"boss_relics":[],"items_purged_floors":[],"is_endless":false,"potions_floor_spawned":[9,14],"killed_by":"IC_STATUS_ARCHETYPE","ascension_level":9}}