{"host":"nbmmy2ys5j9alw05","time":1611043270,"event":{"mods":["AchievementEnabler","BaseMod","Bestiary","Better Vampires","Colored Map","Colored Powertips","Googly Eyes","Minty Spire (QoL Compilation)","Quick Restart","StSLib","The Hierophant","The IronCluck","everything is the same but u backflip on backflip"],"gold_per_floor":[118,113,126,126,126,126,110,110,134,153,8,8,19,26,26,101,101,102,102,102,52,76,131,131,189,189,267,279,241,319,379,379,549,549,594,594,540,504,446,446,248,248,322,244,205,205,155,155],"floor_reached":47,"language":"ENG","playtime":2398,"items_purged":["hierophant:Strike_Hierophant","hierophant:Punish","hierophant:Strike_Hierophant+1"],"score":642,"play_id":"36c1d7e5-2054-4420-8f7b-0f66bfc6515b","local_time":"20210119000110","is_ascension_mode":true,"campfire_choices":[{"data":"hierophant:FlamingChariot","floor":6,"key":"SMITH"},{"data":"hierophant:Chorus","floor":8,"key":"SMITH"},{"data":"hierophant:RepressedViolence","floor":15,"key":"SMITH"},{"data":"hierophant:Kindle","floor":24,"key":"SMITH"},{"data":"hierophant:Bribe","floor":28,"key":"SMITH"},{"floor":32,"key":"REST"},{"floor":40,"key":"REST"},{"data":"hierophant:Kindle","floor":42,"key":"SMITH"}],"circlet_count":0,"master_deck":["hierophant:Strike_Hierophant+1","hierophant:Strike_Hierophant+1","hierophant:Defend_Hierophant","hierophant:Defend_Hierophant+1","hierophant:Defend_Hierophant","hierophant:Defend_Hierophant","hierophant:ChurchCoffers","CurseOfTheBell","hierophant:Bribe+1","hierophant:FlamingChariot+1","hierophant:Rebuild","hierophant:Chorus+1","hierophant:RepressedViolence+1","hierophant:Kindle+1","hierophant:Sermon","hierophant:FieryStrike","hierophant:Invocation","hierophant:DisplayOfPower","hierophant:Kindle+1","hierophant:Levitation","hierophant:FaithHealing","Parasite"],"relics":["Calling Bell","Smiling Mask","HornCleat","FossilizedHelix","Potion Belt","Whetstone","Pocketwatch","SlaversCollar","MutagenicStrength","Bottled Lightning","Pear","Mummified Hand","MawBank","Boot","Runic Pyramid","Mercury Hourglass"],"acts_visited":["Exordium","TheCity","TheBeyond"],"potions_floor_usage":[16,16,18,22,22,22,23,23,23,25,33,33,39],"damage_taken":[{"damage":0,"enemies":"2 Louse","floor":1,"turns":2},{"damage":0,"enemies":"Small Slimes","floor":2,"turns":3},{"damage":9,"enemies":"Jaw Worm","floor":3,"turns":5},{"damage":0,"enemies":"Gremlin Nob","floor":7,"turns":4},{"damage":15,"enemies":"Lagavulin","floor":10,"turns":6},{"damage":0,"enemies":"Exordium Thugs","floor":13,"turns":3},{"damage":0,"enemies":"Large Slime","floor":14,"turns":4},{"damage":24,"enemies":"Hexaghost","floor":16,"turns":11},{"damage":0,"enemies":"Spheric Guardian","floor":18,"turns":3},{"damage":0,"enemies":"3 Byrds","floor":22,"turns":8},{"damage":0,"enemies":"Book of Stabbing","floor":23,"turns":7},{"damage":8,"enemies":"Gremlin Leader","floor":25,"turns":4},{"damage":0,"enemies":"Book of Stabbing","floor":27,"turns":4},{"damage":33,"enemies":"Gremlin Leader","floor":30,"turns":4},{"damage":0,"enemies":"Snake Plant","floor":31,"turns":3},{"damage":49,"enemies":"Champ","floor":33,"turns":10},{"damage":11,"enemies":"3 Shapes","floor":35,"turns":5},{"damage":14,"enemies":"3 Darklings","floor":37,"turns":6},{"damage":19,"enemies":"Jaw Worm Horde","floor":38,"turns":5},{"damage":11,"enemies":"Sphere and 2 Shapes","floor":39,"turns":6},{"damage":2,"enemies":"Writhing Mass","floor":44,"turns":6},{"damage":8,"enemies":"Transient","floor":45,"turns":5},{"damage":46,"enemies":"2 Orb Walkers","floor":47,"turns":5}],"seed_played":"248600225365474255","potions_obtained":[{"floor":1,"key":"SpeedPotion"},{"floor":3,"key":"Dexterity Potion"},{"floor":10,"key":"ColorlessPotion"},{"floor":13,"key":"Explosive Potion"},{"floor":16,"key":"Block Potion"},{"floor":22,"key":"EntropicBrew"},{"floor":30,"key":"ColorlessPotion"},{"floor":33,"key":"CultistPotion"},{"floor":35,"key":"SpeedPotion"},{"floor":37,"key":"Explosive Potion"},{"floor":44,"key":"GamblersBrew"},{"floor":45,"key":"Dexterity Potion"}],"is_trial":false,"path_per_floor":["M","M","M","?","?","R","E","R","T","E","$","$","M","M","R","B",null,"M","?","?","$","M","E","R","E","T","E","R","$","E","M","R","B",null,"M","?","M","M","M","R","$","R","T","M","M","?","?"],"character_chosen":"HIEROPHANT","items_purchased":["hierophant:Kindle","hierophant:AuricForm"],"campfire_rested":2,"item_purchase_floors":[11,41],"current_hp_per_floor":[75,75,66,51,51,51,51,51,51,36,36,36,36,36,36,12,75,75,75,75,75,75,75,75,77,77,77,77,77,44,44,69,20,85,74,74,60,41,30,55,55,55,55,53,45,45,0,0],"gold":155,"neow_bonus":"BOSS_RELIC","is_daily":false,"chose_seed":false,"campfire_upgraded":6,"win_rate":0.0,"timestamp":1611043270,"path_taken":["M","M","M","?","?","R","E","R","T","E","?","$","?","M","R","BOSS","M","?","?","?","M","E","R","E","T","E","R","$","E","M","R","BOSS","M","?","?","M","M","R","$","R","T","M","M","?","?"],"items_purchased_type":["Card","Card"],"build_version":"2020-12-22","purchased_purges":3,"victory":false,"max_hp_per_floor":[75,75,75,75,75,75,75,75,75,75,75,75,75,75,75,75,75,75,75,75,75,75,75,75,85,85,85,85,85,85,85,85,85,85,85,85,85,85,85,85,85,85,85,85,85,85,85,85],"card_choices":[{"not_picked":["hierophant:Zeal","hierophant:FieryStrike"],"picked":"hierophant:Bribe","floor":1},{"not_picked":["hierophant:Shelter","hierophant:Zeal"],"picked":"hierophant:FlamingChariot","floor":2},{"not_picked":["hierophant:Zeal","hierophant:Purify"],"picked":"hierophant:Rebuild","floor":3},{"not_picked":["hierophant:Generosity","hierophant:Zeal"],"picked":"hierophant:Chorus","floor":7},{"not_picked":["hierophant:HammerAndAnvil","hierophant:Repentance"],"picked":"hierophant:RepressedViolence","floor":10},{"not_picked":["hierophant:Bribe","hierophant:DivineIntervention","hierophant:Doubloon"],"picked":"SKIP","floor":13},{"not_picked":["hierophant:Community","hierophant:ThreeLashes"],"picked":"hierophant:Sermon","floor":14},{"not_picked":["hierophant:DeathKnell","hierophant:Invocation"],"picked":"hierophant:BulkyChest","floor":16},{"not_picked":["hierophant:ConvertCurrency","hierophant:ThreeLashes","hierophant:Racketeering+1"],"picked":"SKIP","floor":18},{"not_picked":["hierophant:AuricShield","hierophant:Shelter","hierophant:Batter"],"picked":"SKIP","floor":22},{"not_picked":["hierophant:TollTheBells+1","hierophant:RepressedViolence"],"picked":"hierophant:FieryStrike","floor":23},{"not_picked":["hierophant:Smite","hierophant:AuricBeam","hierophant:Shelter"],"picked":"SKIP","floor":25},{"not_picked":["hierophant:Flagellation+1","hierophant:Doubloon","hierophant:DisplayOfPower"],"picked":"SKIP","floor":27},{"not_picked":["hierophant:Purify+1","hierophant:Prophecy"],"picked":"hierophant:Invocation","floor":30},{"not_picked":["hierophant:OrnateBuckler+1","hierophant:MorningPrayer"],"picked":"hierophant:DisplayOfPower","floor":31},{"not_picked":["hierophant:MintersHammer","hierophant:Batter"],"picked":"hierophant:Kindle","floor":33},{"not_picked":["hierophant:Martyrdom","hierophant:ThreeLashes+1","hierophant:Zeal+1"],"picked":"SKIP","floor":35},{"not_picked":["hierophant:Shelter+1","hierophant:Blessing+1","hierophant:FieryStrike"],"picked":"SKIP","floor":37},{"not_picked":["hierophant:Martyrdom+1","hierophant:MorningPrayer"],"picked":"hierophant:Levitation","floor":38},{"not_picked":["hierophant:PassingBell+1","hierophant:MorningPrayer"],"picked":"hierophant:FaithHealing","floor":39},{"not_picked":["hierophant:Doomsaying","hierophant:Sermon","hierophant:FlamingChariot"],"picked":"SKIP","floor":44},{"not_picked":["hierophant:RustyCrate+1","hierophant:Upheaval","hierophant:RepressedViolence+1"],"picked":"SKIP","floor":45}],"player_experience":460736,"relics_obtained":[{"floor":0,"key":"Smiling Mask"},{"floor":0,"key":"HornCleat"},{"floor":0,"key":"FossilizedHelix"},{"floor":7,"key":"Potion Belt"},{"floor":9,"key":"Whetstone"},{"floor":10,"key":"Pocketwatch"},{"floor":23,"key":"Bottled Lightning"},{"floor":25,"key":"Pear"},{"floor":26,"key":"Mummified Hand"},{"floor":27,"key":"MawBank"},{"floor":30,"key":"Boot"},{"floor":43,"key":"Mercury Hourglass"}],"event_choices":[{"damage_healed":0,"gold_gain":0,"player_choice":"Entered Light","damage_taken":15,"max_hp_gain":0,"max_hp_loss":0,"event_name":"Shining Light","floor":4,"gold_loss":0,"cards_upgraded":["hierophant:Strike_Hierophant","hierophant:Defend_Hierophant"]},{"damage_healed":0,"gold_gain":0,"player_choice":"Ignored","damage_taken":0,"max_hp_gain":0,"max_hp_loss":0,"event_name":"Liars Game","floor":5,"gold_loss":0},{"damage_healed":0,"gold_gain":0,"player_choice":"Ignored","damage_taken":0,"max_hp_gain":0,"max_hp_loss":0,"event_name":"Vampires","floor":19,"gold_loss":0},{"damage_healed":0,"gold_gain":0,"player_choice":"Inject Mutagens","damage_taken":0,"relics_obtained":["MutagenicStrength"],"max_hp_gain":0,"max_hp_loss":0,"event_name":"Drug Dealer","floor":20,"gold_loss":0},{"cards_removed":["hierophant:BulkyChest"],"damage_healed":0,"gold_gain":0,"player_choice":"Purged","damage_taken":0,"max_hp_gain":0,"max_hp_loss":0,"event_name":"Purifier","floor":36,"gold_loss":0},{"cards_removed":["hierophant:AuricForm"],"damage_healed":0,"gold_gain":0,"player_choice":"Removed Power","damage_taken":0,"max_hp_gain":0,"max_hp_loss":0,"event_name":"Falling","floor":46,"gold_loss":0},{"damage_healed":0,"gold_gain":0,"player_choice":"Fight","damage_taken":0,"max_hp_gain":0,"max_hp_loss":0,"event_name":"Mysterious Sphere","floor":47,"gold_loss":0}],"is_beta":false,"boss_relics":[{"not_picked":["Velvet Choker","Cursed Key"],"picked":"SlaversCollar"},{"not_picked":["Empty Cage","Coffee Dripper"],"picked":"Runic Pyramid"}],"items_purged_floors":[21,29,41],"is_endless":false,"potions_floor_spawned":[1,3,10,13,16,22,30,33,35,37,44,45],"killed_by":"2 Orb Walkers","ascension_level":1}}