{"host":"wha9hktbkslqvblg","time":1611051813,"event":{"mods":["BaseMod","Colored Map","Minty Spire (QoL Compilation)","Relic Stats","SuperFastMode","everything is the same but u backflip on backflip"],"gold_per_floor":[118,118,268,268,36,36,36,36,36,71,91,124,144,163,163,235,235,250,266,110,25,39,73,86,86,158,158,493,493,520,520,520,594,594,614,628,646,666,115,140,155,172,172,172,122,122,122,142,142,142,142,142,142,57,82,82],"floor_reached":57,"language":"KOR","playtime":1265,"items_purged":["Defend_R","Perfected Strike+1","Bludgeon+1","Immolate+1"],"score":3525,"play_id":"4abea605-8200-45ed-aeca-565f5b4296f3","local_time":"20210119192333","is_ascension_mode":true,"campfire_choices":[{"data":"Battle Trance","floor":8,"key":"SMITH"},{"data":"Barricade","floor":15,"key":"SMITH"},{"data":"Entrench","floor":25,"key":"SMITH"},{"data":"Bloodletting","floor":27,"key":"SMITH"},{"data":"Power Through","floor":29,"key":"SMITH"},{"data":"Evolve","floor":32,"key":"SMITH"},{"floor":44,"key":"RECALL"},{"data":"Second Wind","floor":46,"key":"SMITH"},{"data":"Shrug It Off","floor":49,"key":"SMITH"},{"data":"Bash","floor":53,"key":"SMITH"}],"circlet_count":0,"master_deck":["AscendersBane","Bash+1","Battle Trance+1","Barricade+1","Power Through+1","Bloodletting+1","Shrug It Off+1","Body Slam+1","Entrench+1","Dark Embrace+1","Evolve+1","Second Wind+1"],"relics":["Burning Blood","NeowsBlessing","OrangePellets","Meat on the Bone","Molten Egg 2","Prayer Wheel","Paper Frog","Pandora\u0027s Box","Letter Opener","Bag of Preparation","Eternal Feather","Old Coin","Pantograph","Coffee Dripper","ClockworkSouvenir","HornCleat","Smiling Mask","Bag of Marbles"],"acts_visited":["Exordium","TheCity","TheBeyond","TheEnding"],"potions_floor_usage":[12,14,56],"damage_taken":[{"damage":0.0,"enemies":"Cultist","floor":1.0,"turns":1.0},{"damage":0,"enemies":"Lagavulin","floor":10,"turns":1},{"damage":0,"enemies":"2 Louse","floor":11,"turns":1},{"damage":48,"enemies":"Gremlin Nob","floor":12,"turns":6},{"damage":12,"enemies":"Jaw Worm","floor":13,"turns":3},{"damage":15,"enemies":"Exordium Thugs","floor":14,"turns":4},{"damage":59,"enemies":"The Guardian","floor":16,"turns":15},{"damage":6,"enemies":"Chosen","floor":18,"turns":2},{"damage":10,"enemies":"2 Thieves","floor":19,"turns":2},{"damage":15,"enemies":"Centurion and Healer","floor":22,"turns":3},{"damage":6,"enemies":"Gremlin Leader","floor":23,"turns":2},{"damage":3,"enemies":"Snecko","floor":24,"turns":2},{"damage":3,"enemies":"Slavers","floor":28,"turns":2},{"damage":6,"enemies":"Gremlin Leader","floor":30,"turns":3},{"damage":6,"enemies":"Automaton","floor":33,"turns":4},{"damage":3,"enemies":"3 Darklings","floor":35,"turns":3},{"damage":6,"enemies":"3 Shapes","floor":36,"turns":2},{"damage":3,"enemies":"Spire Growth","floor":37,"turns":3},{"damage":6,"enemies":"3 Darklings","floor":38,"turns":2},{"damage":6,"enemies":"Reptomancer","floor":40,"turns":2},{"damage":6,"enemies":"Transient","floor":41,"turns":4},{"damage":3,"enemies":"Spire Growth","floor":42,"turns":2},{"damage":6,"enemies":"Writhing Mass","floor":48,"turns":2},{"damage":3,"enemies":"Awakened One","floor":50,"turns":3},{"damage":9,"enemies":"Time Eater","floor":51,"turns":2},{"damage":6,"enemies":"Shield and Spear","floor":55,"turns":3},{"damage":6,"enemies":"The Heart","floor":56,"turns":6}],"seed_played":"8367597633369792997","potions_obtained":[{"floor":1.0,"key":"Ancient Potion"},{"floor":12,"key":"Energy Potion"},{"floor":13,"key":"BlessingOfTheForge"},{"floor":14,"key":"BloodPotion"},{"floor":18,"key":"AttackPotion"},{"floor":19,"key":"SkillPotion"},{"floor":22,"key":"DuplicationPotion"},{"floor":41,"key":"PowerPotion"}],"is_trial":false,"path_per_floor":["M","?","?","?","$","T","$","R","T","E","M","E","M","M","R","B",null,"M","M","$","?","M","E","M","R","T","R","E","R","E","?","R","B",null,"M","M","M","M","$","E","M","M","T","R","$","R","?","M","R","B","B",null,"R","$","E","B",null],"character_chosen":"IRONCLAD","items_purchased":["OrangePellets","Shrug It Off","ClockworkSouvenir","HornCleat","DistilledChaos"],"campfire_rested":0,"item_purchase_floors":[5,20,39,39,54],"current_hp_per_floor":[74,79,79,79,79,79,79,79,79,80,80,50,56,63,63,22,66,66,62,62,62,53,53,56,56,56,62,65,71,71,71,77,80,80,80,80,80,80,80,80,80,80,80,80,80,80,80,80,80,80,77,79,80,80,80,80],"gold":82,"neow_bonus":"THREE_ENEMY_KILL","is_daily":false,"chose_seed":false,"campfire_upgraded":9,"win_rate":0.0,"timestamp":1611051813,"path_taken":["M","?","?","?","$","?","$","R","T","E","M","E","M","?","R","BOSS","M","?","$","?","M","E","M","R","T","R","E","R","E","?","R","BOSS","M","M","M","M","$","E","M","M","T","R","$","R","?","M","R","BOSS","BOSS","R","$","E","BOSS"],"items_purchased_type":["Relic","Card","Relic","Relic","Potion"],"build_version":"2020-12-22","purchased_purges":4,"victory":true,"max_hp_per_floor":[75,80,80,80,80,80,80,80,80,80,80,80,80,80,80,80,80,80,80,80,80,80,80,80,80,80,80,80,80,80,80,80,80,80,80,80,80,80,80,80,80,80,80,80,80,80,80,80,80,80,80,80,80,80,80,80],"relic_stats":{"OrangePellets":[11],"counters":[27,85],"Pantograph":3,"Prayer Wheel":14,"Pandora\u0027s Box":["Fiend Fire","Pummel","Armaments","Twin Strike","Iron Wave","Bludgeon","Feel No Pain","Shrug It Off"],"Eternal Feather":19,"Bag of Preparation":[32],"Letter Opener":[255],"Smiling Mask":100,"obtain_stats":[{"NeowsBlessing":0,"Eternal Feather":26,"Bag of Preparation":23,"Letter Opener":21,"Smiling Mask":40,"Burning Blood":0,"Old Coin":28,"ClockworkSouvenir":39,"OrangePellets":5,"HornCleat":39,"Pantograph":30,"Molten Egg 2":9,"Prayer Wheel":10,"Pandora\u0027s Box":17,"Coffee Dripper":34,"Bag of Marbles":55,"Meat on the Bone":6,"Paper Frog":12},{"NeowsBlessing":0,"Eternal Feather":12,"Bag of Preparation":11,"Letter Opener":9,"Smiling Mask":20,"Burning Blood":0,"Old Coin":13,"ClockworkSouvenir":19,"OrangePellets":1,"HornCleat":19,"Pantograph":14,"Molten Egg 2":1,"Prayer Wheel":2,"Pandora\u0027s Box":7,"Coffee Dripper":15,"Bag of Marbles":26,"Meat on the Bone":1,"Paper Frog":4},{"NeowsBlessing":0,"Eternal Feather":42,"Bag of Preparation":40,"Letter Opener":35,"Smiling Mask":63,"Burning Blood":0,"Old Coin":44,"ClockworkSouvenir":61,"OrangePellets":1,"HornCleat":61,"Pantograph":47,"Molten Egg 2":1,"Prayer Wheel":2,"Pandora\u0027s Box":31,"Coffee Dripper":51,"Bag of Marbles":79,"Meat on the Bone":1,"Paper Frog":9}],"Burning Blood":139,"Meat on the Bone":36},"card_choices":[{"not_picked":["Iron Wave","Thunderclap"],"picked":"Battle Trance","floor":1.0},{"not_picked":["Warcry","Sentinel"],"picked":"Barricade","floor":10},{"not_picked":["Heavy Blade+1","Sever Soul+1"],"picked":"Power Through","floor":11},{"not_picked":["Anger+1","Battle Trance","Sword Boomerang+1"],"picked":"SKIP","floor":11},{"not_picked":["Feel No Pain","Dual Wield"],"picked":"Perfected Strike+1","floor":12},{"not_picked":["Headbutt+1","Anger+1","Sword Boomerang+1"],"picked":"SKIP","floor":13},{"not_picked":["Fire Breathing","Flex","Warcry"],"picked":"SKIP","floor":13},{"not_picked":["Battle Trance","True Grit"],"picked":"Bludgeon+1","floor":14},{"not_picked":["True Grit","Hemokinesis+1"],"picked":"Bloodletting","floor":14},{"not_picked":["Impervious","Exhume"],"picked":"Immolate+1","floor":16},{"not_picked":["Warcry","Heavy Blade+1","Perfected Strike+1"],"picked":"SKIP","floor":18},{"not_picked":["Carnage+1","Cleave+1","Shockwave"],"picked":"SKIP","floor":18},{"not_picked":["Dark Embrace","Warcry","Battle Trance"],"picked":"SKIP","floor":19},{"not_picked":["Anger+1","Dropkick+1","Sword Boomerang+1"],"picked":"SKIP","floor":19},{"not_picked":["Uppercut+1","Corruption"],"picked":"Body Slam+1","floor":22},{"not_picked":["Second Wind+1","Havoc"],"picked":"Entrench","floor":22},{"not_picked":["Uppercut+1","Headbutt+1","Rage"],"picked":"SKIP","floor":23},{"not_picked":["Anger+1","Wild Strike+1","Armaments"],"picked":"SKIP","floor":24},{"not_picked":["Spot Weakness","Shrug It Off","Dark Embrace"],"picked":"SKIP","floor":24},{"not_picked":["Havoc","Fiend Fire+1"],"picked":"Dark Embrace+1","floor":28},{"not_picked":["Thunderclap+1","Feel No Pain"],"picked":"Evolve","floor":30},{"not_picked":["Shrug It Off","Whirlwind+1","Dropkick+1"],"picked":"SKIP","floor":35},{"not_picked":["Flex","Sword Boomerang+1","Pommel Strike+1"],"picked":"SKIP","floor":35},{"not_picked":["Sword Boomerang+1","True Grit","Anger+1"],"picked":"SKIP","floor":36},{"not_picked":["Seeing Red","Clothesline+1","Heavy Blade+1"],"picked":"SKIP","floor":36},{"not_picked":["Flex","Armaments","Evolve"],"picked":"SKIP","floor":37},{"not_picked":["Clash+1","Havoc+1","Corruption"],"picked":"SKIP","floor":37},{"not_picked":["Entrench+1","Rampage+1","Body Slam+1"],"picked":"SKIP","floor":38},{"not_picked":["Perfected Strike+1","Clash+1","Pommel Strike+1"],"picked":"SKIP","floor":38},{"not_picked":["Power Through","Dark Embrace","Feel No Pain"],"picked":"SKIP","floor":40},{"not_picked":["Ghostly Armor","Clash+1"],"picked":"Second Wind","floor":41},{"not_picked":["Rampage+1","Wild Strike+1","Hemokinesis+1"],"picked":"SKIP","floor":41},{"not_picked":["Heavy Blade+1","Burning Pact","Bloodletting"],"picked":"SKIP","floor":42},{"not_picked":["Metallicize","Shockwave","Thunderclap+1"],"picked":"SKIP","floor":42},{"not_picked":["Clash+1","Headbutt+1","Warcry"],"picked":"SKIP","floor":48},{"not_picked":["Infernal Blade","Wild Strike+1","Entrench"],"picked":"SKIP","floor":48},{"not_picked":["Inflame","Thunderclap+1","True Grit+1"],"picked":"SKIP","floor":55}],"player_experience":979801,"relics_obtained":[{"floor":6,"key":"Meat on the Bone"},{"floor":9,"key":"Molten Egg 2"},{"floor":10,"key":"Prayer Wheel"},{"floor":12,"key":"Paper Frog"},{"floor":23,"key":"Bag of Preparation"},{"floor":26,"key":"Eternal Feather"},{"floor":28,"key":"Old Coin"},{"floor":30,"key":"Pantograph"},{"floor":40,"key":"Smiling Mask"},{"floor":55,"key":"Bag of Marbles"}],"event_choices":[{"damage_healed":0.0,"max_hp_gain":5.0,"max_hp_loss":0.0,"gold_gain":0.0,"event_name":"Big Fish","player_choice":"Donut","floor":2.0,"gold_loss":0.0,"damage_taken":0.0},{"damage_healed":0.0,"max_hp_gain":0.0,"max_hp_loss":0.0,"gold_gain":150.0,"event_name":"Liars Game","player_choice":"AGREE","floor":3.0,"gold_loss":0.0,"damage_taken":0.0,"cards_obtained":["Doubt"]},{"cards_removed":["Doubt"],"damage_healed":0,"gold_gain":0,"player_choice":"Forget","damage_taken":0,"max_hp_gain":0,"max_hp_loss":0,"event_name":"Living Wall","floor":4,"gold_loss":0},{"damage_healed":0,"gold_gain":0,"player_choice":"Obtained Relic","damage_taken":0,"relics_obtained":["Letter Opener"],"max_hp_gain":0,"max_hp_loss":0,"event_name":"Addict","floor":21,"gold_loss":85},{"damage_healed":0,"gold_gain":0,"player_choice":"Ignored","damage_taken":0,"max_hp_gain":0,"max_hp_loss":0,"event_name":"The Mausoleum","floor":31,"gold_loss":0},{"damage_healed":0,"gold_gain":0,"player_choice":"Ignored","damage_taken":0,"max_hp_gain":0,"max_hp_loss":0,"event_name":"Tomb of Lord Red Mask","floor":47,"gold_loss":0}],"is_beta":false,"boss_relics":[{"not_picked":["SlaversCollar","Astrolabe"],"picked":"Pandora\u0027s Box"},{"not_picked":["Runic Cube","Tiny House"],"picked":"Coffee Dripper"}],"items_purged_floors":[5,20,39,45],"is_endless":false,"potions_floor_spawned":[1,12,13,14,18,19,22,36,41,42,48],"ascension_level":20}}