{"host":"y76x98twjnyyxs83","time":1611072739,"event":{"mods":["BaseMod","Colored Powertips","Minty Spire (QoL Compilation)","Permanent Neow","Quick Restart","Rare Cards Sparkle","Relic Stats","StSLib"],"gold_per_floor":[109,125,125,139,64,97,97,123,123,123,133,146,160,160,160,232,232,246,27,38,38,50,82,82,82],"floor_reached":24,"language":"ENG","playtime":1113,"items_purged":["Strike_G"],"score":433,"play_id":"5cde75d9-6e1f-4279-9507-d698c76a058d","local_time":"20210120001219","is_ascension_mode":true,"campfire_choices":[{"data":"Neutralize","floor":7.0,"key":"SMITH"},{"data":"Cloak And Dagger","floor":10.0,"key":"SMITH"},{"data":"Deadly Poison","floor":15,"key":"SMITH"}],"circlet_count":0,"master_deck":["AscendersBane","Strike_G","Strike_G","Strike_G","Defend_G","Defend_G","Defend_G","Defend_G","Defend_G","Survivor","Neutralize+1","Skewer+1","Cloak And Dagger+1","Terror","Escape Plan","Blade Dance","Escape Plan","Cloak And Dagger","Deadly Poison+1","Adrenaline","Blade Dance","Dagger Spray+1","Footwork","Dagger Throw+1","Footwork","Well Laid Plans+1","Bouncing Flask"],"relics":["Ring of the Snake","Pear","Molten Egg 2","White Beast Statue","SlaversCollar","Art of War"],"acts_visited":["Exordium","TheCity"],"potions_floor_usage":[16,18,20,22,23,24],"damage_taken":[{"damage":2.0,"enemies":"Jaw Worm","floor":1.0,"turns":6.0},{"damage":9.0,"enemies":"Small Slimes","floor":2.0,"turns":4.0},{"damage":4.0,"enemies":"Cultist","floor":4.0,"turns":3.0},{"damage":6.0,"enemies":"Lagavulin","floor":6.0,"turns":6.0},{"damage":6.0,"enemies":"Gremlin Nob","floor":8.0,"turns":3.0},{"damage":0.0,"enemies":"2 Fungi Beasts","floor":11.0,"turns":5.0},{"damage":13.0,"enemies":"Lots of Slimes","floor":12.0,"turns":4.0},{"damage":0.0,"enemies":"3 Louse","floor":13.0,"turns":3.0},{"damage":10,"enemies":"Hexaghost","floor":16,"turns":8},{"damage":15,"enemies":"2 Thieves","floor":18,"turns":4},{"damage":9,"enemies":"3 Byrds","floor":20,"turns":6},{"damage":11,"enemies":"Snecko","floor":22,"turns":5},{"damage":30,"enemies":"Slavers","floor":23,"turns":10},{"damage":12,"enemies":"Shelled Parasite and Fungi","floor":24,"turns":4}],"seed_played":"7533134308356517403","potions_obtained":[{"floor":0.0,"key":"FearPotion"},{"floor":0.0,"key":"ColorlessPotion"},{"floor":4.0,"key":"Fire Potion"},{"floor":11.0,"key":"Fruit Juice"},{"floor":12.0,"key":"Strength Potion"},{"floor":13.0,"key":"DuplicationPotion"},{"floor":16,"key":"DuplicationPotion"},{"floor":18,"key":"FearPotion"},{"floor":20,"key":"Weak Potion"},{"floor":22,"key":"Dexterity Potion"},{"floor":23,"key":"Energy Potion"}],"is_trial":false,"path_per_floor":["M","M","?","M","?","E","R","E","T","R","M","M","M","?","R","B",null,"M","$","M","?","M","E","M"],"character_chosen":"THE_SILENT","items_purchased":["Dagger Spray+1","Footwork"],"campfire_rested":0,"item_purchase_floors":[19,19],"current_hp_per_floor":[57,48,48,44,44,48,48,42,42,42,42,29,34,34,34,24,67,52,52,43,43,32,2,0,0],"gold":82,"neow_bonus":"THREE_SMALL_POTIONS","is_daily":false,"chose_seed":false,"campfire_upgraded":3,"win_rate":0.0,"timestamp":1611072739,"path_taken":["M","M","?","M","?","E","R","E","T","R","M","M","M","?","R","BOSS","M","$","?","?","M","E","M"],"items_purchased_type":["Card","Card"],"build_version":"2020-12-22","purchased_purges":1,"victory":false,"max_hp_per_floor":[66,66,66,66,66,76,76,76,76,76,76,76,81,81,81,81,81,81,81,81,81,81,81,81,81],"relic_stats":{"counters":[14,71],"Art of War":[0],"obtain_stats":[{"SlaversCollar":17,"Pear":6,"Molten Egg 2":8,"Art of War":23,"White Beast Statue":9,"Ring of the Snake":0},{"SlaversCollar":9,"Pear":4,"Molten Egg 2":5,"Art of War":13,"White Beast Statue":5,"Ring of the Snake":0},{"SlaversCollar":42,"Pear":19,"Molten Egg 2":22,"Art of War":67,"White Beast Statue":22,"Ring of the Snake":0}],"Ring of the Snake":[28]},"card_choices":[{"not_picked":["Flechettes","Quick Slash"],"picked":"Skewer","floor":1.0},{"not_picked":["Well Laid Plans","Sucker Punch"],"picked":"Cloak And Dagger","floor":2.0},{"not_picked":["Acrobatics","Dodge and Roll"],"picked":"Terror","floor":4.0},{"not_picked":["Dodge and Roll","Quick Slash"],"picked":"Escape Plan","floor":6.0},{"not_picked":["Distraction","Outmaneuver","Backflip"],"picked":"SKIP","floor":8.0},{"not_picked":["Deflect","Backflip"],"picked":"Blade Dance","floor":11.0},{"not_picked":["Acrobatics","Catalyst"],"picked":"Escape Plan","floor":12.0},{"not_picked":["Blade Dance","Acrobatics"],"picked":"Cloak And Dagger","floor":13.0},{"not_picked":["Burst","Venomology"],"picked":"Adrenaline","floor":16},{"not_picked":["Slice+1","Sucker Punch+1"],"picked":"Blade Dance","floor":18},{"not_picked":["Flechettes+1","Quick Slash+1"],"picked":"Dagger Throw+1","floor":20},{"not_picked":["Outmaneuver","Dagger Spray+1"],"picked":"Well Laid Plans+1","floor":22},{"not_picked":["Concentrate","Calculated Gamble"],"picked":"Bouncing Flask","floor":23}],"player_experience":1166014,"relics_obtained":[{"floor":6.0,"key":"Pear"},{"floor":8.0,"key":"Molten Egg 2"},{"floor":9.0,"key":"White Beast Statue"},{"floor":23,"key":"Art of War"}],"event_choices":[{"damage_healed":0.0,"max_hp_gain":0.0,"max_hp_loss":0.0,"gold_gain":0.0,"event_name":"Living Wall","player_choice":"Grow","floor":3.0,"gold_loss":0.0,"damage_taken":0.0,"cards_upgraded":["Skewer"]},{"cards_removed":["Strike_G"],"damage_healed":0.0,"max_hp_gain":0.0,"max_hp_loss":0.0,"gold_gain":0.0,"event_name":"The Cleric","player_choice":"Card Removal","floor":5.0,"gold_loss":75.0,"damage_taken":0.0},{"damage_healed":0,"gold_gain":0,"player_choice":"1 cards matched","damage_taken":0,"max_hp_gain":0,"max_hp_loss":0,"event_name":"Match and Keep!","floor":14,"gold_loss":0,"cards_obtained":["Deadly Poison"]},{"damage_healed":0,"gold_gain":0,"player_choice":"Copied","damage_taken":0,"max_hp_gain":0,"max_hp_loss":0,"event_name":"Duplicator","floor":21,"gold_loss":0,"cards_obtained":["Footwork"]}],"is_beta":false,"boss_relics":[{"not_picked":["Empty Cage","Busted Crown"],"picked":"SlaversCollar"}],"items_purged_floors":[19],"is_endless":false,"potions_floor_spawned":[2,4,11,12,13,16,18,20,22,23],"killed_by":"Shelled Parasite and Fungi","ascension_level":18}}