{"host":"cxvb37eaaiijvrl4","time":1611047000,"event":{"mods":["ATMod(阿瑾Mod)","BaseMod","Better Third Choice","Minty Spire (QoL Compilation)","MostiFishMod","Quick Restart","Rare Cards Sparkle","Shop Mod","Spicy Shops","StSLib","TestMod","Uncapped","残留之物"],"gold_per_floor":[112,122,141,541,559,685,685,697,750,777,788,411,411,441,441,512,512,530,455,471,210,210,267,267,308,308,308,415,510,537,646,646,749,749,791,934,934,636,728,879,920,920,920,920,920,970,690,833,833,858,983,983,983,983,1058,1083],"floor_reached":57,"language":"ZHS","playtime":1428,"items_purged":["ReachHeaven","MostiFishMod:Nomercy","Worship+1"],"score":3520,"play_id":"ffc1d65c-b038-464f-817d-99d7aa1c463b","local_time":"20210119010320","is_ascension_mode":true,"campfire_choices":[{"data":"AT_KingSlayer","floor":7.0,"key":"SMITH"},{"data":"Madness","floor":15.0,"key":"SMITH"},{"data":"Vault","floor":24.0,"key":"SMITH"},{"data":"Eruption","floor":27,"key":"SMITH"},{"data":"Vigilance","floor":32,"key":"SMITH"},{"data":"MostiFishMod:Minus+2","floor":42,"key":"SMITH"},{"data":"MostiFishMod:Minus+3","floor":45,"key":"SMITH"},{"floor":49,"key":"RECALL"},{"data":"MostiFishMod:Speedup","floor":53,"key":"SMITH"}],"circlet_count":0,"master_deck":["AscendersBane","Eruption+1","Vigilance+1","AT_KingSlayer+1","LessonLearned+1","Pray+1","Prostrate+1","Madness+1","Vault+1","MostiFishMod:Minus+8","Adaptation+1","MostiFishMod:Speedup+1"],"relics":["PureWater","DaveBox","AT_ATBox","Pandora\u0027s Box","testmod-Brilliant","NeowsBlessing","SynthV:TestCard","AT_EbonyIvory","Singing Bowl","ClockworkSouvenir","Bag of Marbles","ShadowXiaoBlade","AT_MibuBalloonWealth","Nilry\u0027s Codex","Damaru","testmod-ConstraintPeriapt","PlaceholderMod:DeVermisMysteriis","Orichalcum","PlaceholderMod:SoulofChaos","PatriotShield","Lantern","Potion Belt","PreservedInsect","War Paint","testmod-LifeArmor"],"acts_visited":["Exordium","TheCity","TheBeyond","TheEnding"],"potions_floor_usage":[39],"damage_taken":[{"damage":0.0,"enemies":"Jaw Worm","floor":1.0,"turns":1.0},{"damage":0.0,"enemies":"2 Louse","floor":2.0,"turns":1.0},{"damage":0.0,"enemies":"Small Slimes","floor":3.0,"turns":1.0},{"damage":0.0,"enemies":"Exordium Thugs","floor":5.0,"turns":1.0},{"damage":0.0,"enemies":"Lagavulin","floor":6.0,"turns":2.0},{"damage":0.0,"enemies":"Looter","floor":8.0,"turns":1.0},{"damage":0.0,"enemies":"Gremlin Nob","floor":10.0,"turns":2.0},{"damage":0.0,"enemies":"Blue Slaver","floor":11.0,"turns":1.0},{"damage":20.0,"enemies":"Lagavulin","floor":14.0,"turns":4.0},{"damage":14.0,"enemies":"Hexaghost","floor":16.0,"turns":4.0},{"damage":0.0,"enemies":"3 Byrds","floor":18.0,"turns":1.0},{"damage":13.0,"enemies":"Shell Parasite","floor":20.0,"turns":2.0},{"damage":0.0,"enemies":"Book of Stabbing","floor":23.0,"turns":1.0},{"damage":0,"enemies":"Snake Plant","floor":25,"turns":1},{"damage":0,"enemies":"Slavers","floor":28,"turns":2},{"damage":0,"enemies":"3 Cultists","floor":29,"turns":1},{"damage":0,"enemies":"Gremlin Leader","floor":31,"turns":1},{"damage":4,"enemies":"Champ","floor":33,"turns":2},{"damage":0,"enemies":"Orb Walker","floor":35,"turns":1},{"damage":0,"enemies":"3 Darklings","floor":36,"turns":1},{"damage":0,"enemies":"Jaw Worm Horde","floor":39,"turns":1},{"damage":0,"enemies":"Reptomancer","floor":40,"turns":2},{"damage":0,"enemies":"Writhing Mass","floor":41,"turns":3},{"damage":0,"enemies":"Maw","floor":48,"turns":4},{"damage":0,"enemies":"Time Eater","floor":50,"turns":6},{"damage":0,"enemies":"Awakened One","floor":51,"turns":6},{"damage":0,"enemies":"Shield and Spear","floor":55,"turns":2},{"damage":2,"enemies":"The Heart","floor":56,"turns":1}],"seed_played":"-141881199480373837","potions_obtained":[{"floor":3.0,"key":"DistilledChaos"},{"floor":5.0,"key":"testmod-TestPotion"},{"floor":6.0,"key":"Swift Potion"},{"floor":20.0,"key":"Dexterity Potion"},{"floor":31,"key":"DuplicationPotion"},{"floor":39,"key":"Fruit Juice"},{"floor":40,"key":"SpeedPotion"}],"is_trial":false,"path_per_floor":["M","M","M","?","M","E","R","M","T","E","M","$","?","E","R","B",null,"M","?","M","$","?","E","R","M","T","R","E","M","T","E","R","B",null,"M","M","?","$","M","E","M","R","T","?","R","?","$","M","R","B","B",null,"R","$","E","B",null],"character_chosen":"WATCHER","items_purchased":["ClockworkSouvenir","Madness","AT_MibuBalloonWealth","Lantern","War Paint","MostiFishMod:Speedup"],"campfire_rested":0,"item_purchase_floors":[12,12,21,38,47,47],"current_hp_per_floor":[61,61,61,61,61,61,61,61,61,63,65,65,70,52,52,38,69,71,71,60,60,39,41,41,43,43,43,46,48,48,50,50,48,82,84,87,90,90,97,99,103,103,103,106,106,109,109,111,111,111,111,111,111,111,113,111],"gold":1083,"neow_bonus":"THREE_ENEMY_KILL","is_daily":false,"chose_seed":false,"campfire_upgraded":8,"win_rate":0.0,"timestamp":1611047000,"path_taken":["M","M","M","?","M","E","R","M","T","E","M","$","?","E","R","BOSS","M","?","M","?","?","E","R","M","T","R","E","M","?","E","R","BOSS","M","M","?","$","M","E","M","R","T","?","R","?","$","M","R","BOSS","BOSS","R","$","E","BOSS"],"items_purchased_type":["Relic","Card","Relic","Relic","Relic","Card"],"build_version":"2020-12-22","purchased_purges":3,"victory":true,"max_hp_per_floor":[68,68,68,68,68,68,68,68,68,70,72,72,77,79,79,79,79,81,81,83,83,83,85,85,87,87,87,89,91,91,93,93,93,93,95,97,100,100,107,107,109,109,109,106,106,109,109,111,111,111,111,111,111,111,113,113],"card_choices":[{"not_picked":["SashWhip","Wireheading","Swivel"],"picked":"SKIP","floor":1.0},{"not_picked":["Weave","SashWhip","MostiFishMod:Speedup","Evaluate","ClearTheMind"],"picked":"SKIP","floor":2.0},{"not_picked":["PathToVictory","FlurryOfBlows","BowlingBash","JustLucky"],"picked":"Prostrate","floor":3.0},{"not_picked":["CarveReality","Protect","EmptyFist","MostiFishMod:DustFall","FlurryOfBlows"],"picked":"SKIP","floor":5.0},{"not_picked":["MostiFishMod:FlowState","EmptyBody","EmptyFist","SashWhip","EmptyMind"],"picked":"SKIP","floor":6.0},{"not_picked":["JustLucky","Prostrate","Halt","Swivel","MostiFishMod:Clarity"],"picked":"SKIP","floor":8.0},{"not_picked":["CrushJoints","PathToVictory","MostiFishMod:Nomercy","JustLucky","WaveOfTheHand"],"picked":"Singing Bowl","floor":10.0},{"not_picked":["MostiFishMod:StarOceanP","EmptyFist","Consecrate","ThirdEye","Fasting2"],"picked":"Singing Bowl","floor":11.0},{"not_picked":["Protect","SignatureMove","SashWhip","MostiFishMod:LegendTransform","AT_DivineConfetti"],"picked":"Singing Bowl","floor":14.0},{"not_picked":["MostiFishMod:StarLaLaLa","Alpha","Devotion","MostiFishMod:ScryFuture"],"picked":"Vault","floor":16.0},{"not_picked":["Protect","EmptyFist","BowlingBash","Collect","Vengeance"],"picked":"Singing Bowl","floor":18.0},{"not_picked":["EmptyBody+1","ThirdEye","SashWhip","JustLucky","Protect"],"picked":"Singing Bowl","floor":20.0},{"not_picked":["ThirdEye","FlyingSleeves","BowlingBash","PathToVictory","ReachHeaven"],"picked":"Singing Bowl","floor":23.0},{"not_picked":["MostiFishMod:FlowState","SandsOfTime","CarveReality+1","Judgement","CutThroughFate"],"picked":"Singing Bowl","floor":25},{"not_picked":["Indignation","Prostrate","SashWhip","SpiritShield","Crescendo"],"picked":"Singing Bowl","floor":28},{"not_picked":["FollowUp","Evaluate","Prostrate","SignatureMove","Protect"],"picked":"Singing Bowl","floor":29},{"not_picked":["BowlingBash","Sanctity","Swivel","Halt","MostiFishMod:CyberBuddha"],"picked":"Singing Bowl","floor":31},{"not_picked":["DevaForm","LessonLearned","AT_RealColorLess","DeusExMachina"],"picked":"MostiFishMod:Minus","floor":33},{"not_picked":["BowlingBash","ThirdEye","SandsOfTime","Evaluate+1","SashWhip+1"],"picked":"Singing Bowl","floor":35},{"not_picked":["ClearTheMind+1","CutThroughFate","Nirvana+1","ThirdEye","FollowUp+1"],"picked":"Singing Bowl","floor":36},{"not_picked":["ThirdEye","Halt","WheelKick+1","FlyingSleeves","MostiFishMod:PathToVictory"],"picked":"Singing Bowl","floor":39},{"not_picked":["Conclude","Swivel","Halt","MostiFishMod:Unraveling"],"picked":"Adaptation","floor":40},{"not_picked":["FlyingSleeves","Evaluate","FlurryOfBlows+1","Tantrum+1","CutThroughFate+1"],"picked":"Singing Bowl","floor":41},{"not_picked":["EmptyBody","Prostrate","FlyingSleeves","EmptyFist+1","PathToVictory+1"],"picked":"Singing Bowl","floor":48},{"not_picked":["Halt+1","ForeignInfluence+1","FlyingSleeves","JustLucky","Nirvana"],"picked":"Singing Bowl","floor":55}],"player_experience":690189,"relics_obtained":[{"floor":1.0,"key":"SynthV:TestCard"},{"floor":6.0,"key":"AT_EbonyIvory"},{"floor":10.0,"key":"Singing Bowl"},{"floor":14.0,"key":"Bag of Marbles"},{"floor":22.0,"key":"Nilry\u0027s Codex"},{"floor":23.0,"key":"Damaru"},{"floor":26,"key":"testmod-ConstraintPeriapt"},{"floor":28,"key":"PlaceholderMod:DeVermisMysteriis"},{"floor":30,"key":"Orichalcum"},{"floor":31,"key":"PlaceholderMod:SoulofChaos"},{"floor":40,"key":"Potion Belt"},{"floor":43,"key":"PreservedInsect"},{"floor":55,"key":"testmod-LifeArmor"}],"event_choices":[{"damage_healed":0.0,"max_hp_gain":0.0,"max_hp_loss":0.0,"gold_gain":400.0,"event_name":"恩洛斯的盘子","player_choice":"Sell","floor":4.0,"relics_lost":["testmod-TestBox"],"gold_loss":0.0,"damage_taken":0.0},{"damage_healed":0.0,"max_hp_gain":5.0,"max_hp_loss":0.0,"gold_gain":0.0,"event_name":"Big Fish","player_choice":"Donut","floor":13.0,"gold_loss":0.0,"damage_taken":0.0},{"cards_removed":["SandsOfTime"],"damage_healed":0.0,"max_hp_gain":0.0,"max_hp_loss":0.0,"gold_gain":0.0,"event_name":"Beggar","player_choice":"Gave Gold","floor":19.0,"gold_loss":75.0,"damage_taken":0.0},{"damage_healed":0.0,"max_hp_gain":0.0,"max_hp_loss":0.0,"gold_gain":0.0,"event_name":"Cursed Tome","player_choice":"Obtained Book","floor":22.0,"gold_loss":0.0,"damage_taken":21.0},{"cards_removed":["AT_ChampionKick"],"damage_healed":0,"gold_gain":0,"player_choice":"Removed Attack","damage_taken":0,"max_hp_gain":0,"max_hp_loss":0,"event_name":"Falling","floor":37,"gold_loss":0},{"damage_healed":0,"gold_gain":0,"player_choice":"Max HP","damage_taken":0,"max_hp_gain":0,"max_hp_loss":6,"event_name":"Winding Halls","floor":44,"gold_loss":0},{"damage_healed":0,"gold_gain":50,"player_choice":"Pray","damage_taken":0,"max_hp_gain":0,"max_hp_loss":0,"event_name":"Golden Shrine","floor":46,"gold_loss":0}],"is_beta":false,"boss_relics":[{"not_picked":["RhineCircuit","testmod-IncinerationGenerator"],"picked":"ShadowXiaoBlade"},{"not_picked":["MostiFishMod:Hod","Coffee Dripper"],"picked":"PatriotShield"}],"items_purged_floors":[12,21,38],"is_endless":false,"potions_floor_spawned":[3,5,6,11,20,29,31,39,40,41],"ascension_level":20}}