{"host":"k9m1r4kqf7qgss6a","time":1611035545,"event":{"mods":["Abigail Mod","Act Like it!","Aspiration","Bard","BaseMod","Challenge The Spire","Colored Map","Colored Powertips","Conspire","FutureSeer","Highlight Path","Hubris","HumanHunterMod(怪物杀人mod)","Hunter 猎人","Infinite Spire","Marisa（F雨　魔理沙）","Minty Spire (QoL Compilation)","MostiFishMod","Pale of the Ancients","Reimu（博丽灵梦）","Relic Stats","Remilia（蕾米莉亚）","Replay The Spire","RumiaBox-露米娅的神秘盒子","Shop Mod","StSLib","TestMod","The Administrix","The Animator","The Bladedancer","The Bug Knight","The Construct","The Cursed","The Death Knight","The Gatherer","The Poker Player","The Runesmith","The Servant 0.9.4","Waifu the Spire","Youmu（魂魄妖梦）","Yuyuko","[GremlinLeader]The Maniac","vexMod","【功能Mod】混沌之环修复补丁","【功能Mod】聪明的最终Boss"],"gold_per_floor":[112,126,140,140,140,168,28,61,61,90,118,144,144,77,77,202,252,372,372,372,403,436,436,463,489,516,578,132,62,95,125,125,153,203,228,228,97,97,27,27,27,64,64,97,97,129,170,201,201,130,305,305],"floor_reached":51,"language":"ZHS","playtime":3620,"items_purged":["ReplayTheSpireMod:Restless Dread"],"score":3209,"play_id":"d735f373-2928-45b1-8d76-f4b733ffb5c9","local_time":"20210119135225","daily_mods":["SealedDeck","Heirloom","Flight","DeadlyEvents","Elite Swarm"],"is_ascension_mode":true,"campfire_choices":[{"data":"BloodySeventeenLaser","floor":13.0,"key":"SMITH"},{"data":"KillingBlow","floor":15.0,"key":"SMITH"},{"data":"HellCatastrophe","floor":23.0,"key":"SMITH"},{"data":"ScarletCoffin","floor":32.0,"key":"SMITH"},{"data":"ScarletDream","floor":40.0,"key":"SMITH"},{"data":"TwelveNightmare","floor":49,"key":"SMITH"}],"circlet_count":0,"master_deck":["AscendersBane","UnstableMagic","ScarletSymphony+1","RedRainbow","Maim+1","BloodHunter+1","DiffusionOfMisfortune","LeisurelyOfLord","ScarletDream+1","TwelveNightmare+1","GlobalNightmare+1","VampireKiss+1","BloodyMagicSquare","RedNightlessCastle","TricksterDevil+1","MastersStateliness+1","MastersStateliness+1","FitfulNightmare+1","BatForm+1","DemonKingCradle+1","BloodySeventeenLaser+1","CurseOfVladTepes+1","KillingBlow+1","TransientEternity+1","HellCatastrophe+1","BatForm+1","ScarletCoffin+1","QueenOfMidnight+1","ReplayTheSpireMod:IOU","ReplayTheSpireMod:IOU","ReplayTheSpireMod:IOU","CurseOfVladTepes+1","ForecastOfChange+1","ScarletCoffin","ReplayTheSpireMod:IOU","ReplayTheSpireMod:IOU","ReplayTheSpireMod:IOU","ReplayTheSpireMod:IOU","ReplayTheSpireMod:IOU","EternalNight","EternalNight","EquivalentExchange+1","EquivalentExchange+1","TransientEternity+1","BatForm+1","BloodyHallows+1","ScarletMeister+1","MastersStateliness+1","CeilingFear+1"],"relics":["ScarletHat","testmod-TestBox","testmod-AscensionHeart","The Courier","OriginationStaff","Frozen Egg 2","Kunai","Replay:Wax Seal","ReplayTheSpireMod:CursedCoin","testmod-Justice","testmod-ArcanaOfDestiny","aspiration:FetidBarrel","vexMod:ScavengeHelm","MagicDraw3","Blue Doll","hubris:MobiusCoin","Ccalipers","Tiny House","hubris:BottledHeart","aspiration:RitualStick","RedBat","Ancient Tea Set","War Paint","MawBank","EasyGame_NEW","Bag of Preparation","MerchantsRug","ClockworkSouvenir","Replay:Rubber Ducky","Akabeko","GodSword6","SSSystem","Sling","ChiXiaoBlade","infinitespire:EvilPickle","DaveBox","MagicDraw2","Dodecahedron","vexMod:RetaliationKit","Runesmith:AutoHammer","GuanYuAspect","ArrowTower","Pen Nib","CrazyTorch:ReiMu","ScarletDevilRocket","Golden Egg","testmod-Antiphasic"],"acts_visited":["Exordium","TheCity","TheBeyond"],"potions_floor_usage":[50,50,50],"damage_taken":[{"damage":3.0,"enemies":"Jaw Worm","floor":1.0,"turns":2.0},{"damage":6.0,"enemies":"conspire:RoseBush","floor":2.0,"turns":1.0},{"damage":0.0,"enemies":"Cultist","floor":3.0,"turns":6.0},{"damage":35.0,"enemies":"Replay:BlueRogue","floor":6.0,"turns":3.0},{"damage":0.0,"enemies":"Gremlin Nob","floor":8.0,"turns":3.0},{"damage":95.0,"enemies":"Lagavulin","floor":10.0,"turns":6.0},{"damage":39.0,"enemies":"Gremlin Nob","floor":11.0,"turns":4.0},{"damage":8.0,"enemies":"Lagavulin","floor":12.0,"turns":3.0},{"damage":0.0,"enemies":"3 Sentries","floor":14.0,"turns":6.0},{"damage":70.0,"enemies":"Fading Forest","floor":16.0,"turns":7.0},{"damage":0.0,"enemies":"3 Byrds","floor":18.0,"turns":3.0},{"damage":0.0,"enemies":"Replay:Snechameleon","floor":21.0,"turns":4.0},{"damage":0.0,"enemies":"Book of Stabbing","floor":22.0,"turns":4.0},{"damage":0.0,"enemies":"Slavers","floor":24.0,"turns":5.0},{"damage":0.0,"enemies":"Nightmare","floor":25.0,"turns":2.0},{"damage":0.0,"enemies":"Book of Stabbing","floor":30.0,"turns":2.0},{"damage":0.0,"enemies":"HollowMod:Nosk","floor":31.0,"turns":1.0},{"damage":0.0,"enemies":"Pondfish","floor":33.0,"turns":3.0},{"damage":0.0,"enemies":"3 Shapes","floor":35.0,"turns":1.0},{"damage":0.0,"enemies":"Nemesis","floor":42.0,"turns":1.0},{"damage":0,"enemies":"Nightmare","floor":44,"turns":1},{"damage":0,"enemies":"Giant Head","floor":46,"turns":3},{"damage":0,"enemies":"HollowMod:StalkingDevout","floor":47,"turns":1},{"damage":0,"enemies":"Orb Walker","floor":48,"turns":2},{"damage":0,"enemies":"Donu and Deca","floor":50,"turns":15},{"damage":3,"enemies":"Awakened One","floor":51,"turns":6}],"seed_played":"-2529522936893059468","potions_obtained":[{"floor":1.0,"key":"GrandPatriotsElixir:ReiMu"},{"floor":3.0,"key":"Death Potion"},{"floor":8.0,"key":"SkillPotion"},{"floor":30.0,"key":"SkillPotion"},{"floor":33.0,"key":"AttackPotion"},{"floor":35.0,"key":"PowerPotion"}],"is_trial":true,"path_per_floor":["M","M","M","?","?","E","$","E","T","E","E","E","R","E","R","B",null,"M","?","?","E","E","R","E","NM","T","AVR","$","$","E","E","R","B",null,"M","?","$","?","$","R","AVR","E","T","NM","$","E","E","M","R","B","B"],"character_chosen":"REMILIA","items_purchased":["Replay:Wax Seal","ReplayTheSpireMod:CursedCoin","testmod-Justice","testmod-ArcanaOfDestiny","MastersStateliness+1","FitfulNightmare+1","MerchantsRug","ClockworkSouvenir","Replay:Rubber Ducky","Akabeko","GodSword6","SSSystem","Sling","testmod-SpacePotion","MagicDraw2","Dodecahedron","vexMod:RetaliationKit","Runesmith:AutoHammer","EternalNight","EquivalentExchange+1"],"campfire_rested":0,"item_purchase_floors":[7,7,7,7,7,7,28,28,28,28,29,29,29,29,37,37,37,37,37,39],"current_hp_per_floor":[68,63,70,70,70,36,36,38,38,29,15,14,14,20,20,43,77,79,1,1,1,1,1,1,1,1,1,1,1,1,1,1,1,1,1,1,1,1,1,1,1,1,1,1,1,1,1,1,1,1,0,0],"gold":305,"neow_bonus":"","is_daily":false,"chose_seed":false,"campfire_upgraded":6,"win_rate":0.0,"timestamp":1611035545,"path_taken":["M","M","M","?","?","E","$","E","T","E","E","E","R","E","R","BOSS","M","?","?","?","?","R","E","NM","T","AVR","$","$","E","E","R","BOSS","M","?","$","?","?","R","AVR","?","T","NM","$","?","E","?","R","BOSS","BOSS"],"items_purchased_type":["Relic","Relic","Relic","Relic","Card","Card","Relic","Relic","Relic","Relic","Relic","Relic","Relic","Potion","Relic","Relic","Relic","Relic","Card","Card"],"build_version":"2020-12-22","purchased_purges":1,"victory":false,"max_hp_per_floor":[70,70,70,70,70,71,71,72,72,73,74,75,75,76,76,81,86,86,1,1,1,1,1,1,1,1,1,1,1,1,1,1,1,1,1,1,1,1,1,1,1,1,1,1,1,1,1,1,1,1,1,1],"relic_stats":{"counters":[26,95],"Pen Nib":[21],"Bag of Preparation":[22],"Kunai":[74],"War Paint":["Maim","GlobalNightmare"],"MawBank":24,"obtain_stats":[{"Golden Egg":46,"Tiny House":17,"ScarletDevilRocket":44,"DaveBox":0,"SSSystem":29,"Blue Doll":11,"Bag of Preparation":27,"MagicDraw3":10,"Ancient Tea Set":22,"Sling":29,"ScarletHat":0,"testmod-AscensionHeart":0,"aspiration:RitualStick":20,"MagicDraw2":37,"RedBat":21,"ClockworkSouvenir":28,"Replay:Rubber Ducky":28,"GuanYuAspect":41,"Ccalipers":14,"Kunai":6,"Replay:Wax Seal":7,"vexMod:RetaliationKit":37,"testmod-ArcanaOfDestiny":7,"hubris:MobiusCoin":12,"MerchantsRug":28,"testmod-TestBox":0,"Dodecahedron":37,"ReplayTheSpireMod:CursedCoin":7,"aspiration:FetidBarrel":8,"vexMod:ScavengeHelm":9,"The Courier":0,"Pen Nib":42,"Frozen Egg 2":4,"testmod-Justice":7,"War Paint":25,"MawBank":26,"Akabeko":28,"infinitespire:EvilPickle":34,"testmod-Antiphasic":47,"hubris:BottledHeart":19,"ChiXiaoBlade":34,"CrazyTorch:ReiMu":43,"OriginationStaff":0,"GodSword6":29,"Runesmith:AutoHammer":37,"ArrowTower":41,"EasyGame_NEW":27},{"Golden Egg":22,"Tiny House":10,"ScarletDevilRocket":21,"DaveBox":0,"SSSystem":15,"Blue Doll":7,"Bag of Preparation":15,"MagicDraw3":6,"Ancient Tea Set":13,"Sling":15,"ScarletHat":0,"testmod-AscensionHeart":0,"aspiration:RitualStick":11,"MagicDraw2":19,"RedBat":12,"ClockworkSouvenir":15,"Replay:Rubber Ducky":15,"GuanYuAspect":19,"Ccalipers":9,"Kunai":4,"Replay:Wax Seal":4,"vexMod:RetaliationKit":19,"testmod-ArcanaOfDestiny":4,"hubris:MobiusCoin":8,"MerchantsRug":15,"testmod-TestBox":0,"Dodecahedron":19,"ReplayTheSpireMod:CursedCoin":4,"aspiration:FetidBarrel":5,"vexMod:ScavengeHelm":5,"The Courier":0,"Pen Nib":20,"Frozen Egg 2":3,"testmod-Justice":4,"War Paint":15,"MawBank":15,"Akabeko":15,"infinitespire:EvilPickle":18,"testmod-Antiphasic":23,"hubris:BottledHeart":11,"ChiXiaoBlade":18,"CrazyTorch:ReiMu":20,"OriginationStaff":0,"GodSword6":15,"Runesmith:AutoHammer":19,"ArrowTower":19,"EasyGame_NEW":15},{"Golden Egg":71,"Tiny House":41,"ScarletDevilRocket":68,"DaveBox":0,"SSSystem":59,"Blue Doll":25,"Bag of Preparation":59,"MagicDraw3":21,"Ancient Tea Set":52,"Sling":59,"ScarletHat":0,"testmod-AscensionHeart":0,"aspiration:RitualStick":44,"MagicDraw2":66,"RedBat":48,"ClockworkSouvenir":59,"Replay:Rubber Ducky":59,"GuanYuAspect":66,"Ccalipers":34,"Kunai":12,"Replay:Wax Seal":12,"vexMod:RetaliationKit":66,"testmod-ArcanaOfDestiny":12,"hubris:MobiusCoin":28,"MerchantsRug":59,"testmod-TestBox":0,"Dodecahedron":66,"ReplayTheSpireMod:CursedCoin":12,"aspiration:FetidBarrel":15,"vexMod:ScavengeHelm":15,"The Courier":0,"Pen Nib":67,"Frozen Egg 2":9,"testmod-Justice":12,"War Paint":59,"MawBank":59,"Akabeko":59,"infinitespire:EvilPickle":65,"testmod-Antiphasic":72,"hubris:BottledHeart":44,"ChiXiaoBlade":65,"CrazyTorch:ReiMu":67,"OriginationStaff":0,"GodSword6":59,"Runesmith:AutoHammer":66,"ArrowTower":66,"EasyGame_NEW":59}],"aspiration:RitualStick":[1]},"card_choices":[{"not_picked":["BlasphemousPunishment","StarOfDavid"],"picked":"VampireKiss","floor":1.0},{"not_picked":["StarOfDavid","ScarletNetherworld"],"picked":"BloodyMagicSquare","floor":2.0},{"not_picked":["Maim","FavorOfDestiny"],"picked":"RedNightlessCastle","floor":3.0},{"not_picked":["ScarletMeister+1","CurseOfVladTepes+1"],"picked":"TricksterDevil+1","floor":6.0},{"not_picked":["ForecastOfChange","BloodRain"],"picked":"BatForm+1","floor":8.0},{"not_picked":["BloodRain","CurseOfVladTepes+1"],"picked":"DemonKingCradle+1","floor":10.0},{"not_picked":["KillingBlow","BatForm+1"],"picked":"BloodySeventeenLaser","floor":11.0},{"not_picked":["KillingBlow","BatForm+1"],"picked":"CurseOfVladTepes+1","floor":12.0},{"not_picked":["HeartBreak","BloodyHallows"],"picked":"KillingBlow","floor":14.0},{"not_picked":["ScarletMeister+1","DemonKingCradle+1"],"picked":"TransientEternity+1","floor":16.0},{"not_picked":["VampireKiss","UnstableMagic","DiffusionOfMisfortune"],"picked":"SKIP","floor":18.0},{"not_picked":["CeilingFear","ForecastOfChange"],"picked":"HellCatastrophe","floor":21.0},{"not_picked":["BloodyHallows","BloodRain"],"picked":"BatForm+1","floor":22.0},{"not_picked":["BatForm+1","BloodyCatastrophe"],"picked":"ScarletCoffin","floor":24.0},{"not_picked":["KillingBlow","BloodyHallows"],"picked":"QueenOfMidnight+1","floor":25.0},{"not_picked":["CeilingFear","BloodySeventeenLaser"],"picked":"CurseOfVladTepes+1","floor":30.0},{"not_picked":["BatForm+1","TricksterDevil+1"],"picked":"ForecastOfChange","floor":31.0},{"not_picked":["QueenOfMidnight+1","HeartBreak"],"picked":"ScarletCoffin","floor":33.0},{"not_picked":["BloodHunter","VampireKiss","BloodyMagicSquare"],"picked":"SKIP","floor":35.0},{"not_picked":["ForecastOfChange","BloodySeventeenLaser"],"picked":"TransientEternity+1","floor":42.0},{"not_picked":["ChaoticDestiny","CurseOfVladTepes+1"],"picked":"BatForm+1","floor":44},{"not_picked":["ChaoticDestiny","HellCatastrophe"],"picked":"BloodyHallows","floor":46},{"not_picked":["TransientEternity+1","BloodyCatastrophe"],"picked":"ScarletMeister+1","floor":47},{"not_picked":["DiffusionOfMisfortune","FavorOfDestiny"],"picked":"MastersStateliness+1","floor":48},{"not_picked":["ScarletCoffin","KillingBlow"],"picked":"CeilingFear","floor":50}],"player_experience":862046,"relics_obtained":[{"floor":6.0,"key":"Kunai"},{"floor":8.0,"key":"aspiration:FetidBarrel"},{"floor":9.0,"key":"vexMod:ScavengeHelm"},{"floor":10.0,"key":"MagicDraw3"},{"floor":11.0,"key":"Blue Doll"},{"floor":12.0,"key":"hubris:MobiusCoin"},{"floor":14.0,"key":"Ccalipers"},{"floor":21.0,"key":"RedBat"},{"floor":22.0,"key":"Ancient Tea Set"},{"floor":25.0,"key":"War Paint"},{"floor":26.0,"key":"MawBank"},{"floor":42.0,"key":"Pen Nib"},{"floor":43.0,"key":"CrazyTorch:ReiMu"},{"floor":44,"key":"ScarletDevilRocket"},{"floor":46,"key":"Golden Egg"},{"floor":47,"key":"testmod-Antiphasic"}],"event_choices":[{"damage_healed":0.0,"max_hp_gain":0.0,"max_hp_loss":0.0,"gold_gain":0.0,"event_name":"给自己的盒子","player_choice":"Swap Relic","floor":36.0,"relics_lost":["DaveBox"],"gold_loss":0.0,"damage_taken":0.0,"relics_obtained":["DaveBox"]}],"is_beta":false,"boss_relics":[{"not_picked":["Sozu","Ectoplasm"],"picked":"Tiny House"},{"not_picked":["FixedStarFall","conspire:SeveredTorchhead"],"picked":"ChiXiaoBlade"}],"items_purged_floors":[27],"is_endless":true,"potions_floor_spawned":[1,3,6,8,11,16,25,30,33,35,44,46],"killed_by":"Awakened One","ascension_level":20}}