{"host":"6gwm7y0tp7acoxay","time":1611061537,"event":{"mods":["BaseMod","Colored Map","Keyboard Shortcuts","Minty Spire (QoL Compilation)","Quick Restart","StSLib","SuperFastMode","everything is the same but u backflip on backflip"],"gold_per_floor":[112,187,187,200,200,239,280,280,280,311,350,388,388,424,424,515,515,538,478,478,393,138,176,211,255,255,288,321,321,359,406,406,511,511,527,49,382,382,405,438,467,467,543,570,570,600,626,659,659,659,659,659,659,3,37,37],"floor_reached":57,"language":"KOR","playtime":2638,"items_purged":["Rebound","Doom and Gloom"],"score":4265,"play_id":"e8ea99e7-6d77-48a7-914d-c1585223de8f","local_time":"20210119220537","daily_mods":["SealedDeck","Heirloom","Flight"],"is_ascension_mode":true,"campfire_choices":[{"data":"Defragment","floor":8.0,"key":"SMITH"},{"data":"Chaos","floor":13.0,"key":"SMITH"},{"data":"Coolheaded","floor":15.0,"key":"SMITH"},{"floor":32.0,"key":"DIG"},{"floor":42.0,"key":"RECALL"},{"floor":49,"key":"DIG"},{"floor":53,"key":"DIG"}],"circlet_count":0,"master_deck":["AscendersBane","Ball Lightning+1","BootSequence","Conserve Battery","Coolheaded+1","Beam Cell+1","Chill","Defragment+1","Gash+1","Chaos+1","Echo Form+1","Self Repair+1","Glacier+1","Biased Cognition+1","Creative AI+1","Capacitor+1","Turbo+1","Double Energy+1","Core Surge","Consume+1","Panacea+1","Enlightenment+1","Apotheosis+1","Amplify+1"],"relics":["Cracked Core","Shovel","Gambling Chip","The Courier","FossilizedHelix","Toxic Egg 2","Incense Burner","Prayer Wheel","Frozen Egg 2","Black Star","Vajra","Ice Cream","Meat on the Bone","Smiling Mask","Orichalcum","Question Card","MealTicket","Bag of Preparation","Pear","TungstenRod","Matryoshka","Symbiotic Virus","Emotion Chip","PreservedInsect","Nunchaku","Lizard Tail","CeramicFish","Ginger","Nuclear Battery","Cables","Torii","Omamori","Anchor","Bird Faced Urn","Unceasing Top","Boot","Blue Candle","Whetstone","Strawberry","Turnip","Dead Branch","Mango","Shuriken","Kunai","Gremlin Horn","Letter Opener","Akabeko","Toy Ornithopter"],"acts_visited":["Exordium","TheCity","TheBeyond","TheEnding"],"potions_floor_usage":[47,56,56],"damage_taken":[{"damage":0.0,"enemies":"2 Louse","floor":1.0,"turns":2.0},{"damage":0.0,"enemies":"Small Slimes","floor":4.0,"turns":3.0},{"damage":12.0,"enemies":"3 Sentries","floor":6.0,"turns":6.0},{"damage":0.0,"enemies":"Lagavulin","floor":7.0,"turns":5.0},{"damage":0.0,"enemies":"Gremlin Nob","floor":10.0,"turns":3.0},{"damage":0.0,"enemies":"Lagavulin","floor":11.0,"turns":5.0},{"damage":0.0,"enemies":"3 Sentries","floor":12.0,"turns":6.0},{"damage":0.0,"enemies":"Gremlin Nob","floor":14.0,"turns":3.0},{"damage":0.0,"enemies":"The Guardian","floor":16.0,"turns":7.0},{"damage":0.0,"enemies":"Spheric Guardian","floor":18.0,"turns":4.0},{"damage":20.0,"enemies":"Slavers","floor":23.0,"turns":8.0},{"damage":0.0,"enemies":"Gremlin Leader","floor":24.0,"turns":5.0},{"damage":48.0,"enemies":"Slavers","floor":25.0,"turns":5.0},{"damage":0.0,"enemies":"Gremlin Leader","floor":27.0,"turns":6.0},{"damage":14.0,"enemies":"Slavers","floor":28.0,"turns":8.0},{"damage":12.0,"enemies":"Book of Stabbing","floor":30.0,"turns":8.0},{"damage":19.0,"enemies":"Slavers","floor":31.0,"turns":7.0},{"damage":0.0,"enemies":"Collector","floor":33.0,"turns":7.0},{"damage":0.0,"enemies":"3 Darklings","floor":35.0,"turns":4.0},{"damage":0.0,"enemies":"Orb Walker","floor":39.0,"turns":4.0},{"damage":0.0,"enemies":"Giant Head","floor":40.0,"turns":6.0},{"damage":0.0,"enemies":"Nemesis","floor":41.0,"turns":5.0},{"damage":0.0,"enemies":"Giant Head","floor":46.0,"turns":6.0},{"damage":0,"enemies":"Reptomancer","floor":47,"turns":6},{"damage":0,"enemies":"Giant Head","floor":48,"turns":6},{"damage":9,"enemies":"Time Eater","floor":50,"turns":11},{"damage":17,"enemies":"Awakened One","floor":51,"turns":9},{"damage":0,"enemies":"Shield and Spear","floor":55,"turns":5},{"damage":14,"enemies":"The Heart","floor":56,"turns":11}],"seed_played":"1149564702298034672","potions_obtained":[{"floor":6.0,"key":"AttackPotion"},{"floor":14.0,"key":"PowerPotion"},{"floor":30.0,"key":"Swift Potion"},{"floor":31.0,"key":"SpeedPotion"},{"floor":33.0,"key":"Fruit Juice"},{"floor":46.0,"key":"Dexterity Potion"}],"is_trial":true,"path_per_floor":["M","?","?","M","?","E","E","R","T","E","E","E","R","E","R","B",null,"M","$","?","?","$","E","E","E","T","E","E","?","E","E","R","B",null,"M","$","?","?","M","E","E","R","T","?","?","E","E","E","R","B","B",null,"R","$","E","B",null],"character_chosen":"DEFECT","items_purchased":["Ice Cream","Cables","Torii","Gremlin Horn","Amplify+1","Letter Opener","Strength Potion"],"campfire_rested":0,"item_purchase_floors":[22,36,36,54,54,54,54],"current_hp_per_floor":[64,53,58,58,58,46,46,46,46,46,46,46,46,46,46,46,63,63,63,63,63,63,63,69,53,63,79,75,75,73,74,74,84,84,84,84,84,84,84,84,84,84,84,75,75,84,91,105,105,105,105,105,105,105,105,105],"gold":37,"neow_bonus":"","is_daily":false,"chose_seed":false,"campfire_upgraded":3,"win_rate":0.0,"timestamp":1611061537,"path_taken":["M","?","?","M","?","E","E","R","T","E","E","E","R","E","R","BOSS","M","$","?","?","$","E","E","E","T","E","E","?","E","E","R","BOSS","M","$","?","?","?","E","E","R","T","?","?","E","E","E","R","BOSS","BOSS","R","$","E","BOSS"],"items_purchased_type":["Relic","Relic","Relic","Relic","Card","Relic","Potion"],"build_version":"2020-12-22","purchased_purges":2,"victory":true,"max_hp_per_floor":[71,71,76,76,69,69,69,69,69,69,69,69,69,69,69,69,69,69,69,69,69,69,69,69,69,79,79,79,79,79,79,79,84,84,84,84,84,84,84,84,84,84,84,84,84,84,91,105,105,105,105,105,105,105,105,105],"card_choices":[{"not_picked":["Leap","Compile Driver","Conserve Battery"],"picked":"SKIP","floor":1.0},{"not_picked":["Turbo","Sweeping Beam","Ball Lightning"],"picked":"SKIP","floor":4.0},{"not_picked":["Tempest","Static Discharge","Thunder Strike"],"picked":"SKIP","floor":6.0},{"not_picked":["Leap","Streamline"],"picked":"Chaos","floor":7.0},{"not_picked":["Sunder","Loop","Conserve Battery+1"],"picked":"SKIP","floor":10.0},{"not_picked":["Turbo+1","Undo+1","Rebound"],"picked":"SKIP","floor":11.0},{"not_picked":["Ball Lightning","Chaos+1","Leap+1"],"picked":"SKIP","floor":12.0},{"not_picked":["Conserve Battery+1","Compile Driver","Stack+1"],"picked":"SKIP","floor":14.0},{"not_picked":["Biased Cognition+1","Machine Learning+1"],"picked":"Echo Form+1","floor":16.0},{"not_picked":["Double Energy+1","Streamline"],"picked":"Self Repair+1","floor":18.0},{"not_picked":["Redo+1","Streamline","Static Discharge+1"],"picked":"SKIP","floor":18.0},{"not_picked":["Compile Driver","Streamline+1"],"picked":"Biased Cognition+1","floor":23.0},{"not_picked":["Beam Cell","Auto Shields+1"],"picked":"Creative AI+1","floor":24.0},{"not_picked":["Leap+1","Storm+1","Sweeping Beam","Stack+1"],"picked":"SKIP","floor":25.0},{"not_picked":["Coolheaded+1","Cold Snap","Ball Lightning"],"picked":"Capacitor+1","floor":27.0},{"not_picked":["Steam+1","Hyperbeam","Leap+1","Genetic Algorithm+1"],"picked":"SKIP","floor":28.0},{"not_picked":["Compile Driver","Cold Snap","Conserve Battery+1"],"picked":"Turbo+1","floor":30.0},{"not_picked":["Redo+1","Fission+1","Rebound"],"picked":"Double Energy+1","floor":31.0},{"not_picked":["Biased Cognition+1","Seek+1","Amplify+1"],"picked":"Core Surge","floor":33.0},{"not_picked":["Hologram+1","Barrage","Redo+1","Double Energy+1"],"picked":"SKIP","floor":35.0},{"not_picked":["Beam Cell","Gash+1","Core Surge","Coolheaded+1"],"picked":"SKIP","floor":35.0},{"not_picked":["Turbo+1","Cold Snap+1","Aggregate+1"],"picked":"Consume+1","floor":39.0},{"not_picked":["Gash","Redo+1","Rebound","Sweeping Beam"],"picked":"SKIP","floor":39.0},{"not_picked":["Barrage+1","Turbo+1","Ball Lightning","Conserve Battery+1"],"picked":"SKIP","floor":40.0},{"not_picked":["Undo+1","Coolheaded+1","Rebound","FTL"],"picked":"SKIP","floor":41.0},{"not_picked":["The Bomb+1","Discovery+1","Chrysalis+1"],"picked":"Panacea+1","floor":44.0},{"not_picked":["Impatience+1","Dark Shackles+1","Discovery+1"],"picked":"Enlightenment+1","floor":44.0},{"not_picked":["Forethought+1","Dark Shackles+1","Flash of Steel"],"picked":"Apotheosis+1","floor":44.0},{"not_picked":["Rebound","Gash","Undo+1","Turbo+1"],"picked":"SKIP","floor":46.0},{"not_picked":["Undo+1","Compile Driver","Tempest+1","Sweeping Beam"],"picked":"SKIP","floor":47},{"not_picked":["Steam+1","Doom and Gloom","Loop+1","Coolheaded+1"],"picked":"SKIP","floor":48},{"not_picked":["Stack+1","Compile Driver+1","Beam Cell","Gash"],"picked":"SKIP","floor":55}],"player_experience":4425938,"relics_obtained":[{"floor":6.0,"key":"Gambling Chip"},{"floor":7.0,"key":"The Courier"},{"floor":9.0,"key":"FossilizedHelix"},{"floor":10.0,"key":"Toxic Egg 2"},{"floor":11.0,"key":"Incense Burner"},{"floor":12.0,"key":"Prayer Wheel"},{"floor":14.0,"key":"Frozen Egg 2"},{"floor":23.0,"key":"Meat on the Bone"},{"floor":23.0,"key":"Smiling Mask"},{"floor":24.0,"key":"Orichalcum"},{"floor":24.0,"key":"Question Card"},{"floor":25.0,"key":"MealTicket"},{"floor":25.0,"key":"Bag of Preparation"},{"floor":26.0,"key":"Pear"},{"floor":27.0,"key":"TungstenRod"},{"floor":27.0,"key":"Matryoshka"},{"floor":28.0,"key":"Symbiotic Virus"},{"floor":28.0,"key":"Emotion Chip"},{"floor":30.0,"key":"PreservedInsect"},{"floor":30.0,"key":"Nunchaku"},{"floor":31.0,"key":"Lizard Tail"},{"floor":31.0,"key":"CeramicFish"},{"floor":32.0,"key":"Ginger"},{"floor":40.0,"key":"Omamori"},{"floor":40.0,"key":"Anchor"},{"floor":41.0,"key":"Bird Faced Urn"},{"floor":41.0,"key":"Unceasing Top"},{"floor":43.0,"key":"Boot"},{"floor":46.0,"key":"Blue Candle"},{"floor":46.0,"key":"Whetstone"},{"floor":47,"key":"Strawberry"},{"floor":47,"key":"Turnip"},{"floor":48,"key":"Dead Branch"},{"floor":48,"key":"Mango"},{"floor":49,"key":"Shuriken"},{"floor":53,"key":"Kunai"},{"floor":55,"key":"Akabeko"},{"floor":55,"key":"Toy Ornithopter"}],"event_choices":[{"damage_healed":0.0,"max_hp_gain":0.0,"max_hp_loss":0.0,"gold_gain":75.0,"event_name":"World of Goop","player_choice":"Gather Gold","floor":2.0,"gold_loss":0.0,"damage_taken":11.0},{"damage_healed":0.0,"max_hp_gain":5.0,"max_hp_loss":0.0,"gold_gain":0.0,"event_name":"Big Fish","player_choice":"Donut","floor":3.0,"gold_loss":0.0,"damage_taken":0.0},{"damage_healed":0.0,"max_hp_gain":0.0,"max_hp_loss":7.0,"gold_gain":0.0,"event_name":"Golden Idol","player_choice":"Lose Max HP","floor":5.0,"gold_loss":0.0,"damage_taken":0.0,"relics_obtained":["Golden Idol"]},{"damage_healed":0.0,"max_hp_gain":0.0,"max_hp_loss":0.0,"gold_gain":0.0,"event_name":"The Library","player_choice":"Read","floor":20.0,"gold_loss":0.0,"damage_taken":0.0,"cards_obtained":["Glacier"]},{"damage_healed":0.0,"max_hp_gain":0.0,"max_hp_loss":0.0,"gold_gain":0.0,"event_name":"Addict","player_choice":"Obtained Relic","floor":21.0,"gold_loss":85.0,"damage_taken":0.0,"relics_obtained":["Vajra"]},{"damage_healed":0.0,"max_hp_gain":0.0,"max_hp_loss":0.0,"gold_gain":0.0,"event_name":"Ghosts","player_choice":"Ignored","floor":29.0,"gold_loss":0.0,"damage_taken":0.0},{"damage_healed":0.0,"max_hp_gain":0.0,"max_hp_loss":0.0,"gold_gain":333.0,"event_name":"The Moai Head","player_choice":"Gave Idol","floor":37.0,"relics_lost":["Golden Idol"],"gold_loss":0.0,"damage_taken":0.0},{"damage_healed":0.0,"max_hp_gain":0.0,"max_hp_loss":0.0,"gold_gain":0.0,"event_name":"Duplicator","player_choice":"Ignored","floor":38.0,"gold_loss":0.0,"damage_taken":0.0},{"damage_healed":0.0,"max_hp_gain":0.0,"max_hp_loss":0.0,"gold_gain":0.0,"event_name":"SensoryStone","player_choice":"Memory 3","floor":44.0,"gold_loss":0.0,"damage_taken":10.0},{"damage_healed":0.0,"max_hp_gain":0.0,"max_hp_loss":0.0,"gold_gain":0.0,"event_name":"Accursed Blacksmith","player_choice":"Forge","floor":45.0,"gold_loss":0.0,"damage_taken":0.0,"cards_upgraded":["Beam Cell"]}],"is_beta":false,"boss_relics":[{"not_picked":["Coffee Dripper","Runic Pyramid"],"picked":"Black Star"},{"not_picked":["FrozenCore","Fusion Hammer"],"picked":"Nuclear Battery"}],"items_purged_floors":[19,54],"is_endless":false,"potions_floor_spawned":[6,14,16,18,30,31,33,46,55],"ascension_level":20}}