{"host":"61xbmbtf5zrn7rzc","time":1611038537,"event":{"mods":["BaseMod","Challenge The Spire","Hubris","Infinite Spire","Minty Spire (QoL Compilation)","Replay The Spire","StSLib","SuperFastMode"],"gold_per_floor":[112,112,112,126,126,152,152,164,236,236,248,248,248,248],"floor_reached":13,"language":"ENG","playtime":264,"items_purged":[],"score":130,"play_id":"5c8690ad-d3b6-45e4-9d65-16292b999c1d","local_time":"20210119014217","is_ascension_mode":true,"campfire_choices":[{"data":"Bash","floor":7,"key":"SMITH"}],"circlet_count":0,"master_deck":["Strike_R","Strike_R","Strike_R","Strike_R","Strike_R","Defend_R","Defend_R","Defend_R","Defend_R","Bash+1","Rupture","hubris:NaturalOne","Run Through"],"relics":["infinitespire:DarkRift","NeowsBlessing","hubris:Icosahedron","infinitespire:Cubic Diamond","hubris:ToyBattleship"],"acts_visited":["Exordium"],"potions_floor_usage":[13,13],"damage_taken":[{"damage":0,"enemies":"2 Louse","floor":1,"turns":1},{"damage":0,"enemies":"Small Slimes","floor":4,"turns":2},{"damage":0,"enemies":"Lagavulin","floor":6,"turns":1},{"damage":23,"enemies":"Jaw Worm","floor":8,"turns":4},{"damage":7,"enemies":"2 Fungi Beasts","floor":11,"turns":4},{"damage":56,"enemies":"3 Sentries","floor":13,"turns":10}],"seed_played":"5880679675001110994","potions_obtained":[{"floor":6,"key":"SkillPotion"},{"floor":11,"key":"LiquidBronze"}],"is_trial":false,"path_per_floor":["M","$","?","M","?","E","R","M","T","?","M","$","E"],"character_chosen":"IRONCLAD","items_purchased":[],"campfire_rested":0,"item_purchase_floors":[],"current_hp_per_floor":[80,80,80,80,80,80,80,57,57,62,55,55,0,0],"gold":248,"neow_bonus":"THREE_ENEMY_KILL","is_daily":false,"chose_seed":false,"campfire_upgraded":1,"win_rate":0.0,"timestamp":1611038537,"path_taken":["M","$","?","M","?","E","R","M","T","?","M","$","E"],"items_purchased_type":[],"build_version":"2020-12-22","purchased_purges":0,"victory":false,"max_hp_per_floor":[80,80,80,80,80,80,80,80,80,85,85,85,85,85],"card_choices":[{"not_picked":["Blood for Blood","Defy Death"],"picked":"Rupture","floor":1},{"not_picked":["Body Slam","Wild Strike","Anger"],"picked":"SKIP","floor":4},{"not_picked":["Thunderclap","Immolate"],"picked":"Run Through","floor":6},{"not_picked":["Havoc","Cleave","Thunderclap"],"picked":"SKIP","floor":8},{"not_picked":["Replay:Undeath\u0027s Touch","Life Link","Carnage"],"picked":"SKIP","floor":11}],"player_experience":137036,"relics_obtained":[{"floor":6,"key":"hubris:ToyBattleship"}],"event_choices":[{"damage_healed":0,"gold_gain":0,"player_choice":"Donut","damage_taken":0,"max_hp_gain":5,"max_hp_loss":0,"event_name":"Big Fish","floor":10,"gold_loss":0}],"is_beta":false,"boss_relics":[],"items_purged_floors":[],"is_endless":false,"potions_floor_spawned":[6,11],"killed_by":"3 Sentries","ascension_level":4}}