{"host":"n605f8gctjc87d7h","time":1611093209,"event":{"mods":["Aspiration","Bard","BaseMod","Better Match","Better Note","Better Skull","Better Third Choice","Conspire","Halation","Hermit","Infinite Spire","Minty Spire (QoL Compilation)","Replay The Spire","Retaliation","Shade Mod","Spicy Shops","StSLib","The IronCluck"],"gold_per_floor":[110,110,126,126,136,136,164,164,464,464,482,13,24,99,99,176,176,193,193,207,322,334,334,344,374,421,361,312,329,329,343,343,422,422,439,133,157,186,217,217,217,249,272,325,360,402,402,452,452,470,470],"floor_reached":50,"language":"ENG","playtime":4431,"items_purged":["Strike_B","Defend_B","Defend_B"],"score":885,"play_id":"d946d587-34a0-4f83-a4c8-94c8a41e6165","local_time":"20210119135329","is_ascension_mode":true,"campfire_choices":[{"data":"Zap","floor":6,"key":"SMITH"},{"floor":8,"key":"REST"},{"floor":10,"key":"REST"},{"data":"Chill","floor":15,"key":"SMITH"},{"floor":23,"key":"REST"},{"floor":32,"key":"REST"},{"floor":40,"key":"REST"},{"floor":49,"key":"REST"}],"circlet_count":0,"master_deck":["AscendersBane","Strike_B","Strike_B","Defend_B","Zap+1","Dualcast","Fission","Ball Lightning","Leap","Capacitor","Rebound","Chill+1","Reboot","Conserve Battery","Pot Of Greed","Pot Of Greed","Streamline","DDmod:MulticlassingSkill","infinitespire:Collect","Echo Form","Panic Button+1","Coolheaded+1","Doubt","Rainbow","Pot Of Greed","Stack+1","Ball Lightning+1","Hologram+1"],"relics":["Cracked Core","infinitespire:EmpoweringShard","Old Coin","Blue Doll","Carrot","aspiration:PoetsPen_weak","Grinning Jar","DataDisk","Replay:Bottled Flurry","Black Star","infinitespire:EvilPickle","Pondfish Scales","Ring of Peace","Ancient Tea Set","Molten Egg 2","infinitespire:Midas Blood","conspire:SpecialSausage","Bag of Marbles"],"acts_visited":["Exordium","TheCity","TheBeyond"],"potions_floor_usage":[16,25,25,29,33,42,50],"damage_taken":[{"damage":0,"enemies":"Small Slimes","floor":1,"turns":3},{"damage":1,"enemies":"2 Louse","floor":3,"turns":3},{"damage":7,"enemies":"Jaw Worm","floor":5,"turns":2},{"damage":27,"enemies":"Gremlin Nob","floor":7,"turns":4},{"damage":0,"enemies":"Exordium Wildlife","floor":11,"turns":3},{"damage":2,"enemies":"Looter","floor":13,"turns":2},{"damage":57,"enemies":"Fading Forest","floor":16,"turns":11},{"damage":2,"enemies":"Chosen","floor":18,"turns":3},{"damage":11,"enemies":"Shell Parasite","floor":20,"turns":4},{"damage":2,"enemies":"Shelled Parasite and Fungi","floor":22,"turns":4},{"damage":12,"enemies":"conspire:HollyBat","floor":24,"turns":7},{"damage":0,"enemies":"Slavers","floor":25,"turns":3},{"damage":22,"enemies":"Chosen and Byrds","floor":29,"turns":5},{"damage":0,"enemies":"Centurion and Healer","floor":31,"turns":3},{"damage":44,"enemies":"Pondfish","floor":33,"turns":8},{"damage":11,"enemies":"3 Shapes","floor":35,"turns":6},{"damage":5,"enemies":"3 Darklings","floor":37,"turns":6},{"damage":4,"enemies":"Maw","floor":38,"turns":9},{"damage":8,"enemies":"Spire Growth","floor":39,"turns":5},{"damage":0,"enemies":"Transient","floor":42,"turns":5},{"damage":3,"enemies":"R_Hoarder","floor":44,"turns":9},{"damage":0,"enemies":"3 Darklings","floor":45,"turns":7},{"damage":0,"enemies":"Sphere and 2 Shapes","floor":46,"turns":6},{"damage":90,"enemies":"Replay:Hell Engine","floor":50,"turns":11}],"seed_played":"-5660232389110626637","potions_obtained":[{"floor":7,"key":"Fire Potion"},{"floor":11,"key":"SteroidPotion"},{"floor":13,"key":"Strength Potion"},{"floor":18,"key":"infinitespire:BlackPotion"},{"floor":25,"key":"Swift Potion"},{"floor":31,"key":"Explosive Potion"},{"floor":33,"key":"Milkshake"},{"floor":35,"key":"DDmod:CleansePotion"},{"floor":39,"key":"Adrenaline Potion"},{"floor":45,"key":"Explosive Potion"}],"is_trial":false,"path_per_floor":["M","?","M","?","M","R","E","R","T","R","M","$","M","?","R","B",null,"M","?","M","?","M","R","M","E","T","?","$","M","AVR","M","R","B",null,"M","$","M","M","M","R","?","M","T","E","M","M","AVR","T","R","B"],"character_chosen":"DEFECT","items_purchased":["Blue Doll","Carrot","DDmod:MulticlassingSkill","Pondfish Scales"],"campfire_rested":6,"item_purchase_floors":[12,12,28,36],"current_hp_per_floor":[68,68,67,60,53,53,26,48,48,70,70,70,68,68,68,31,64,62,62,51,43,41,63,51,51,51,51,51,29,29,41,63,19,61,50,50,45,41,33,55,55,55,55,52,52,52,52,52,74,0,0],"gold":470,"neow_bonus":"ONE_RANDOM_RARE_CARD","is_daily":false,"chose_seed":false,"campfire_upgraded":2,"win_rate":0.0,"timestamp":1611093209,"path_taken":["M","?","M","?","M","R","E","R","T","R","M","?","?","?","R","BOSS","M","?","?","?","?","R","?","E","T","?","$","M","AVR","M","R","BOSS","M","$","M","M","M","R","?","M","T","E","M","M","AVR","?","R","BOSS"],"items_purchased_type":["Relic","Relic","Card","Relic"],"build_version":"2020-12-22","purchased_purges":3,"victory":false,"max_hp_per_floor":[75,75,75,75,75,75,75,75,75,75,75,75,75,75,75,75,75,75,75,75,75,75,75,75,75,75,75,75,75,75,75,75,75,75,75,75,75,75,75,75,75,75,75,75,75,75,75,75,75,75,75],"card_choices":[{"not_picked":["Compile Driver","ReplaySort","ReplayTheSpireMod:GoodbyeWorld"],"picked":"SKIP","floor":1},{"not_picked":["Capacitor","Steam"],"picked":"Ball Lightning","floor":3},{"not_picked":["Steam","Sunder"],"picked":"Leap","floor":5},{"not_picked":["Ball Lightning","Cold Snap"],"picked":"Capacitor","floor":7},{"not_picked":["Gash","Biased Cognition"],"picked":"Rebound","floor":11},{"not_picked":["ReplaySort","Lockon"],"picked":"Chill","floor":13},{"not_picked":["Seek","All For One"],"picked":"Reboot","floor":16},{"not_picked":["Lockon","Stack","Chill"],"picked":"SKIP","floor":18},{"not_picked":["Beam Cell","Hologram","Turbo"],"picked":"SKIP","floor":20},{"not_picked":["Chill","Machine Learning"],"picked":"Conserve Battery","floor":22},{"not_picked":["Sweeping Beam","Chill","Barrage"],"picked":"SKIP","floor":24},{"not_picked":["Scrape","Redo"],"picked":"Streamline","floor":25},{"not_picked":["Time Bomb+1","ReplayTheSpireMod:Reroute Power","Cold Snap"],"picked":"SKIP","floor":29},{"not_picked":["Double Energy","Barrage","BasicCrystalCard"],"picked":"SKIP","floor":31},{"not_picked":["Reboot","Creative AI"],"picked":"Echo Form","floor":33},{"not_picked":["Ball Lightning","Recycle+1"],"picked":"Panic Button+1","floor":35},{"not_picked":["Self Repair","Leap"],"picked":"Coolheaded+1","floor":37},{"not_picked":["Sunder+1","Steam","Redo"],"picked":"SKIP","floor":38},{"not_picked":["Go for the Eyes","BasicCrystalCard","Blizzard"],"picked":"SKIP","floor":39},{"not_picked":["Time Bomb","Turbo"],"picked":"Rainbow","floor":42},{"not_picked":["Barrage+1","Undo"],"picked":"Stack+1","floor":44},{"not_picked":["Go for the Eyes+1","conspire:Rain"],"picked":"Ball Lightning+1","floor":45},{"not_picked":["Cold Snap+1","Genetic Algorithm"],"picked":"Hologram+1","floor":46}],"player_experience":612404,"relics_obtained":[{"floor":7,"key":"infinitespire:EmpoweringShard"},{"floor":9,"key":"Old Coin"},{"floor":25,"key":"Grinning Jar"},{"floor":26,"key":"DataDisk"},{"floor":41,"key":"Ring of Peace"},{"floor":43,"key":"Ancient Tea Set"},{"floor":44,"key":"Molten Egg 2"},{"floor":44,"key":"infinitespire:Midas Blood"},{"floor":48,"key":"Bag of Marbles"}],"event_choices":[{"cards_removed":["Defend_B"],"damage_healed":0,"gold_gain":0,"player_choice":"Card Removal","damage_taken":7,"max_hp_gain":0,"max_hp_loss":0,"event_name":"Golden Wing","floor":4,"gold_loss":0},{"damage_healed":0,"gold_gain":0,"player_choice":"Got Potions","damage_taken":0,"max_hp_gain":0,"max_hp_loss":0,"event_name":"Lab","floor":19,"gold_loss":0},{"damage_healed":0,"gold_gain":115,"player_choice":"GO ","damage_taken":9,"relics_obtained":[],"max_hp_gain":0,"max_hp_loss":0,"event_name":"betterSkull:BetterSkull","floor":21,"gold_loss":0,"cards_upgraded":[]}],"is_beta":false,"boss_relics":[{"not_picked":["Sozu","conspire:RoyalGoblet"],"picked":"aspiration:PoetsPen_weak"},{"not_picked":["Painkiller Herb","aspiration:FutureDiary"],"picked":"Black Star"}],"items_purged_floors":[12,30,47],"is_endless":false,"potions_floor_spawned":[7,11,13,18,22,25,31,33,35,37,39,45],"killed_by":"Replay:Hell Engine","ascension_level":13}}