{"host":"goj2s4fnav97bn09","time":1611067539,"event":{"mods":["AchievementEnabler","Act Like it!","BaseMod","Colored Map","GifTheSpireLib","Hermit","Infinite Spire","Minty Spire (QoL Compilation)","Replay The Spire","StSLib","The Hierophant","The Servant 0.9.4"],"gold_per_floor":[117,117,136,136,136,170,170,196,196,196,221,240,267,267,267,367,367,378,395,395,395,252,252,284,329,341,353,465,477,516,547,559,672,684,710,733,757,235,281,281,281,308,335,345,355,355,26,41,41,41,41,41,41,74,74,74],"floor_reached":55,"language":"ENG","playtime":3718,"items_purged":["Amnesia","Strike_R","Strike_R"],"score":1268,"play_id":"0b8e6a26-36d0-4e90-bdd4-b4f94e951917","local_time":"20210119084539","is_ascension_mode":true,"campfire_choices":[{"data":"Armaments","floor":7.0,"key":"SMITH"},{"floor":10.0,"key":"REST"},{"floor":15.0,"key":"DIG"},{"floor":23.0,"key":"DIG"},{"data":"infinitespire:Punishment","floor":27.0,"key":"SMITH"},{"data":"Inflame","floor":29.0,"key":"SMITH"},{"floor":32.0,"key":"REST"},{"floor":40.0,"key":"DIG"},{"floor":46.0,"key":"RECALL"},{"floor":49.0,"key":"DIG"},{"floor":52.0,"key":"DIG"}],"circlet_count":0,"master_deck":["Strike_R","Strike_R+1","Strike_R","Defend_R","Defend_R","Defend_R","Defend_R+1","Bash","Armaments+1","Thunderclap","infinitespire:Punishment+1","ReplayTheSpireMod:Stacked","ReplayReversal","Anger+1","Metallicize","Berserk","Shrug It Off","Inflame+1","Battle Trance","Intimidate+1","Brutality","Flex+1","Bloodletting","Berserk","Heavy Blade","Metallicize+1"],"relics":["Burning Blood","Blood Vial","Mercury Hourglass","Pet Ghost","Quantum Egg","infinitespire:Eraser","Shovel","King of Hearts","Black Star","ReplayTheSpireMod:Ring of Collecting","ReplayTheSpireMod:Ring of Challenge","ReplayTheSpireMod:Spearhead","Regal Pillow","Thread and Needle","MawBank","ReplayTheSpireMod:Ring of Addiction","Potion Belt","Toy Ornithopter","Bottled Flame","Singing Bowl","Runic Pyramid","infinitespire:WardingShard","Pondfish Scales","Turnip","Bag of Marbles","Replay:Bottled Steam","ReplayTheSpireMod:Ring of Exchange","infinitespire:Satchel","ReplayTheSpireMod:TigerMarble","Centennial Puzzle","infinitespire:FocusingShard","Pen Nib","Iron Hammer"],"acts_visited":["Exordium","TheCity","TheBeyond","TheEnding"],"potions_floor_usage":[55,55],"damage_taken":[{"damage":11.0,"enemies":"Jaw Worm","floor":1.0,"turns":5.0},{"damage":14.0,"enemies":"2 Louse","floor":3.0,"turns":2.0},{"damage":25.0,"enemies":"3 Sentries","floor":6.0,"turns":5.0},{"damage":16.0,"enemies":"Lagavulin","floor":8.0,"turns":5.0},{"damage":5.0,"enemies":"3 Sentries","floor":11.0,"turns":3.0},{"damage":0.0,"enemies":"Small Slimes","floor":12.0,"turns":2.0},{"damage":0.0,"enemies":"Lagavulin","floor":13.0,"turns":4.0},{"damage":14.0,"enemies":"Slime Boss","floor":16.0,"turns":5.0},{"damage":7.0,"enemies":"Shell Parasite","floor":18.0,"turns":4.0},{"damage":1.0,"enemies":"Chosen","floor":19.0,"turns":4.0},{"damage":43.0,"enemies":"Slavers","floor":24.0,"turns":5.0},{"damage":8.0,"enemies":"Book of Stabbing","floor":30.0,"turns":4.0},{"damage":0.0,"enemies":"Centurion and Healer","floor":31.0,"turns":2.0},{"damage":9.0,"enemies":"Pondfish","floor":33.0,"turns":10.0},{"damage":21.0,"enemies":"3 Darklings","floor":35.0,"turns":5.0},{"damage":4.0,"enemies":"Orb Walker","floor":36.0,"turns":2.0},{"damage":31.0,"enemies":"3 Darklings","floor":37.0,"turns":4.0},{"damage":3.0,"enemies":"2 Orb Walkers","floor":39.0,"turns":4.0},{"damage":9.0,"enemies":"Giant Head","floor":42.0,"turns":6.0},{"damage":6.0,"enemies":"Jaw Worm Horde","floor":44.0,"turns":4.0},{"damage":4.0,"enemies":"Transient","floor":45.0,"turns":5.0},{"damage":10.0,"enemies":"Maw","floor":48.0,"turns":5.0},{"damage":76.0,"enemies":"Time Eater","floor":50.0,"turns":9.0},{"damage":59.0,"enemies":"Shield and Spear","floor":54.0,"turns":5.0},{"damage":64,"enemies":"The Heart","floor":55,"turns":7}],"seed_played":"6615556550236854443","potions_obtained":[{"floor":6.0,"key":"Block Potion"},{"floor":12.0,"key":"Fire Potion"},{"floor":16.0,"key":"Cursed Concoction"},{"floor":18.0,"key":"Energy Potion"},{"floor":24.0,"key":"Flashbang"},{"floor":25.0,"key":"infinitespire:BlackPotion"},{"floor":26.0,"key":"Block Potion"},{"floor":26.0,"key":"Block Potion"},{"floor":30.0,"key":"LifebloodPotion"},{"floor":33.0,"key":"PowerPotion"},{"floor":36.0,"key":"AttackPotion"},{"floor":39.0,"key":"SneckoOil"},{"floor":44.0,"key":"Reflective Coating"},{"floor":48.0,"key":"AttackPotion"},{"floor":54.0,"key":"GamblersBrew"}],"is_trial":false,"path_per_floor":["M","?","M","?","?","E","R","E","T","R","E","M","E","?","R","B",null,"M","M","?","?","$","R","E","?","T","R","?","R","E","M","R","B",null,"M","M","M","$","?","R","?","E","T","M","M","R","$","M","R","B",null,"R","$","E","B"],"character_chosen":"IRONCLAD","items_purchased":["Inflame","SmokeBomb","Bloodletting","infinitespire:WardingShard","ReplayTheSpireMod:TigerMarble","BloodPotion"],"campfire_rested":2,"item_purchase_floors":[22,38,38,38,47,47],"current_hp_per_floor":[75,75,69,69,48,31,31,23,23,47,50,58,66,50,50,44,80,79,80,80,80,80,80,43,23,23,23,23,23,30,40,79,79,82,72,78,62,62,74,74,74,78,78,87,92,92,92,88,88,20,90,90,90,35,0,0],"gold":74,"neow_bonus":"RANDOM_COMMON_RELIC","is_daily":false,"chose_seed":false,"campfire_upgraded":3,"win_rate":0.0,"timestamp":1611067539,"path_taken":["M","?","M","?","?","E","R","E","T","R","E","M","E","?","R","BOSS","M","M","?","?","?","R","E","?","T","R","?","R","E","M","R","BOSS","M","M","?","$","?","R","?","E","T","M","M","R","?","M","R","BOSS","R","$","E","BOSS"],"items_purchased_type":["Card","Potion","Card","Relic","Relic","Potion"],"build_version":"2020-12-22","purchased_purges":3,"victory":false,"max_hp_per_floor":[80,80,80,80,80,80,80,80,80,80,80,80,80,80,80,80,80,80,80,80,80,80,80,80,80,80,80,80,80,80,82,82,82,82,82,84,86,86,88,88,88,88,88,90,92,92,92,92,90,90,90,90,90,88,88,88],"card_choices":[{"not_picked":["Body Slam","True Grit"],"picked":"Armaments","floor":1.0},{"not_picked":["Whirlwind","Pommel Strike"],"picked":"Thunderclap","floor":3.0},{"not_picked":["infinitespire:Execution","ReplayTheSpireMod:Black Plague"],"picked":"infinitespire:Punishment","floor":5.0},{"not_picked":["Rage","ReplayTheSpireMod:LeadingStrike"],"picked":"ReplayTheSpireMod:Stacked","floor":6.0},{"not_picked":["Eclipse","Searing Blow"],"picked":"ReplayReversal","floor":8.0},{"not_picked":["Pummel","Dark Embrace"],"picked":"Anger","floor":11.0},{"not_picked":["Iron Wave","Headbutt"],"picked":"Metallicize","floor":12.0},{"not_picked":["Havoc","Perfected Strike","Body Slam"],"picked":"SKIP","floor":13.0},{"not_picked":["Barricade","Eclipse"],"picked":"Berserk","floor":16.0},{"not_picked":["Uppercut+1","Sentinel","Ghostly Armor"],"picked":"SKIP","floor":18.0},{"not_picked":["ReplayTheSpireMod:Strike From Hell","Twin Strike"],"picked":"Shrug It Off","floor":19.0},{"not_picked":["Searing Blow","Heavy Blade+1"],"picked":"Battle Trance","floor":24.0},{"not_picked":["Headbutt+1","Iron Wave"],"picked":"Intimidate+1","floor":25.0},{"not_picked":["Headbutt","Eclipse","Perfected Strike+1"],"picked":"Singing Bowl","floor":30.0},{"not_picked":["Thunderclap","Twin Strike","Run Through"],"picked":"Singing Bowl","floor":31.0},{"not_picked":["Replay:Many Hands","Hemogenesis"],"picked":"Brutality","floor":33.0},{"not_picked":["True Grit","Seeing Red"],"picked":"Flex+1","floor":35.0},{"not_picked":["Twin Strike+1","Whirlwind","Fire Breathing"],"picked":"Singing Bowl","floor":36.0},{"not_picked":["Fire Breathing+1","Anger+1","Sever Soul+1"],"picked":"Singing Bowl","floor":37.0},{"not_picked":["Cleave+1","Power Through+1","Ghostly Armor"],"picked":"Singing Bowl","floor":39.0},{"not_picked":["Intimidate+1","Battle Trance"],"picked":"Berserk","floor":42.0},{"not_picked":["Sever Soul","Clash+1","Clothesline"],"picked":"Singing Bowl","floor":44.0},{"not_picked":["Clothesline+1","Evolve","Iron Wave"],"picked":"Singing Bowl","floor":45.0},{"not_picked":["Searing Blow","Perfected Strike"],"picked":"Heavy Blade","floor":48.0},{"not_picked":["Thunderclap+1","Entrench"],"picked":"Metallicize+1","floor":54.0}],"player_experience":333126,"relics_obtained":[{"floor":6.0,"key":"Mercury Hourglass"},{"floor":8.0,"key":"Pet Ghost"},{"floor":9.0,"key":"Quantum Egg"},{"floor":11.0,"key":"infinitespire:Eraser"},{"floor":13.0,"key":"Shovel"},{"floor":15.0,"key":"King of Hearts"},{"floor":21.0,"key":"ReplayTheSpireMod:Ring of Collecting"},{"floor":21.0,"key":"ReplayTheSpireMod:Ring of Challenge"},{"floor":23.0,"key":"ReplayTheSpireMod:Spearhead"},{"floor":24.0,"key":"Regal Pillow"},{"floor":24.0,"key":"Thread and Needle"},{"floor":25.0,"key":"MawBank"},{"floor":26.0,"key":"ReplayTheSpireMod:Ring of Addiction"},{"floor":26.0,"key":"Potion Belt"},{"floor":26.0,"key":"Toy Ornithopter"},{"floor":30.0,"key":"Bottled Flame"},{"floor":30.0,"key":"Singing Bowl"},{"floor":39.0,"key":"Pondfish Scales"},{"floor":40.0,"key":"Turnip"},{"floor":42.0,"key":"Bag of Marbles"},{"floor":42.0,"key":"Replay:Bottled Steam"},{"floor":43.0,"key":"ReplayTheSpireMod:Ring of Exchange"},{"floor":43.0,"key":"infinitespire:Satchel"},{"floor":49.0,"key":"Centennial Puzzle"},{"floor":52.0,"key":"infinitespire:FocusingShard"},{"floor":54.0,"key":"Pen Nib"},{"floor":54.0,"key":"Iron Hammer"}],"event_choices":[{"damage_healed":0.0,"max_hp_gain":0.0,"max_hp_loss":0.0,"gold_gain":0.0,"event_name":"Shining Light","player_choice":"Entered Light","floor":14.0,"gold_loss":0.0,"damage_taken":16.0,"cards_upgraded":["Defend_R","Anger"]},{"damage_healed":0.0,"max_hp_gain":0.0,"max_hp_loss":0.0,"gold_gain":0.0,"event_name":"Ghosts","player_choice":"Ignored","floor":20.0,"gold_loss":0.0,"damage_taken":0.0},{"damage_healed":0.0,"max_hp_gain":0.0,"max_hp_loss":0.0,"gold_gain":100.0,"event_name":"Golden Shrine","player_choice":"Pray","floor":28.0,"gold_loss":0.0,"damage_taken":0.0},{"damage_healed":0.0,"max_hp_gain":0.0,"max_hp_loss":0.0,"gold_gain":0.0,"event_name":"Mysterious Sphere","player_choice":"Fight","floor":39.0,"gold_loss":0.0,"damage_taken":0.0},{"damage_healed":0.0,"max_hp_gain":0.0,"max_hp_loss":0.0,"gold_gain":0.0,"event_name":"Tomb of Lord Red Mask","player_choice":"Ignored","floor":41.0,"gold_loss":0.0,"damage_taken":0.0}],"is_beta":false,"boss_relics":[{"not_picked":["SlaversCollar","ReplayTheSpireMod:SealedPack"],"picked":"Black Star"},{"not_picked":["Tiny House","Electric Blood"],"picked":"Runic Pyramid"}],"items_purged_floors":[22,38,47],"is_endless":false,"potions_floor_spawned":[6,12,16,18,24,30,33,36,39,44,48,54],"killed_by":"The Heart","ascension_level":3}}