{"host":"ftbkoc3ruyyiy16n","time":1611094327,"event":{"mods":["BaseMod","Colored Map","Colored Powertips","Downfall","Filter the Spire","Highlight Path","Minty Spire (QoL Compilation)","Quick Restart","Rare Cards Sparkle","Relic Stats","StSLib"],"gold_per_floor":[99,114,133,146,163,180,206,239,251,251,261,291,237,270,283,283,283,283],"floor_reached":16,"language":"ENG","playtime":1379,"items_purged":[],"score":159,"play_id":"da53dffd-d8b0-4e4b-9b3f-253f82d080c3","local_time":"20210119231207","is_ascension_mode":true,"campfire_choices":[{"data":"Slimebound:Split","floor":1,"key":"SMITH"}],"circlet_count":0,"master_deck":["Slimebound:Strike_Slimebound","Slimebound:Strike_Slimebound","Slimebound:Tackle","Slimebound:Defend_Slimebound","Slimebound:Defend_Slimebound","Slimebound:Defend_Slimebound","Slimebound:Defend_Slimebound","Slimebound:Split+1","Slimebound:CorrosiveSpit","Slimebound:SamplingLick","Slimebound:SplitBruiser","Slimebound:Nibble","Slimebound:SplitLeeching","Slimebound:Schlurp","Slimebound:BestDefense","Slimebound:FirmFortitude","Slimebound:Repurpose","Slimebound:SamplingLick","Slimebound:LevelUp","Slimebound:LevelUp","Slimebound:SplitAcid","Slimebound:SplitLeeching"],"relics":["Slimebound:AbsorbEndCombat","Strawberry","Bronze Scales","Vajra","PreservedInsect","Darkstone Periapt"],"acts_visited":["Exordium"],"potions_floor_usage":[12,14,15,16],"damage_taken":[{"damage":5,"enemies":"Small Slimes","floor":2,"turns":3},{"damage":0,"enemies":"2 Louse","floor":3,"turns":2},{"damage":2,"enemies":"Jaw Worm","floor":4,"turns":3},{"damage":7,"enemies":"Blue Slaver","floor":5,"turns":3},{"damage":4,"enemies":"Large Slime","floor":6,"turns":5},{"damage":8,"enemies":"3 Sentries","floor":8,"turns":4},{"damage":3,"enemies":"3 Louse","floor":9,"turns":3},{"damage":6,"enemies":"2 Fungi Beasts","floor":11,"turns":2},{"damage":15,"enemies":"Gremlin Nob","floor":12,"turns":4},{"damage":0,"enemies":"downfall:FleeingMerchant","floor":13,"turns":4},{"damage":0,"enemies":"3 Sentries","floor":14,"turns":4},{"damage":5,"enemies":"Large Slime","floor":15,"turns":3},{"damage":50,"enemies":"SI_SHIV_ARCHETYPE","floor":16,"turns":5}],"seed_played":"6113641664386555982","potions_obtained":[{"floor":2,"key":"Block Potion"},{"floor":5,"key":"EssenceOfSteel"},{"floor":9,"key":"Dexterity Potion"},{"floor":14,"key":"Swift Potion"}],"is_trial":false,"path_per_floor":["R","M","M","M","M","M","T","E","M","?","M","E","$","E","M","B"],"character_chosen":"SLIMEBOUND","items_purchased":["Slimebound:LevelUp"],"campfire_rested":0,"item_purchase_floors":[13],"current_hp_per_floor":[72,69,69,69,66,64,64,58,57,57,53,42,48,48,45,0,0,0],"gold":283,"neow_bonus":"RANDOM_COMMON_RELIC","is_daily":false,"chose_seed":false,"campfire_upgraded":1,"win_rate":0.0,"timestamp":1611094327,"path_taken":["R","M","M","M","M","M","T","E","M","?","M","E","$","E","M","BOSS"],"items_purchased_type":["Card"],"build_version":"2020-12-22","purchased_purges":0,"victory":false,"max_hp_per_floor":[72,72,72,72,72,72,72,72,72,72,72,72,72,72,72,72,72,72],"relic_stats":{"Darkstone Periapt":0,"counters":[13,43],"Bronze Scales":[82],"PreservedInsect":131,"obtain_stats":[{"Darkstone Periapt":14,"Strawberry":0,"Bronze Scales":7,"Vajra":8,"PreservedInsect":12,"Slimebound:AbsorbEndCombat":0},{"Darkstone Periapt":11,"Strawberry":0,"Bronze Scales":5,"Vajra":6,"PreservedInsect":9,"Slimebound:AbsorbEndCombat":0},{"Darkstone Periapt":35,"Strawberry":0,"Bronze Scales":14,"Vajra":18,"PreservedInsect":27,"Slimebound:AbsorbEndCombat":0}]},"card_choices":[{"not_picked":["Slimebound:Dissolve","Slimebound:HauntingLick"],"picked":"Slimebound:SamplingLick","floor":2},{"not_picked":["Slimebound:Equalize","Slimebound:ForwardTackle"],"picked":"Slimebound:SplitBruiser","floor":3},{"not_picked":["Slimebound:LivingWall","Slimebound:ItLooksTasty"],"picked":"Slimebound:Nibble","floor":4},{"not_picked":["Slimebound:GoopSpray","Slimebound:ItLooksTasty"],"picked":"Slimebound:SplitLeeching","floor":5},{"not_picked":["Slimebound:LivingWall","Slimebound:GrowthPunch"],"picked":"Slimebound:Schlurp","floor":6},{"not_picked":["Slimebound:GoopSpray","Slimebound:RainOfGoop"],"picked":"Slimebound:BestDefense","floor":8},{"not_picked":["Slimebound:SlimeTap","Slimebound:SlimeSpikes"],"picked":"Slimebound:FirmFortitude","floor":9},{"not_picked":["Slimebound:Schlurp","Slimebound:SplitBruiser"],"picked":"Slimebound:Repurpose","floor":11},{"not_picked":["Slimebound:HauntingLick","Slimebound:AcidTongue"],"picked":"Slimebound:SamplingLick","floor":12},{"not_picked":["Slimebound:SpikyOuterGoop","Slimebound:LivingWall"],"picked":"Slimebound:LevelUp","floor":13},{"not_picked":["Slimebound:SplitMire","Slimebound:SamplingLick"],"picked":"Slimebound:SplitAcid","floor":14},{"not_picked":["Slimebound:Prepare","Slimebound:Replication"],"picked":"Slimebound:SplitLeeching","floor":15}],"player_experience":296645,"relics_obtained":[{"floor":7,"key":"Bronze Scales"},{"floor":8,"key":"Vajra"},{"floor":12,"key":"PreservedInsect"},{"floor":14,"key":"Darkstone Periapt"}],"event_choices":[],"is_beta":false,"boss_relics":[],"items_purged_floors":[],"is_endless":false,"potions_floor_spawned":[2,5,9,14],"killed_by":"SI_SHIV_ARCHETYPE","ascension_level":1}}