{"host":"3a1ypf1irl30q4k8","time":1611094894,"event":{"mods":["AchievementEnabler","BaseMod","Bestiary","Colored Map","Minty Spire (QoL Compilation)","Relic Stats"],"gold_per_floor":[16,16,34,47,67,100,113,113,193,226,247,322,322,353,353,472,472,495,464,464,488,506,546,565,179,179,200,231,231,252,1,1,132,132,152,172,172,19,40,79,79,115,115,115,154,177,177,218,218,218,218,218,23,56,56,56],"floor_reached":55,"language":"ENG","playtime":3991,"items_purged":[],"score":1034,"play_id":"999d4a8b-b91a-41f0-8755-9f19d185348c","local_time":"20210119222134","is_ascension_mode":true,"campfire_choices":[{"data":"Bash","floor":8.0,"key":"SMITH"},{"data":"Combust","floor":13.0,"key":"SMITH"},{"data":"Clothesline","floor":15.0,"key":"SMITH"},{"data":"Shockwave","floor":29.0,"key":"SMITH"},{"floor":32,"key":"REST"},{"data":"Offering","floor":41,"key":"SMITH"},{"floor":44,"key":"REST"},{"floor":49,"key":"RECALL"},{"data":"Feel No Pain","floor":52,"key":"SMITH"}],"circlet_count":0,"master_deck":["Bash+1","Ghostly Armor","Anger","Clothesline+1","Flame Barrier","Combust+1","True Grit","Corruption","Immolate","Feed","Shockwave+1","Blood for Blood","Dual Wield","Entrench","Havoc","Offering+1","Fiend Fire","Armaments+1","Shrug It Off","Uppercut+1","Combust+1","Feel No Pain+1","Shrug It Off","Dark Shackles","Pommel Strike+1","Brutality","Disarm+1","Doubt"],"relics":["Black Blood","TungstenRod","Golden Idol","Singing Bowl","Darkstone Periapt","Lizard Tail","MealTicket","Pandora\u0027s Box","Art of War","DollysMirror","Oddly Smooth Stone","PreservedInsect","Letter Opener","Medical Kit","Mango","White Beast Statue","Sundial","Ice Cream","OrangePellets","Vajra"],"acts_visited":["Exordium","TheCity","TheBeyond","TheEnding"],"potions_floor_usage":[33,33,39,40,40,46,48,54,55,55,55],"damage_taken":[{"damage":9.0,"enemies":"Small Slimes","floor":1.0,"turns":5.0},{"damage":4.0,"enemies":"2 Louse","floor":3.0,"turns":3.0},{"damage":0.0,"enemies":"Cultist","floor":4.0,"turns":3.0},{"damage":4.0,"enemies":"Exordium Wildlife","floor":5.0,"turns":5.0},{"damage":9.0,"enemies":"3 Sentries","floor":6.0,"turns":7.0},{"damage":4.0,"enemies":"3 Louse","floor":7.0,"turns":4.0},{"damage":10.0,"enemies":"Gremlin Nob","floor":10.0,"turns":4.0},{"damage":7.0,"enemies":"2 Fungi Beasts","floor":11.0,"turns":4.0},{"damage":11.0,"enemies":"3 Sentries","floor":14.0,"turns":6.0},{"damage":21.0,"enemies":"The Guardian","floor":16.0,"turns":13.0},{"damage":8.0,"enemies":"3 Byrds","floor":18.0,"turns":3.0},{"damage":26.0,"enemies":"2 Thieves","floor":19.0,"turns":5.0},{"damage":5.0,"enemies":"3 Cultists","floor":21.0,"turns":4.0},{"damage":5.0,"enemies":"Sentry and Sphere","floor":22.0,"turns":3.0},{"damage":42.0,"enemies":"Book of Stabbing","floor":23.0,"turns":6.0},{"damage":17.0,"enemies":"Snecko","floor":24.0,"turns":4.0},{"damage":7.0,"enemies":"Centurion and Healer","floor":27.0,"turns":5.0},{"damage":12.0,"enemies":"Gremlin Leader","floor":28.0,"turns":5.0},{"damage":23.0,"enemies":"Snake Plant","floor":30.0,"turns":4.0},{"damage":56,"enemies":"Collector","floor":33,"turns":9},{"damage":22,"enemies":"3 Darklings","floor":35,"turns":4},{"damage":6,"enemies":"Orb Walker","floor":36,"turns":4},{"damage":54,"enemies":"Transient","floor":39,"turns":5},{"damage":37,"enemies":"Nemesis","floor":40,"turns":7},{"damage":30,"enemies":"Giant Head","floor":42,"turns":8},{"damage":31,"enemies":"Nemesis","floor":45,"turns":5},{"damage":30,"enemies":"Sphere and 2 Shapes","floor":46,"turns":4},{"damage":74,"enemies":"Giant Head","floor":48,"turns":10},{"damage":140,"enemies":"Time Eater","floor":50,"turns":15},{"damage":44,"enemies":"Shield and Spear","floor":54,"turns":6},{"damage":106,"enemies":"The Heart","floor":55,"turns":8}],"seed_played":"607964842768888528","potions_obtained":[{"floor":1.0,"key":"FearPotion"},{"floor":3.0,"key":"GamblersBrew"},{"floor":5.0,"key":"AttackPotion"},{"floor":14.0,"key":"LiquidBronze"},{"floor":21.0,"key":"Ancient Potion"},{"floor":24.0,"key":"AttackPotion"},{"floor":27.0,"key":"ColorlessPotion"},{"floor":30.0,"key":"ElixirPotion"},{"floor":33,"key":"Regen Potion"},{"floor":35,"key":"Block Potion"},{"floor":39,"key":"SkillPotion"},{"floor":42,"key":"Explosive Potion"},{"floor":45,"key":"Explosive Potion"},{"floor":46,"key":"Block Potion"},{"floor":48,"key":"Ancient Potion"},{"floor":54,"key":"DistilledChaos"}],"is_trial":false,"path_per_floor":["M","?","M","M","M","E","M","R","T","E","M","?","R","E","R","B",null,"M","M","?","M","M","E","M","$","T","M","E","R","M","$","R","B",null,"M","M","?","$","M","E","R","E","T","R","E","M","?","E","R","B",null,"R","$","E","B"],"character_chosen":"IRONCLAD","items_purchased":["DollysMirror","Feel No Pain","Shrug It Off","Dark Shackles","BloodPotion","Letter Opener","Medical Kit","OrangePellets","Block Potion"],"campfire_rested":2,"item_purchase_floors":[25,25,25,25,25,31,38,53,53],"current_hp_per_floor":[77,74,74,74,74,71,73,73,73,71,72,62,62,57,57,42,78,76,58,58,62,63,29,20,35,35,53,47,47,32,47,74,27,94,84,92,92,96,56,62,62,46,46,80,63,51,130,74,74,28,136,136,136,106,0,0],"gold":56,"neow_bonus":"ONE_RARE_RELIC","is_daily":false,"chose_seed":false,"campfire_upgraded":6,"win_rate":0.0,"timestamp":1611094894,"path_taken":["M","?","M","M","M","E","M","R","T","E","M","?","R","E","R","BOSS","M","M","?","M","M","E","M","$","T","M","E","R","?","$","R","BOSS","M","M","?","$","M","E","R","E","T","R","E","M","?","E","R","BOSS","R","$","E","BOSS"],"items_purchased_type":["Relic","Card","Card","Card","Potion","Relic","Relic","Relic","Potion"],"build_version":"2020-12-22","purchased_purges":0,"victory":false,"max_hp_per_floor":[80,74,74,74,74,74,74,74,74,76,78,78,78,78,78,78,78,78,80,80,83,83,85,87,87,87,89,89,89,91,91,91,94,94,94,96,96,96,98,114,114,116,116,116,118,124,130,136,136,136,136,136,136,138,138,138],"relic_stats":{"Darkstone Periapt":6,"Singing Bowl":30,"counters":[31,178],"Golden Idol":210,"Black Blood":230,"PreservedInsect":412,"Letter Opener":[115],"Medical Kit":[13],"OrangePellets":[0],"Lizard Tail":68,"Sundial":[10],"MealTicket":34,"Pandora\u0027s Box":["Feed","Shockwave","Blood for Blood","Dual Wield","Entrench","Havoc","Offering","Fiend Fire","Blood for Blood"],"Art of War":[21],"obtain_stats":[{"Darkstone Periapt":9,"Ice Cream":48,"Singing Bowl":6,"Golden Idol":2,"Oddly Smooth Stone":26,"Black Blood":34,"Vajra":54,"Mango":40,"PreservedInsect":28,"Letter Opener":31,"Medical Kit":38,"Burning Blood":0,"White Beast Statue":42,"OrangePellets":53,"Lizard Tail":10,"DollysMirror":25,"Sundial":45,"MealTicket":14,"Pandora\u0027s Box":17,"Art of War":23,"TungstenRod":0},{"Darkstone Periapt":6,"Ice Cream":28,"Singing Bowl":5,"Golden Idol":1,"Oddly Smooth Stone":16,"Black Blood":20,"Vajra":30,"Mango":24,"PreservedInsect":18,"Letter Opener":19,"Medical Kit":22,"Burning Blood":0,"White Beast Statue":25,"OrangePellets":29,"Lizard Tail":7,"DollysMirror":16,"Sundial":26,"MealTicket":9,"Pandora\u0027s Box":10,"Art of War":15,"TungstenRod":0},{"Darkstone Periapt":27,"Ice Cream":149,"Singing Bowl":23,"Golden Idol":5,"Oddly Smooth Stone":79,"Black Blood":102,"Vajra":170,"Mango":122,"PreservedInsect":89,"Letter Opener":93,"Medical Kit":110,"Burning Blood":0,"White Beast Statue":130,"OrangePellets":164,"Lizard Tail":31,"DollysMirror":79,"Sundial":135,"MealTicket":41,"Pandora\u0027s Box":54,"Art of War":75,"TungstenRod":0}],"TungstenRod":276},"card_choices":[{"not_picked":["Iron Wave","Havoc"],"picked":"Ghostly Armor","floor":1.0},{"not_picked":["Metallicize","Warcry"],"picked":"Anger","floor":3.0},{"not_picked":["Second Wind","Dropkick"],"picked":"Clothesline","floor":4.0},{"not_picked":["Clothesline","Anger"],"picked":"Flame Barrier","floor":5.0},{"not_picked":["Anger","Perfected Strike"],"picked":"Combust","floor":6.0},{"not_picked":["Heavy Blade","Perfected Strike"],"picked":"True Grit","floor":7.0},{"not_picked":["Iron Wave","True Grit","Evolve"],"picked":"Singing Bowl","floor":10.0},{"not_picked":["Anger","Perfected Strike","Flex"],"picked":"Singing Bowl","floor":11.0},{"not_picked":["True Grit","Hemokinesis"],"picked":"Corruption","floor":14.0},{"not_picked":["Juggernaut","Barricade"],"picked":"Immolate","floor":16.0},{"not_picked":["True Grit+1","Flex"],"picked":"Armaments+1","floor":18.0},{"not_picked":["Twin Strike+1","Dropkick","Iron Wave"],"picked":"Singing Bowl","floor":19.0},{"not_picked":["Cleave","Flex"],"picked":"Shrug It Off","floor":21.0},{"not_picked":["Fiend Fire","Anger"],"picked":"Uppercut+1","floor":22.0},{"not_picked":["Clash","Carnage","Metallicize"],"picked":"Singing Bowl","floor":23.0},{"not_picked":["Shrug It Off","Heavy Blade","Havoc"],"picked":"Singing Bowl","floor":24.0},{"not_picked":["Body Slam+1","Iron Wave+1","Pommel Strike"],"picked":"Singing Bowl","floor":27.0},{"not_picked":["Limit Break","Iron Wave"],"picked":"Pommel Strike+1","floor":28.0},{"not_picked":["Sword Boomerang","Flex","Twin Strike"],"picked":"Singing Bowl","floor":30.0},{"not_picked":["Juggernaut","Exhume"],"picked":"Brutality","floor":33},{"not_picked":["Sword Boomerang+1","Thunderclap+1"],"picked":"Disarm+1","floor":35},{"not_picked":["Warcry+1","Body Slam+1","Perfected Strike+1"],"picked":"Singing Bowl","floor":36},{"not_picked":["Warcry","Heavy Blade","Cleave+1"],"picked":"Singing Bowl","floor":39},{"not_picked":["Sword Boomerang","Flame Barrier+1","Pommel Strike"],"picked":"Singing Bowl","floor":40},{"not_picked":["Reckless Charge","Double Tap","Anger"],"picked":"Singing Bowl","floor":42},{"not_picked":["Burning Pact","Bloodletting","Shrug It Off+1"],"picked":"Singing Bowl","floor":45},{"not_picked":["Body Slam+1","Ghostly Armor","Perfected Strike+1"],"picked":"Singing Bowl","floor":46},{"not_picked":["Carnage","Spot Weakness+1","Rupture+1"],"picked":"Singing Bowl","floor":48},{"not_picked":["Hemokinesis+1","Limit Break","Brutality"],"picked":"Singing Bowl","floor":54}],"player_experience":1128581,"relics_obtained":[{"floor":6.0,"key":"Singing Bowl"},{"floor":9.0,"key":"Darkstone Periapt"},{"floor":10.0,"key":"Lizard Tail"},{"floor":14.0,"key":"MealTicket"},{"floor":23.0,"key":"Art of War"},{"floor":26.0,"key":"Oddly Smooth Stone"},{"floor":28.0,"key":"PreservedInsect"},{"floor":40,"key":"Mango"},{"floor":42,"key":"White Beast Statue"},{"floor":45,"key":"Sundial"},{"floor":48,"key":"Ice Cream"},{"floor":54,"key":"Vajra"}],"event_choices":[{"damage_healed":0.0,"max_hp_gain":0.0,"max_hp_loss":6.0,"gold_gain":0.0,"event_name":"Golden Idol","player_choice":"Lose Max HP","floor":2.0,"gold_loss":0.0,"damage_taken":0.0,"relics_obtained":["Golden Idol"]},{"damage_healed":0.0,"max_hp_gain":0.0,"max_hp_loss":0.0,"gold_gain":75.0,"event_name":"World of Goop","player_choice":"Gather Gold","floor":12.0,"gold_loss":0.0,"damage_taken":11.0},{"cards_removed":["Blood for Blood"],"damage_healed":0.0,"max_hp_gain":0.0,"max_hp_loss":0.0,"gold_gain":0.0,"event_name":"Purifier","player_choice":"Purged","floor":20.0,"gold_loss":0.0,"damage_taken":0.0},{"damage_healed":0,"gold_gain":0,"player_choice":"Ignored","damage_taken":0,"max_hp_gain":0,"max_hp_loss":0,"event_name":"Tomb of Lord Red Mask","floor":37,"gold_loss":0},{"damage_healed":73,"gold_gain":0,"player_choice":"Heal","damage_taken":0,"max_hp_gain":0,"max_hp_loss":0,"event_name":"MindBloom","floor":47,"gold_loss":0,"cards_obtained":["Doubt"]}],"is_beta":false,"boss_relics":[{"not_picked":["Cursed Key","Busted Crown"],"picked":"Pandora\u0027s Box"},{"not_picked":["Coffee Dripper","Calling Bell"],"picked":"Black Blood"}],"items_purged_floors":[],"is_endless":false,"potions_floor_spawned":[1,3,5,14,21,24,27,30,33,35,39,42,45,46,48,54],"killed_by":"The Heart","ascension_level":4}}