{"host":"jexbkylv34f8xu3o","time":1611100562,"event":{"mods":["AchievementEnabler","BaseMod","Colored Map","Colored Powertips","GifTheSpireLib","Highlight Path","Minty Spire (QoL Compilation)","Quick Restart","StSLib"],"gold_per_floor":[110,110,30,30,30,57,57,232,232,157,157,183,203,216,216,316,316,331,190,201,201,201],"floor_reached":21,"language":"ENG","playtime":388,"items_purged":["Doubt"],"score":353,"play_id":"cdf872f4-b518-4486-b471-8c52498fb1ec","local_time":"20210119205602","is_ascension_mode":true,"campfire_choices":[{"data":"Hemokinesis","floor":7,"key":"SMITH"},{"floor":11,"key":"DIG"},{"floor":15,"key":"DIG"}],"circlet_count":0,"master_deck":["AscendersBane","Strike_R","Strike_R","Strike_R","Strike_R","Strike_R","Defend_R","Defend_R","Defend_R","Defend_R","Bash","Wild Strike","Rage","Hemokinesis+1","True Grit","Headbutt","Headbutt","Juggernaut","True Grit","Body Slam"],"relics":["Burning Blood","NeowsBlessing","MealTicket","Gremlin Horn","Shovel","Kunai","Red Skull","Pen Nib","SlaversCollar","InkBottle"],"acts_visited":["Exordium","TheCity"],"potions_floor_usage":[12,16,16,18],"damage_taken":[{"damage":0,"enemies":"2 Louse","floor":1,"turns":1},{"damage":0,"enemies":"Lagavulin","floor":6,"turns":1},{"damage":0,"enemies":"3 Sentries","floor":12,"turns":1},{"damage":8,"enemies":"Cultist","floor":13,"turns":3},{"damage":2,"enemies":"Small Slimes","floor":14,"turns":1},{"damage":25,"enemies":"Slime Boss","floor":16,"turns":9},{"damage":36,"enemies":"Spheric Guardian","floor":18,"turns":6},{"damage":22,"enemies":"Chosen","floor":20,"turns":5},{"damage":30,"enemies":"Snake Plant","floor":21,"turns":2}],"seed_played":"8867451726699416024","potions_obtained":[{"floor":2,"key":"SkillPotion"},{"floor":2,"key":"Swift Potion"},{"floor":2,"key":"Explosive Potion"},{"floor":6,"key":"Block Potion"},{"floor":12,"key":"GamblersBrew"}],"is_trial":false,"path_per_floor":["M","?","$","?","$","E","R","?","T","$","R","E","M","M","R","B",null,"M","?","M","M"],"character_chosen":"IRONCLAD","items_purchased":["Rage"],"campfire_rested":0,"item_purchase_floors":[3],"current_hp_per_floor":[78,78,78,53,68,74,74,74,74,80,80,80,78,80,80,61,75,45,45,29,0,0],"gold":201,"neow_bonus":"THREE_ENEMY_KILL","is_daily":false,"chose_seed":false,"campfire_upgraded":1,"win_rate":0.0,"timestamp":1611100562,"path_taken":["M","?","?","?","$","E","R","?","T","?","R","E","?","M","R","BOSS","M","?","?","M"],"items_purchased_type":["Card"],"build_version":"2020-12-22","purchased_purges":1,"victory":false,"max_hp_per_floor":[80,80,80,80,80,80,80,80,80,80,80,80,80,80,80,80,80,80,80,80,80,80],"card_choices":[{"not_picked":["Cleave","Havoc"],"picked":"Wild Strike","floor":1},{"not_picked":["Pommel Strike","Bloodletting"],"picked":"Hemokinesis","floor":6},{"not_picked":["Thunderclap","Inflame"],"picked":"True Grit","floor":12},{"not_picked":["Sword Boomerang","Flex"],"picked":"Headbutt","floor":13},{"not_picked":["Ghostly Armor","Twin Strike"],"picked":"Headbutt","floor":14},{"not_picked":["Berserk","Bludgeon"],"picked":"Juggernaut","floor":16},{"not_picked":["Inflame","Cleave"],"picked":"True Grit","floor":18},{"not_picked":["Sword Boomerang","Iron Wave"],"picked":"Body Slam","floor":20}],"player_experience":568042,"relics_obtained":[{"floor":6,"key":"Gremlin Horn"},{"floor":9,"key":"Shovel"},{"floor":11,"key":"Kunai"},{"floor":12,"key":"Red Skull"},{"floor":15,"key":"Pen Nib"}],"event_choices":[{"damage_healed":0,"gold_gain":0,"player_choice":"Got Potions","damage_taken":0,"max_hp_gain":0,"max_hp_loss":0,"event_name":"Lab","floor":2,"gold_loss":0},{"damage_healed":0,"gold_gain":0,"player_choice":"Success","damage_taken":25,"relics_obtained":["MealTicket"],"max_hp_gain":0,"max_hp_loss":0,"event_name":"Scrap Ooze","floor":4,"gold_loss":0},{"damage_healed":0,"gold_gain":175,"player_choice":"AGREE","damage_taken":0,"max_hp_gain":0,"max_hp_loss":0,"event_name":"Liars Game","floor":8,"gold_loss":0,"cards_obtained":["Doubt"]},{"damage_healed":0,"gold_gain":0,"player_choice":"Paid Gold","damage_taken":0,"relics_obtained":["InkBottle"],"max_hp_gain":0,"max_hp_loss":0,"event_name":"WeMeetAgain","floor":19,"gold_loss":141}],"is_beta":false,"boss_relics":[{"not_picked":["Philosopher\u0027s Stone","Runic Dome"],"picked":"SlaversCollar"}],"items_purged_floors":[10],"is_endless":false,"potions_floor_spawned":[6,12,13,14],"killed_by":"Snake Plant","ascension_level":10}}