{"host":"Stephanie","time":1611022958,"event":{"mods":["BaseMod","Colored Powertips","Minty Spire (QoL Compilation)","Rare Cards Sparkle","Relic Stats","StSLib","The Marked"],"gold_per_floor":[116,116,116,134,151,185,185,218,218,218,235,235,250,267,267,371,371,383,563,576,348,362,362,395,407,407,407,9,29,29,47,47,152,152,165,181,38,55,71,71,71],"floor_reached":40,"language":"ENG","playtime":5153,"items_purged":["Pain"],"score":592,"play_id":"11b8584e-b4b2-4bc3-ba70-77737ca675ab","local_time":"20210118212238","is_ascension_mode":false,"campfire_choices":[{"data":"theMarked:MaelstromOfLightning","floor":7,"key":"SMITH"},{"floor":12,"key":"REST"},{"data":"theMarked:AttractMetal","floor":15,"key":"SMITH"},{"floor":23,"key":"REST"},{"floor":30,"key":"REST"},{"floor":32,"key":"REST"}],"circlet_count":0,"master_deck":["theMarked:Strike","theMarked:Strike","theMarked:Strike","theMarked:Strike","theMarked:Defend","theMarked:Defend","theMarked:Defend","theMarked:Defend","theMarked:SoldierOfQuellstein","theMarked:Vacuum","theMarked:CreepingChasm","theMarked:MaelstromOfLightning+1","theMarked:AttractMetal+1","theMarked:Standoff","theMarked:SwordAndMagic","theMarked:MagicAdept","theMarked:Overcharge","Impatience","theMarked:ChainLightning+1","theMarked:TakeOffHeels","theMarked:ThrowWeapon","theMarked:Aftermath+1","theMarked:HeritageOfTheMarked","theMarked:ParalyzingBlade","theMarked:BanishingWave","theMarked:TurnInvisible","theMarked:BanishingWave","theMarked:WardOff+1","theMarked:MysticalArsenal"],"relics":["theMarked:ArtifactOfAir","WarpedTongs","Toy Ornithopter","TungstenRod","HornCleat","SlaversCollar","Bronze Scales","Mummified Hand","Potion Belt","Fusion Hammer","Strange Spoon"],"acts_visited":["Exordium","TheCity","TheBeyond"],"potions_floor_usage":[8,20,20,24,27,27,33,33,33,35,39,39,40],"damage_taken":[{"damage":4,"enemies":"Small Slimes","floor":1,"turns":4},{"damage":3,"enemies":"Jaw Worm","floor":4,"turns":3},{"damage":3,"enemies":"Cultist","floor":5,"turns":3},{"damage":27,"enemies":"3 Sentries","floor":6,"turns":7},{"damage":20,"enemies":"Lagavulin","floor":8,"turns":7},{"damage":1,"enemies":"Looter","floor":11,"turns":3},{"damage":0,"enemies":"2 Fungi Beasts","floor":13,"turns":3},{"damage":2,"enemies":"Lots of Slimes","floor":14,"turns":3},{"damage":31,"enemies":"Hexaghost","floor":16,"turns":13},{"damage":43,"enemies":"Chosen","floor":18,"turns":7},{"damage":0,"enemies":"Shell Parasite","floor":20,"turns":5},{"damage":0,"enemies":"Snecko","floor":22,"turns":6},{"damage":27,"enemies":"Book of Stabbing","floor":24,"turns":6},{"damage":10,"enemies":"Centurion and Healer","floor":25,"turns":5},{"damage":3,"enemies":"Gremlin Leader","floor":27,"turns":2},{"damage":0,"enemies":"Sentry and Sphere","floor":29,"turns":3},{"damage":5,"enemies":"Snecko","floor":31,"turns":4},{"damage":65,"enemies":"Collector","floor":33,"turns":9},{"damage":19,"enemies":"3 Darklings","floor":35,"turns":4},{"damage":17,"enemies":"Orb Walker","floor":36,"turns":5},{"damage":36,"enemies":"Spire Growth","floor":38,"turns":6},{"damage":9,"enemies":"3 Darklings","floor":39,"turns":4},{"damage":9,"enemies":"Reptomancer","floor":40,"turns":3}],"seed_played":"-6036208235721992080","potions_obtained":[{"floor":6,"key":"AttackPotion"},{"floor":11,"key":"SmokeBomb"},{"floor":14,"key":"Strength Potion"},{"floor":20,"key":"theMarked:SummonPotion"},{"floor":24,"key":"Dexterity Potion"},{"floor":31,"key":"LiquidBronze"},{"floor":33,"key":"PowerPotion"},{"floor":35,"key":"Strength Potion"},{"floor":38,"key":"LiquidBronze"}],"is_trial":false,"path_per_floor":["M","?","?","M","M","E","R","E","T","?","M","R","M","M","R","B",null,"M","?","M","$","M","R","E","M","T","E","$","M","R","M","R","B",null,"M","M","$","M","M","E"],"character_chosen":"THE_DEFAULT","items_purchased":["theMarked:TakeOffHeels","theMarked:HeritageOfTheMarked","ColorlessPotion","CultistPotion","Potion Belt","LiquidMemories","Strange Spoon"],"campfire_rested":4,"item_purchase_floors":[21,28,28,28,28,28,37],"current_hp_per_floor":[66,71,71,68,65,38,38,23,23,17,16,38,38,36,36,5,75,32,6,16,16,16,38,16,6,6,13,13,13,35,30,52,2,75,56,39,39,3,4,0,0],"gold":71,"neow_bonus":"ONE_RANDOM_RARE_CARD","is_daily":false,"chose_seed":false,"campfire_upgraded":2,"win_rate":0.0,"timestamp":1611022958,"path_taken":["M","?","?","?","M","E","R","E","T","?","M","R","M","M","R","BOSS","M","?","M","$","M","R","E","M","T","E","$","M","R","M","R","BOSS","M","M","?","M","M","E"],"items_purchased_type":["Card","Card","Potion","Potion","Relic","Potion","Relic"],"build_version":"2020-12-18","purchased_purges":1,"victory":false,"max_hp_per_floor":[70,75,75,75,75,75,75,75,75,75,75,75,75,75,75,75,75,75,75,75,75,75,75,75,75,75,75,75,75,75,75,75,75,75,75,75,75,75,75,75,75],"relic_stats":{"Strange Spoon":[5],"counters":[23,112],"Mummified Hand":[22],"Bronze Scales":[109],"obtain_stats":[{"Potion Belt":28,"theMarked:ArtifactOfAir":0,"SlaversCollar":17,"Strange Spoon":37,"HornCleat":9,"Mummified Hand":26,"Bronze Scales":24,"Fusion Hammer":34,"Toy Ornithopter":6,"TungstenRod":8,"WarpedTongs":3},{"Potion Belt":15,"theMarked:ArtifactOfAir":0,"SlaversCollar":9,"Strange Spoon":20,"HornCleat":5,"Mummified Hand":14,"Bronze Scales":13,"Fusion Hammer":18,"Toy Ornithopter":4,"TungstenRod":5,"WarpedTongs":1},{"Potion Belt":75,"theMarked:ArtifactOfAir":0,"SlaversCollar":44,"Strange Spoon":100,"HornCleat":24,"Mummified Hand":73,"Bronze Scales":68,"Fusion Hammer":91,"Toy Ornithopter":17,"TungstenRod":24,"WarpedTongs":4}],"Toy Ornithopter":60,"TungstenRod":83,"WarpedTongs":[106]},"card_choices":[{"not_picked":["theMarked:WastefulDefense","theMarked:WardOff"],"picked":"theMarked:CreepingChasm","floor":1},{"not_picked":["theMarked:TwofoldDefense","theMarked:Seal"],"picked":"theMarked:MaelstromOfLightning","floor":4},{"not_picked":["theMarked:ChainLightning","theMarked:Parkour","theMarked:ResourceFulStrike"],"picked":"SKIP","floor":5},{"not_picked":["theMarked:ResourceFulStrike","theMarked:Electrify","theMarked:ChainLightning"],"picked":"SKIP","floor":6},{"not_picked":["theMarked:Electrocute","theMarked:HeightenedSenses"],"picked":"theMarked:AttractMetal","floor":8},{"not_picked":["theMarked:ElectricStrings","theMarked:Convert"],"picked":"theMarked:Standoff","floor":11},{"not_picked":["theMarked:RepellingDischarge","theMarked:ElectricStrings"],"picked":"theMarked:SwordAndMagic","floor":13},{"not_picked":["theMarked:HeightenedSenses","theMarked:Frustration","theMarked:RepellingDischarge"],"picked":"SKIP","floor":14},{"not_picked":["theMarked:ThrowWeapon","theMarked:Snap"],"picked":"theMarked:MagicAdept","floor":16},{"not_picked":["theMarked:StartUp","theMarked:EmpowerWeapon"],"picked":"theMarked:Overcharge","floor":18},{"not_picked":["theMarked:SwordAndMagic+1","theMarked:ElectricStrings"],"picked":"theMarked:ChainLightning+1","floor":20},{"not_picked":["theMarked:TwofoldDefense","theMarked:Frustration"],"picked":"theMarked:ThrowWeapon","floor":22},{"not_picked":["theMarked:SelfDefenseTraining","theMarked:Electrify","theMarked:TwofoldDefense"],"picked":"SKIP","floor":24},{"not_picked":["theMarked:HeightenedSenses+1","theMarked:ElectricStrings+1"],"picked":"theMarked:Aftermath+1","floor":25},{"not_picked":["theMarked:BanishingStrike","theMarked:EmpowerWeapon"],"picked":"theMarked:ParalyzingBlade","floor":29},{"not_picked":["theMarked:WastefulDefense","theMarked:BanishingStrike"],"picked":"theMarked:BanishingWave","floor":31},{"not_picked":["theMarked:Snap","theMarked:MuscleMemory"],"picked":"theMarked:TurnInvisible","floor":33},{"not_picked":["theMarked:Aftermath","theMarked:ReduceFriction"],"picked":"theMarked:BanishingWave","floor":35},{"not_picked":["theMarked:WastefulDefense","theMarked:ChainLightning","theMarked:Parkour+1"],"picked":"SKIP","floor":36},{"not_picked":["theMarked:ElementalBlade","theMarked:LightningStrikesTwice"],"picked":"theMarked:WardOff+1","floor":38},{"not_picked":["theMarked:WastefulDefense+1","theMarked:TakeCover"],"picked":"theMarked:MysticalArsenal","floor":39}],"player_experience":864666,"relics_obtained":[{"floor":6,"key":"Toy Ornithopter"},{"floor":8,"key":"TungstenRod"},{"floor":9,"key":"HornCleat"},{"floor":24,"key":"Bronze Scales"},{"floor":26,"key":"Mummified Hand"}],"event_choices":[{"damage_healed":0,"gold_gain":0,"player_choice":"Donut","damage_taken":0,"max_hp_gain":5,"max_hp_loss":0,"event_name":"Big Fish","floor":2,"gold_loss":0},{"damage_healed":0,"gold_gain":0,"player_choice":"Rummage","damage_taken":0,"relics_obtained":["WarpedTongs"],"max_hp_gain":0,"max_hp_loss":0,"event_name":"Accursed Blacksmith","floor":3,"gold_loss":0,"cards_obtained":["Pain"]},{"cards_removed":["theMarked:Strike"],"damage_healed":0,"gold_gain":0,"player_choice":"Card Removal","damage_taken":7,"max_hp_gain":0,"max_hp_loss":0,"event_name":"Golden Wing","floor":10,"gold_loss":0},{"damage_healed":0,"gold_gain":180,"player_choice":"POTION GOLD CARD GOLD ","damage_taken":31,"max_hp_gain":0,"max_hp_loss":0,"event_name":"Knowing Skull","floor":19,"potions_obtained":["EssenceOfSteel"],"gold_loss":0,"cards_obtained":["Impatience"]}],"is_beta":true,"boss_relics":[{"not_picked":["Runic Pyramid","Tiny House"],"picked":"SlaversCollar"},{"not_picked":["Velvet Choker","Empty Cage"],"picked":"Fusion Hammer"}],"items_purged_floors":[21],"is_endless":false,"potions_floor_spawned":[6,11,14,20,24,27,31,33,35,38],"killed_by":"Reptomancer","ascension_level":0}}