{"host":"jyuuog6ydc2s7nd8","time":1611067289,"event":{"mods":["BaseMod","Better Vampires","Minty Spire (QoL Compilation)","Shop Mod","StSLib","The Hierophant","The Servant 0.9.4","TheBandit","[IsaacMod]ÒÔÈö¼âËþ"],"gold_per_floor":[398,473,473,473,149,176,176,190,260,260,85,85,9,48,48,139,139,164,14,14,28,28,28,28,69,69,118,132,132,165,188,188,281,281,305,335,356,656,685,685,698,698,769,769,804,246,246,270,270,270,270,270,270,90,133,133],"floor_reached":57,"language":"ZHS","playtime":1866,"items_purged":["Strike_R","Strike_R","Defend_R","Strike_R","Strike_R","Writhe","Immolate","Feed","Defend_R","Defend_R"],"score":3527,"play_id":"8483e087-0e1a-4549-b64b-73de55afeae4","local_time":"20210119224129","is_ascension_mode":true,"campfire_choices":[{"data":"Bash","floor":7.0,"key":"SMITH"},{"data":"Battle Trance","floor":12.0,"key":"SMITH"},{"data":"Feel No Pain","floor":15.0,"key":"SMITH"},{"data":"Dark Embrace","floor":23.0,"key":"SMITH"},{"data":"Pommel Strike","floor":29.0,"key":"SMITH"},{"data":"Bloodletting","floor":32.0,"key":"SMITH"},{"data":"Second Wind","floor":40,"key":"SMITH"},{"data":"Double Tap","floor":42,"key":"SMITH"},{"data":"Shrug It Off","floor":44,"key":"SMITH"},{"floor":49,"key":"RECALL"},{"data":"Defend_R","floor":53,"key":"SMITH"}],"circlet_count":0,"master_deck":["AscendersBane","Defend_R+1","Bash+1","Second Wind+1","Battle Trance+1","Feel No Pain+1","Dark Embrace+1","Bloodletting+1","Pommel Strike+1","Necronomicurse","Evolve+1","Shrug It Off+1","Body Slam+1"],"relics":["Burning Blood","HushsDoor","MealTicket","Bag of Preparation","DoctorsRemote","Golden Idol","Ancient Tea Set","SlaversCollar","GuppysHead","GuppysTail","Incubus","BloodBag","D6","MutagenicStrength","Necronomicon","TuHaoJin","Ice Cream","CeramicFish","Mark of Pain","GuppysHairball","SatanicBible","The Courier","GnawedLeaf","TungstenRod","Thread and Needle"],"acts_visited":["Exordium","TheCity","TheBeyond","TheEnding"],"potions_floor_usage":[56,56],"damage_taken":[{"damage":15.0,"enemies":"Small Slimes","floor":1.0,"turns":5.0},{"damage":0.0,"enemies":"3 Sentries","floor":6.0,"turns":3.0},{"damage":3.0,"enemies":"2 Louse","floor":8.0,"turns":3.0},{"damage":8.0,"enemies":"Gremlin Nob","floor":14.0,"turns":3.0},{"damage":0.0,"enemies":"Slime Boss","floor":16.0,"turns":2.0},{"damage":0.0,"enemies":"3 Byrds","floor":18.0,"turns":3.0},{"damage":3.0,"enemies":"Spheric Guardian","floor":21.0,"turns":3.0},{"damage":0.0,"enemies":"Gremlin Leader","floor":25.0,"turns":1.0},{"damage":6.0,"enemies":"Book of Stabbing","floor":27.0,"turns":2.0},{"damage":3.0,"enemies":"Snake Plant","floor":28.0,"turns":3.0},{"damage":3.0,"enemies":"Snecko","floor":30.0,"turns":2.0},{"damage":3.0,"enemies":"Cultist and Chosen","floor":31.0,"turns":2.0},{"damage":0,"enemies":"Automaton","floor":33,"turns":1},{"damage":3,"enemies":"Orb Walker","floor":35,"turns":3},{"damage":3,"enemies":"3 Darklings","floor":36,"turns":1},{"damage":6,"enemies":"Transient","floor":37,"turns":6},{"damage":0,"enemies":"Writhing Mass","floor":39,"turns":3},{"damage":5,"enemies":"3 Darklings","floor":41,"turns":3},{"damage":0,"enemies":"Nemesis","floor":45,"turns":3},{"damage":0,"enemies":"Jaw Worm Horde","floor":48,"turns":1},{"damage":0,"enemies":"Donu and Deca","floor":50,"turns":3},{"damage":2,"enemies":"Awakened One","floor":51,"turns":5},{"damage":4,"enemies":"Shield and Spear","floor":55,"turns":2},{"damage":0,"enemies":"The Heart","floor":56,"turns":4}],"seed_played":"-8743682938770112513","potions_obtained":[{"floor":8.0,"key":"Ancient Potion"},{"floor":16.0,"key":"FearPotion"},{"floor":28.0,"key":"PowerPotion"},{"floor":41,"key":"Dexterity Potion"}],"is_trial":false,"path_per_floor":["M","?","?","?","$","E","R","M","T","?","$","R","$","E","R","B",null,"M","$","?","M","?","R","?","E","T","E","M","R","M","M","R","B",null,"M","M","M","?","M","R","M","R","T","R","E","$","?","M","R","B","B",null,"R","$","E","B",null],"character_chosen":"IRONCLAD","items_purchased":["Battle Trance","Bag of Preparation","Feel No Pain","GuppysHead","GuppysTail","Incubus","Dark Embrace","GuppysHairball","SatanicBible","TungstenRod"],"campfire_rested":0,"item_purchase_floors":[5,5,11,17,17,17,17,34,34,46],"current_hp_per_floor":[53,42,42,27,42,48,48,51,51,28,43,43,51,49,49,55,21,31,31,31,31,31,31,10,16,16,19,22,22,28,34,34,43,7,10,10,10,10,10,10,10,10,10,10,13,13,13,13,13,13,13,13,13,13,13,13],"gold":133,"neow_bonus":"TWO_FIFTY_GOLD","is_daily":false,"chose_seed":false,"campfire_upgraded":10,"win_rate":0.0,"timestamp":1611067289,"path_taken":["M","?","?","?","$","E","R","?","T","?","?","R","$","E","R","BOSS","M","$","?","M","?","R","?","E","T","E","M","R","M","M","R","BOSS","M","M","?","?","?","R","M","R","T","R","E","$","?","M","R","BOSS","BOSS","R","$","E","BOSS"],"items_purchased_type":["Card","Relic","Card","Relic","Relic","Relic","Card","Relic","Relic","Relic"],"build_version":"2020-12-22","purchased_purges":10,"victory":true,"max_hp_per_floor":[68,68,68,68,68,68,68,68,68,68,68,68,68,68,68,68,21,31,31,31,31,31,31,31,31,31,34,34,34,37,40,40,43,7,10,10,10,10,10,10,10,10,10,10,13,13,13,13,13,13,13,13,13,13,13,13],"card_choices":[{"not_picked":[],"picked":"Bomb","floor":0.0},{"not_picked":["Perfected Strike","Iron Wave"],"picked":"Second Wind","floor":1.0},{"not_picked":["Disarm","Dropkick","Iron Wave"],"picked":"SKIP","floor":6.0},{"not_picked":["Perfected Strike","Warcry","Twin Strike"],"picked":"SKIP","floor":8.0},{"not_picked":["Cleave","Iron Wave"],"picked":"Feed","floor":14.0},{"not_picked":["Berserk","Fiend Fire"],"picked":"Immolate","floor":16.0},{"not_picked":["Clash","Sentinel"],"picked":"Bloodletting","floor":18.0},{"not_picked":["Armaments","Flame Barrier"],"picked":"Pommel Strike","floor":21.0},{"not_picked":["Anger","Intimidate","Spot Weakness"],"picked":"SKIP","floor":25.0},{"not_picked":["Havoc","Wild Strike"],"picked":"Double Tap","floor":27.0},{"not_picked":["Anger","True Grit","Inflame"],"picked":"SKIP","floor":28.0},{"not_picked":["Spot Weakness","Burning Pact"],"picked":"Evolve+1","floor":30.0},{"not_picked":["Clash","Evolve","Inflame"],"picked":"SKIP","floor":31.0},{"not_picked":["Pommel Strike+1","Headbutt","Clothesline"],"picked":"SKIP","floor":35},{"not_picked":["Headbutt+1","Uppercut"],"picked":"Shrug It Off","floor":36},{"not_picked":["Sever Soul","Perfected Strike","Inflame+1"],"picked":"SKIP","floor":37},{"not_picked":["Burning Pact+1","Iron Wave"],"picked":"Body Slam+1","floor":39},{"not_picked":["Second Wind","Armaments","Shrug It Off"],"picked":"SKIP","floor":41},{"not_picked":["Havoc+1","Anger","Whirlwind"],"picked":"SKIP","floor":45},{"not_picked":["Dual Wield","Heavy Blade+1","Dropkick"],"picked":"SKIP","floor":48},{"not_picked":["Shrug It Off+1","Anger","Iron Wave"],"picked":"SKIP","floor":55}],"player_experience":1850665,"relics_obtained":[{"floor":6.0,"key":"DoctorsRemote"},{"floor":14.0,"key":"Ancient Tea Set"},{"floor":24.0,"key":"Necronomicon"},{"floor":25.0,"key":"TuHaoJin"},{"floor":26.0,"key":"Ice Cream"},{"floor":27.0,"key":"CeramicFish"},{"floor":43,"key":"The Courier"},{"floor":45,"key":"GnawedLeaf"},{"floor":55,"key":"Thread and Needle"}],"event_choices":[{"damage_healed":0.0,"max_hp_gain":0.0,"max_hp_loss":0.0,"gold_gain":75.0,"event_name":"World of Goop","player_choice":"Gather Gold","floor":2.0,"gold_loss":0.0,"damage_taken":11.0},{"cards_removed":["Strike_R"],"damage_healed":0.0,"max_hp_gain":0.0,"max_hp_loss":0.0,"gold_gain":0.0,"event_name":"Living Wall","player_choice":"Forget","floor":3.0,"gold_loss":0.0,"damage_taken":0.0},{"damage_healed":0.0,"max_hp_gain":0.0,"max_hp_loss":0.0,"gold_gain":0.0,"event_name":"Golden Idol","player_choice":"Take Damage","floor":10.0,"gold_loss":0.0,"damage_taken":23.0,"relics_obtained":["Golden Idol"]},{"damage_healed":0.0,"max_hp_gain":0.0,"max_hp_loss":0.0,"gold_gain":0.0,"event_name":"The Mausoleum","player_choice":"Opened","floor":20.0,"gold_loss":0.0,"damage_taken":0.0,"relics_obtained":["D6"],"cards_obtained":["Writhe"]},{"damage_healed":0.0,"max_hp_gain":0.0,"max_hp_loss":0.0,"gold_gain":0.0,"event_name":"Drug Dealer","player_choice":"Inject Mutagens","floor":22.0,"gold_loss":0.0,"damage_taken":0.0,"relics_obtained":["MutagenicStrength"]},{"damage_healed":0.0,"max_hp_gain":0.0,"max_hp_loss":0.0,"gold_gain":0.0,"event_name":"Cursed Tome","player_choice":"Obtained Book","floor":24.0,"gold_loss":0.0,"damage_taken":21.0},{"cards_removed":["Double Tap"],"damage_healed":0,"gold_gain":0,"player_choice":"Removed Skill","damage_taken":0,"max_hp_gain":0,"max_hp_loss":0,"event_name":"Falling","floor":47,"gold_loss":0}],"is_beta":false,"boss_relics":[{"not_picked":["Busted Crown","Velvet Choker"],"picked":"SlaversCollar"},{"not_picked":[]},{"not_picked":["Astrolabe","Pandora\u0027s Box"],"picked":"Mark of Pain"},{"not_picked":[]}],"items_purged_floors":[5,11,13,17,19,34,34,46,46,54],"is_endless":false,"potions_floor_spawned":[8,16,18,25,28,31,36,41,45],"ascension_level":20}}