{"host":"d5i1qeb9dejicw1z","time":1611100296,"event":{"mods":["AchievementEnabler","BaseMod","Better Note","BetterRewards","Downfall","Gold Saver","Hermit","Minty Spire (QoL Compilation)","StSLib"],"gold_per_floor":[111,111,126,201,214,214,239,239,239,32,32,65,65,65,65,142,142,159,170,220,220,234,234,252,252,252,252,252,252],"floor_reached":28,"language":"ENG","playtime":675,"items_purged":[],"score":426,"play_id":"0fc0ebd2-0bce-4b26-9f3b-4791b4744c6b","local_time":"20210119155136","is_ascension_mode":true,"campfire_choices":[{"data":"Consume","floor":6,"key":"SMITH"},{"data":"Zap","floor":8,"key":"SMITH"},{"data":"Loop","floor":15,"key":"SMITH"},{"floor":23,"key":"REST"},{"floor":25,"key":"REST"},{"floor":27,"key":"REST"}],"circlet_count":0,"master_deck":["AscendersBane","Strike_B","Strike_B","Strike_B","Strike_B","Defend_B","Defend_B","Defend_B+1","Defend_B","Zap+1","Consume+1","Streamline+1","Conserve Battery","Loop+1","Reboot","Conserve Battery","Static Discharge","Conserve Battery"],"relics":["Cracked Core","NeowsBlessing","Shuriken","The Courier","Lee\u0027s Waffle","Pear","Inserter","Darkstone Periapt"],"acts_visited":["Exordium","TheCity"],"potions_floor_usage":[7,7,16,19,22],"damage_taken":[{"damage":0,"enemies":"Jaw Worm","floor":1,"turns":1},{"damage":0,"enemies":"Cultist","floor":3,"turns":1},{"damage":0,"enemies":"2 Louse","floor":5,"turns":1},{"damage":36,"enemies":"Gremlin Nob","floor":7,"turns":4},{"damage":18,"enemies":"Lagavulin","floor":12,"turns":6},{"damage":22,"enemies":"Slime Boss","floor":16,"turns":9},{"damage":24,"enemies":"Shell Parasite","floor":18,"turns":7},{"damage":27,"enemies":"2 Thieves","floor":19,"turns":4},{"damage":13,"enemies":"Snecko","floor":22,"turns":5},{"damage":31,"enemies":"Snake Plant","floor":24,"turns":4},{"damage":66,"enemies":"3 Cultists","floor":28,"turns":5}],"seed_played":"2587713236764275142","potions_obtained":[{"floor":1,"key":"Energy Potion"},{"floor":5,"key":"DistilledChaos"},{"floor":12,"key":"LiquidBronze"},{"floor":18,"key":"ColorlessPotion"},{"floor":19,"key":"Guardian:BlockOnCardUsePotion"}],"is_trial":false,"path_per_floor":["M","?","M","?","M","R","E","R","T","$","?","E","?","?","R","B",null,"M","M","?","?","M","R","M","R","T","R","M"],"character_chosen":"DEFECT","items_purchased":["Lee\u0027s Waffle","Loop"],"campfire_rested":3,"item_purchase_floors":[10,10],"current_hp_per_floor":[64,64,64,53,53,53,17,17,17,78,55,47,76,76,76,54,80,56,29,29,29,16,42,11,37,37,63,0,0],"gold":252,"neow_bonus":"THREE_ENEMY_KILL","is_daily":false,"chose_seed":false,"campfire_upgraded":3,"win_rate":0.0,"timestamp":1611100296,"path_taken":["M","?","?","?","M","R","E","R","T","?","?","E","?","?","R","BOSS","M","M","?","?","M","R","M","R","T","R","?"],"items_purchased_type":["Relic","Card"],"build_version":"2020-12-22","purchased_purges":0,"victory":false,"max_hp_per_floor":[71,71,71,71,71,71,71,71,71,78,78,88,88,88,88,88,88,88,88,88,88,88,88,88,88,88,88,88,88],"card_choices":[{"not_picked":["Self Repair","Hologram","Force Field"],"picked":"SKIP","floor":1},{"not_picked":["Sweeping Beam","Hologram"],"picked":"Streamline","floor":3},{"not_picked":["Coolheaded","Redo"],"picked":"Conserve Battery","floor":5},{"not_picked":["Double Energy","Scrape","FTL"],"picked":"SKIP","floor":7},{"not_picked":["Consume","Darkness","Beam Cell"],"picked":"SKIP","floor":12},{"not_picked":["Amplify","Biased Cognition"],"picked":"Reboot","floor":16},{"not_picked":["Skim","Hologram","Consume"],"picked":"SKIP","floor":18},{"not_picked":["Turbo","Reinforced Body"],"picked":"Conserve Battery","floor":19},{"not_picked":["FTL","Barrage"],"picked":"Static Discharge","floor":22},{"not_picked":["Auto Shields","Recycle"],"picked":"Conserve Battery","floor":24}],"player_experience":1254961,"relics_obtained":[{"floor":7,"key":"Shuriken"},{"floor":9,"key":"The Courier"},{"floor":12,"key":"Pear"},{"floor":26,"key":"Darkstone Periapt"}],"event_choices":[{"damage_healed":0,"gold_gain":0,"cards_transformed":["Dualcast"],"player_choice":"Transformed","damage_taken":0,"max_hp_gain":0,"max_hp_loss":0,"event_name":"Transmorgrifier","floor":2,"gold_loss":0,"cards_obtained":["Consume"]},{"damage_healed":0,"gold_gain":75,"player_choice":"Gather Gold","damage_taken":11,"max_hp_gain":0,"max_hp_loss":0,"event_name":"World of Goop","floor":4,"gold_loss":0},{"damage_healed":0,"gold_gain":0,"player_choice":"Entered Light","damage_taken":23,"max_hp_gain":0,"max_hp_loss":0,"event_name":"Shining Light","floor":11,"gold_loss":0,"cards_upgraded":["Streamline","Defend_B"]},{"damage_healed":29,"gold_gain":0,"player_choice":"Banana","damage_taken":0,"max_hp_gain":0,"max_hp_loss":0,"event_name":"Big Fish","floor":13,"gold_loss":0},{"damage_healed":0,"gold_gain":0,"player_choice":"Ignored","damage_taken":0,"max_hp_gain":0,"max_hp_loss":0,"event_name":"Liars Game","floor":14,"gold_loss":0},{"damage_healed":0,"gold_gain":50,"player_choice":"Stole From Cult","damage_taken":0,"max_hp_gain":0,"max_hp_loss":0,"event_name":"Nest","floor":20,"gold_loss":0},{"damage_healed":0,"gold_gain":0,"player_choice":"Ignored","damage_taken":0,"max_hp_gain":0,"max_hp_loss":0,"event_name":"The Mausoleum","floor":21,"gold_loss":0}],"is_beta":false,"boss_relics":[{"not_picked":["Astrolabe","Snecko Eye"],"picked":"Inserter"}],"items_purged_floors":[],"is_endless":false,"potions_floor_spawned":[1,5,12,18,19],"killed_by":"3 Cultists","ascension_level":18}}