{"host":"u7y6mp3waw4jt65j","time":1611053523,"event":{"mods":["ATMod(°¢èªMod)","Aspiration","BaseMod","Conspire","Dota2Spire","Jedi Mod","Minty Spire (QoL Compilation)","Replay The Spire","StSLib","¡¾ÒÅÎï¿¨ÅÆ¡¿REMEMod"],"gold_per_floor":[113,113,113,113,143,143,182,203,203,244,265,265,122,172,172,217,217],"floor_reached":16,"language":"ZHS","playtime":585,"items_purged":[],"score":180,"play_id":"88f80039-b997-4268-aaf9-15e15ea96c4a","local_time":"20210119185203","is_ascension_mode":true,"campfire_choices":[{"floor":6,"key":"REST"},{"floor":15,"key":"REST"}],"circlet_count":0,"master_deck":["AscendersBane","Strike_R","Strike_R","Strike_R","Strike_R","Strike_R","Defend_R","Defend_R","Defend_R","Defend_R","Bash","AT_ChampionKick","Twin Strike","Rage+1","Uppercut","Hemokinesis","Heavy Blade","Thunderclap","Hemokinesis","Seeing Red","Twin Strike"],"relics":["Burning Blood","AT_ATBox","REME_ComplimentaryCards","Dream Catcher","Golden Idol","conspire:BottledYoYo","Divine Protection","ReplayTheSpireMod:TigerMarble","ReplayTheSpireMod:Ring of Challenge","AT_SunfireAegis"],"acts_visited":["Exordium"],"potions_floor_usage":[16],"damage_taken":[{"damage":1,"enemies":"Cultist","floor":1,"turns":4},{"damage":29,"enemies":"Lagavulin","floor":7,"turns":6},{"damage":12,"enemies":"conspire:RoseBush","floor":8,"turns":2},{"damage":13,"enemies":"Gremlin Nob","floor":10,"turns":4},{"damage":6,"enemies":"Jaw Worm","floor":11,"turns":2},{"damage":65,"enemies":"The Guardian","floor":16,"turns":7}],"seed_played":"8578789583403980462","potions_obtained":[{"floor":1,"key":"jedi:tentaclejuice"},{"floor":5,"key":"BlessingOfTheForge"},{"floor":5,"key":"jedi:wingpotion"},{"floor":5,"key":"LiquidBronze"}],"is_trial":false,"path_per_floor":["M","$","?","?","?","R","E","M","T","E","M","?","$","?","R","B"],"character_chosen":"IRONCLAD","items_purchased":["AT_SunfireAegis"],"campfire_rested":2,"item_purchase_floors":[13],"current_hp_per_floor":[73,73,73,55,55,75,52,46,46,39,43,43,43,43,65,0,0],"gold":217,"neow_bonus":"RANDOM_COMMON_RELIC","is_daily":false,"chose_seed":false,"campfire_upgraded":0,"win_rate":0.0,"timestamp":1611053523,"path_taken":["M","$","?","?","?","R","E","M","T","E","?","?","$","?","R","BOSS"],"items_purchased_type":["Relic"],"build_version":"2020-12-22","purchased_purges":0,"victory":false,"max_hp_per_floor":[75,75,75,75,75,75,75,75,75,75,75,75,75,75,75,75,75],"card_choices":[{"not_picked":["Sentinel","Body Slam"],"picked":"Twin Strike","floor":1},{"not_picked":["jedi:suffering","Warcry"],"picked":"Uppercut","floor":5},{"not_picked":["Thunderclap","AT_BodySlamDance"],"picked":"Hemokinesis","floor":6},{"not_picked":["Replay:Undeath\u0027s Touch","Shockwave"],"picked":"Heavy Blade","floor":7},{"not_picked":["AT_ManFootWork","Replay:Many Hands"],"picked":"Thunderclap","floor":8},{"not_picked":["Flex","Thunderclap"],"picked":"Hemokinesis","floor":10},{"not_picked":["jedi:fear","Body Slam"],"picked":"Seeing Red","floor":11},{"not_picked":["Wild Strike","Cleave"],"picked":"Twin Strike","floor":15}],"player_experience":136776,"relics_obtained":[{"floor":7,"key":"conspire:BottledYoYo"},{"floor":9,"key":"Divine Protection"},{"floor":10,"key":"ReplayTheSpireMod:TigerMarble"},{"floor":12,"key":"ReplayTheSpireMod:Ring of Challenge"}],"event_choices":[{"damage_healed":0,"gold_gain":0,"player_choice":"Take Damage","damage_taken":18,"relics_obtained":["Golden Idol"],"max_hp_gain":0,"max_hp_loss":0,"event_name":"Golden Idol","floor":4,"gold_loss":0},{"damage_healed":0,"gold_gain":50,"player_choice":"Gained Gold","damage_taken":0,"max_hp_gain":0,"max_hp_loss":0,"event_name":"Golden Wing","floor":14,"gold_loss":0}],"is_beta":false,"boss_relics":[],"items_purged_floors":[],"is_endless":false,"potions_floor_spawned":[1,7,11],"killed_by":"The Guardian","ascension_level":14}}