{"host":"s8ccp9jw4vzp58l1","time":1611051225,"event":{"mods":["BaseMod","Colored Map","Colored Powertips","Minty Spire (QoL Compilation)","Relic Stats"],"gold_per_floor":[116,130,149,149,174,218,218,232,232,245,258,294,313,344,344,469,469,488,587,23,39,39,39,59,59,59,80,80,80,105,5,5,125,125,149,149,170,170,170,170,18,18,18,32,32,32,53,386,386,386],"floor_reached":51,"language":"ENG","playtime":4849,"items_purged":["Defend_G","Underhanded Strike"],"score":669,"play_id":"34c6b219-b7f1-410a-ad1e-cbeecf4c4c18","local_time":"20210119041345","is_ascension_mode":false,"campfire_choices":[{"data":"Dash","floor":7,"key":"SMITH"},{"floor":15,"key":"REST"},{"data":"Burst","floor":23,"key":"SMITH"},{"data":"Noxious Fumes","floor":25,"key":"SMITH"},{"data":"Backflip","floor":28,"key":"SMITH"},{"floor":32,"key":"REST"},{"data":"Madness","floor":40,"key":"SMITH"},{"data":"Neutralize","floor":45,"key":"SMITH"},{"floor":49,"key":"REST"}],"circlet_count":0,"master_deck":["Strike_G+1","Strike_G+1","Strike_G+1","Strike_G+1","Strike_G+1","Defend_G+1","Defend_G+1","Defend_G+1","Defend_G+1","Survivor","Neutralize+1","Dagger Spray","Noxious Fumes+1","Dash+1","Flying Knee","Deflect","Backflip+1","Burst+1","Leg Sweep","Finisher","Slice","Dagger Spray+1","Deadly Poison","Sucker Punch+1","Deadly Poison","Madness+1","Madness+1","Flash of Steel","Adrenaline"],"relics":["Ring of the Snake","NeowsBlessing","PreservedInsect","Ninja Scroll","Kunai","Runic Pyramid","Sling","Shuriken","Happy Flower","Tiny Chest","Busted Crown","White Beast Statue","Regal Pillow","Juzu Bracelet"],"acts_visited":["Exordium","TheCity","TheBeyond"],"potions_floor_usage":[6,10,10,11,14,14,21,47,50,50,50],"damage_taken":[{"damage":0,"enemies":"Cultist","floor":1,"turns":1},{"damage":0,"enemies":"2 Louse","floor":2,"turns":1},{"damage":0,"enemies":"Small Slimes","floor":3,"turns":1},{"damage":12,"enemies":"Exordium Wildlife","floor":5,"turns":6},{"damage":5,"enemies":"3 Sentries","floor":6,"turns":6},{"damage":4,"enemies":"Red Slaver","floor":8,"turns":4},{"damage":5,"enemies":"Large Slime","floor":10,"turns":6},{"damage":0,"enemies":"2 Fungi Beasts","floor":11,"turns":3},{"damage":10,"enemies":"Gremlin Nob","floor":12,"turns":4},{"damage":0,"enemies":"Looter","floor":13,"turns":2},{"damage":0,"enemies":"Lagavulin","floor":14,"turns":5},{"damage":16,"enemies":"Hexaghost","floor":16,"turns":12},{"damage":1,"enemies":"Chosen","floor":18,"turns":4},{"damage":6,"enemies":"Shell Parasite","floor":21,"turns":7},{"damage":1,"enemies":"Snake Plant","floor":24,"turns":5},{"damage":4,"enemies":"3 Cultists","floor":27,"turns":5},{"damage":43,"enemies":"Shelled Parasite and Fungi","floor":30,"turns":5},{"damage":15,"enemies":"Champ","floor":33,"turns":13},{"damage":0,"enemies":"3 Darklings","floor":35,"turns":5},{"damage":1,"enemies":"Orb Walker","floor":37,"turns":3},{"damage":7,"enemies":"Transient","floor":44,"turns":5},{"damage":3,"enemies":"Sphere and 2 Shapes","floor":47,"turns":4},{"damage":21,"enemies":"Time Eater","floor":50,"turns":12}],"seed_played":"-5167816990005874650","potions_obtained":[{"floor":3,"key":"Dexterity Potion"},{"floor":5,"key":"LiquidMemories"},{"floor":6,"key":"PowerPotion"},{"floor":8,"key":"BlessingOfTheForge"},{"floor":12,"key":"EssenceOfSteel"},{"floor":13,"key":"SpeedPotion"},{"floor":16,"key":"FearPotion"},{"floor":33,"key":"FearPotion"},{"floor":37,"key":"Ancient Potion"},{"floor":44,"key":"BlessingOfTheForge"},{"floor":47,"key":"AttackPotion"}],"is_trial":false,"path_per_floor":["M","M","M","?","M","E","R","M","T","M","M","E","M","E","R","B",null,"M","?","$","M","?","R","M","R","T","M","R","?","M","$","R","B",null,"M","?","M","?","T","R","$","?","T","M","R","?","M","?","R","B",null],"character_chosen":"THE_SILENT","items_purchased":["Sling","Finisher","Shuriken","Slice","Regal Pillow"],"campfire_rested":3,"item_purchase_floors":[20,20,20,20,41],"current_hp_per_floor":[70,70,70,53,41,36,36,32,32,27,27,17,17,17,38,22,70,69,69,69,63,63,63,62,62,62,58,58,58,15,15,36,21,70,70,70,69,60,60,60,60,60,60,53,53,53,50,50,70,49],"gold":386,"neow_bonus":"THREE_ENEMY_KILL","is_daily":false,"chose_seed":false,"campfire_upgraded":6,"win_rate":0.0,"timestamp":1611051225,"path_taken":["M","?","M","?","M","E","R","M","T","M","M","E","M","E","R","BOSS","M","?","$","M","?","R","?","R","T","M","R","?","M","$","R","BOSS","M","?","M","?","?","R","$","?","T","M","R","?","M","?","R","BOSS"],"items_purchased_type":["Relic","Card","Relic","Card","Relic"],"build_version":"2020-12-22","purchased_purges":2,"victory":true,"max_hp_per_floor":[70,70,70,70,70,70,70,70,70,70,70,70,70,70,70,70,70,70,70,70,70,70,70,70,70,70,70,70,70,70,70,70,70,70,70,70,70,70,70,70,70,70,70,70,70,70,70,70,70,70],"relic_stats":{"Regal Pillow":0,"Busted Crown":8,"Happy Flower":[19],"counters":[23,119],"Shuriken":[37],"Tiny Chest":1,"PreservedInsect":50,"Juzu Bracelet":2,"Kunai":[45],"obtain_stats":[{"Regal Pillow":41,"NeowsBlessing":0,"Happy Flower":22,"Golden Idol":4,"PreservedInsect":6,"Juzu Bracelet":43,"Sling":20,"White Beast Statue":39,"Busted Crown":34,"Ninja Scroll":12,"Shuriken":20,"Tiny Chest":26,"Kunai":14,"Ring of the Snake":0,"Runic Pyramid":17},{"Regal Pillow":20,"NeowsBlessing":0,"Happy Flower":14,"Golden Idol":3,"PreservedInsect":5,"Juzu Bracelet":20,"Sling":13,"White Beast Statue":20,"Busted Crown":18,"Ninja Scroll":9,"Shuriken":13,"Tiny Chest":15,"Kunai":11,"Ring of the Snake":0,"Runic Pyramid":12},{"Regal Pillow":98,"NeowsBlessing":0,"Happy Flower":62,"Golden Idol":3,"PreservedInsect":15,"Juzu Bracelet":98,"Sling":55,"White Beast Statue":98,"Busted Crown":90,"Ninja Scroll":32,"Shuriken":55,"Tiny Chest":67,"Kunai":39,"Ring of the Snake":0,"Runic Pyramid":51}],"Ring of the Snake":[46]},"card_choices":[{"not_picked":["Acrobatics","Calculated Gamble","Reflex"],"picked":"SKIP","floor":1},{"not_picked":["Escape Plan","Riddle With Holes"],"picked":"Dagger Spray","floor":2},{"not_picked":["Finisher","Quick Slash"],"picked":"Noxious Fumes","floor":3},{"not_picked":["Blur","Outmaneuver"],"picked":"Dash","floor":5},{"not_picked":["Blur","Endless Agony"],"picked":"Unload","floor":6},{"not_picked":["Choke","Dagger Spray","Underhanded Strike"],"picked":"SKIP","floor":8},{"not_picked":["Quick Slash","Blade Dance"],"picked":"Flying Knee","floor":10},{"not_picked":["Dagger Throw","Blur"],"picked":"Deflect","floor":11},{"not_picked":["Cloak And Dagger","Slice"],"picked":"Accuracy","floor":12},{"not_picked":["Eviscerate","All Out Attack"],"picked":"Underhanded Strike","floor":13},{"not_picked":["Backstab","Caltrops"],"picked":"Backflip","floor":14},{"not_picked":["Doppelganger","Glass Knife"],"picked":"Burst","floor":16},{"not_picked":["Underhanded Strike","Dagger Spray"],"picked":"Leg Sweep","floor":18},{"not_picked":["Caltrops","Eviscerate"],"picked":"Dagger Spray+1","floor":21},{"not_picked":["Catalyst","Quick Slash"],"picked":"Deadly Poison","floor":24},{"not_picked":["Dagger Throw","Prepared"],"picked":"Sucker Punch+1","floor":27},{"not_picked":["Masterful Stab+1","Distraction"],"picked":"Deadly Poison","floor":30},{"not_picked":["Expertise"],"picked":"SKIP","floor":35},{"not_picked":["Deflect"],"picked":"SKIP","floor":37},{"not_picked":["Prepared"],"picked":"SKIP","floor":44},{"not_picked":["Accuracy+1"],"picked":"SKIP","floor":47}],"player_experience":158128,"relics_obtained":[{"floor":6,"key":"PreservedInsect"},{"floor":12,"key":"Ninja Scroll"},{"floor":14,"key":"Kunai"},{"floor":26,"key":"Tiny Chest"},{"floor":39,"key":"White Beast Statue"},{"floor":43,"key":"Juzu Bracelet"}],"event_choices":[{"damage_healed":0,"gold_gain":0,"player_choice":"Take Damage","damage_taken":17,"relics_obtained":["Golden Idol"],"max_hp_gain":0,"max_hp_loss":0,"event_name":"Golden Idol","floor":4,"gold_loss":0},{"damage_healed":0,"gold_gain":99,"player_choice":"Stole From Cult","damage_taken":0,"max_hp_gain":0,"max_hp_loss":0,"event_name":"Nest","floor":19,"gold_loss":0},{"cards_removed":["Unload"],"damage_healed":0,"gold_gain":0,"player_choice":"Gave Card","damage_taken":0,"relics_obtained":["Happy Flower"],"max_hp_gain":0,"max_hp_loss":0,"event_name":"WeMeetAgain","floor":22,"gold_loss":0},{"damage_healed":0,"gold_gain":0,"player_choice":"Simplicity","damage_taken":0,"max_hp_gain":0,"max_hp_loss":0,"event_name":"Back to Basics","floor":29,"gold_loss":0,"cards_upgraded":["Strike_G","Strike_G","Strike_G","Strike_G","Strike_G","Defend_G","Defend_G","Defend_G","Defend_G"]},{"cards_removed":["Accuracy"],"damage_healed":0,"gold_gain":0,"player_choice":"Removed Power","damage_taken":0,"max_hp_gain":0,"max_hp_loss":0,"event_name":"Falling","floor":36,"gold_loss":0},{"damage_healed":0,"gold_gain":0,"player_choice":"Embrace Madness","damage_taken":9,"max_hp_gain":0,"max_hp_loss":0,"event_name":"Winding Halls","floor":38,"gold_loss":0,"cards_obtained":["Madness","Madness"]},{"damage_healed":0,"gold_gain":0,"player_choice":"Upgraded","damage_taken":0,"max_hp_gain":0,"max_hp_loss":0,"event_name":"Upgrade Shrine","floor":42,"gold_loss":0,"cards_upgraded":["Madness"]},{"damage_healed":0,"gold_gain":0,"player_choice":"2 cards matched","damage_taken":0,"max_hp_gain":0,"max_hp_loss":0,"event_name":"Match and Keep!","floor":46,"gold_loss":0,"cards_obtained":["Flash of Steel","Adrenaline"]},{"damage_healed":0,"gold_gain":333,"player_choice":"Gave Idol","damage_taken":0,"max_hp_gain":0,"max_hp_loss":0,"event_name":"The Moai Head","floor":48,"relics_lost":["Golden Idol"],"gold_loss":0}],"is_beta":false,"boss_relics":[{"not_picked":["SacredBark","Philosopher\u0027s Stone"],"picked":"Runic Pyramid"},{"not_picked":["Coffee Dripper","WristBlade"],"picked":"Busted Crown"}],"items_purged_floors":[20,31],"is_endless":false,"potions_floor_spawned":[3,5,6,8,12,13,16,33,37,44,47],"ascension_level":0}}