{"host":"umc2kcp6syiz6ck1","time":1611027284,"event":{"mods":["Act Like it!","BaseMod","Colored Map","Colored Powertips","Friendly Minions","Gensokyo","Hallownest","Koishi","Marisa????????","Minty Spire (QoL Compilation)","Prisma Mod","Quick Restart","Remilia??????","StSLib","Td1madao Mod","The Administrix","The Bug Knight","The Servant 0.9.4"],"gold_per_floor":[116,132,132,60,10,10,10,37,37,37,68,84,102,102,102,204,204,186,204,129,148,165,196,196,196,196],"floor_reached":25,"language":"ENG","playtime":1631,"items_purged":["HollowMod:QuickDashStart"],"score":236,"play_id":"51c40c68-6aee-4904-9c35-3aa63a9f7174","local_time":"20210118213444","is_ascension_mode":false,"campfire_choices":[{"data":"HollowMod:theNailsmith","floor":6.0,"key":"SMITH"},{"data":"HollowMod:theNailsmith","floor":10.0,"key":"SMITH"},{"data":"HollowMod:RecoilStrike","floor":15.0,"key":"SMITH"}],"circlet_count":0,"master_deck":["HollowMod:NailStrikeStart","HollowMod:NailStrikeStart","HollowMod:NailStrikeStart","HollowMod:QuickDashStart","HollowMod:QuickDashStart","HollowMod:QuickDashStart","HollowMod:FocusHealStart","HollowMod:PogoStrike","HollowMod:DashSlash","HollowMod:DashSlash","HollowMod:theNailsmith+1","HollowMod:theNailsmith+1","HollowMod:RecoilStrike+1","HollowMod:HornetsHelp","HollowMod:CycloneSlash+1","HollowMod:SharpenedNail","HollowMod:DashSlash","HollowMod:MonarchWings"],"relics":["HollowMod:VesselMask","NeowsBlessing","White Beast Statue","HollowMod:MantisClawRelic","HollowMod:PaleOreRelic","SacredBark","Red Mask"],"acts_visited":["Exordium","TheCity"],"potions_floor_usage":[],"damage_taken":[{"damage":0.0,"enemies":"Jaw Worm","floor":1.0,"turns":1.0},{"damage":0.0,"enemies":"Cultist","floor":2.0,"turns":1.0},{"damage":0.0,"enemies":"Lagavulin","floor":8.0,"turns":1.0},{"damage":13.0,"enemies":"3 Sentries","floor":11.0,"turns":8.0},{"damage":2.0,"enemies":"2 Louse","floor":12.0,"turns":3.0},{"damage":9.0,"enemies":"Exordium Thugs","floor":13.0,"turns":6.0},{"damage":36.0,"enemies":"Hexaghost","floor":16.0,"turns":11.0},{"damage":19.0,"enemies":"2 Thieves","floor":18.0,"turns":4.0},{"damage":20.0,"enemies":"Spheric Guardian","floor":19.0,"turns":5.0},{"damage":19.0,"enemies":"Centurion and Healer","floor":21.0,"turns":6.0},{"damage":57.0,"enemies":"Sentry and Sphere","floor":22.0,"turns":8.0},{"damage":20.0,"enemies":"Masked Bandits","floor":23.0,"turns":5.0},{"damage":0,"enemies":"Snake Plant","floor":25,"turns":1}],"seed_played":"4092729279306065818","potions_obtained":[{"floor":1.0,"key":"Fire Potion"},{"floor":2.0,"key":"FairyPotion"},{"floor":8.0,"key":"Energy Potion"},{"floor":16.0,"key":"AttackPotion"},{"floor":19.0,"key":"BlessingOfTheForge"},{"floor":21.0,"key":"Regen Potion"},{"floor":22.0,"key":"AttackPotion"},{"floor":23.0,"key":"EssenceOfSteel"}],"is_trial":false,"path_per_floor":["M","M","?","$","?","R","$","E","T","R","E","M","M","?","R","B",null,"M","M","$","M","M","?","?","M"],"character_chosen":"THE_BUGKNIGHT","items_purchased":["HollowMod:theNailsmith"],"campfire_rested":0,"item_purchase_floors":[4],"current_hp_per_floor":[75,75,75,75,75,75,75,75,75,75,68,72,63,63,63,33,75,56,36,36,17,40,20,20,20,20],"gold":196,"neow_bonus":"THREE_ENEMY_KILL","is_daily":false,"chose_seed":false,"campfire_upgraded":3,"win_rate":0.0,"timestamp":1611027284,"path_taken":["M","M","?","$","?","R","?","E","T","R","E","?","M","?","R","BOSS","M","M","$","M","M","?","?","M"],"items_purchased_type":["Card"],"build_version":"2020-12-22","purchased_purges":1,"victory":false,"max_hp_per_floor":[75,75,75,75,75,75,75,75,75,75,75,75,75,75,75,75,75,75,75,75,75,75,75,75,75,75],"card_choices":[{"not_picked":["HollowMod:MothsMistake","HollowMod:DoubleDash"],"picked":"HollowMod:DashSlash","floor":1.0},{"not_picked":["HollowMod:CoiledNail","HollowMod:SoulVessel"],"picked":"HollowMod:DashSlash","floor":2.0},{"not_picked":["HollowMod:SiblingsSouls","HollowMod:CoiledNail"],"picked":"HollowMod:theNailsmith","floor":8.0},{"not_picked":["HollowMod:HowlingWraiths","HollowMod:SoulSplash","HollowMod:FastStrike"],"picked":"SKIP","floor":11.0},{"not_picked":["HollowMod:CloakDash","HollowMod:SiblingsShadow","HollowMod:SoulEater"],"picked":"SKIP","floor":12.0},{"not_picked":["HollowMod:AbyssShriek","HollowMod:WraithStrike"],"picked":"HollowMod:RecoilStrike","floor":13.0},{"not_picked":["HollowMod:AwokenDreamNail","HollowMod:NewInfectedGuardian"],"picked":"HollowMod:HornetsHelp","floor":16.0},{"not_picked":["HollowMod:SoulVessel+1","HollowMod:InfectedCysts+1"],"picked":"HollowMod:CornifersMapStart","floor":18.0},{"not_picked":["HollowMod:CrystalDash","HollowMod:DoubleDash"],"picked":"HollowMod:CycloneSlash+1","floor":19.0},{"not_picked":["HollowMod:MawleksShell","HollowMod:InfectedAttack"],"picked":"HollowMod:SharpenedNail","floor":21.0},{"not_picked":["HollowMod:AwokenDreamNail","HollowMod:NewLittleFool+1"],"picked":"HollowMod:DashSlash","floor":22.0}],"player_experience":71148,"relics_obtained":[{"floor":8.0,"key":"White Beast Statue"},{"floor":9.0,"key":"HollowMod:MantisClawRelic"},{"floor":11.0,"key":"HollowMod:PaleOreRelic"},{"floor":23.0,"key":"Red Mask"}],"event_choices":[{"damage_healed":0.0,"max_hp_gain":0.0,"max_hp_loss":0.0,"gold_gain":0.0,"event_name":"Golden Idol","player_choice":"Ignored","floor":3.0,"gold_loss":0.0,"damage_taken":0.0},{"cards_removed":["HollowMod:NailStrikeStart"],"damage_healed":0.0,"max_hp_gain":0.0,"max_hp_loss":0.0,"gold_gain":0.0,"event_name":"The Cleric","player_choice":"Card Removal","floor":5.0,"gold_loss":50.0,"damage_taken":0.0},{"damage_healed":0.0,"max_hp_gain":0.0,"max_hp_loss":0.0,"gold_gain":0.0,"event_name":"The Woman in Blue","player_choice":"Bought 0 Potions","floor":14.0,"gold_loss":0.0,"damage_taken":0.0},{"damage_healed":0.0,"max_hp_gain":0.0,"max_hp_loss":0.0,"gold_gain":0.0,"event_name":"Masked Bandits","player_choice":"Fought Bandits","floor":23.0,"gold_loss":0.0,"damage_taken":0.0},{"damage_healed":0.0,"max_hp_gain":0.0,"max_hp_loss":0.0,"gold_gain":0.0,"cards_transformed":["HollowMod:CornifersMapStart"],"event_name":"Transmorgrifier","player_choice":"Transformed","floor":24.0,"gold_loss":0.0,"damage_taken":0.0,"cards_obtained":["HollowMod:MonarchWings"]}],"is_beta":false,"boss_relics":[{"not_picked":["Velvet Choker","Astrolabe"],"picked":"SacredBark"}],"items_purged_floors":[20],"is_endless":false,"potions_floor_spawned":[1,2,8,11,12,13,16,18,19,21,22,23],"killed_by":"Snake Plant","ascension_level":0}}