{"host":"eckg3lzugnpjvwsg","time":1611094828,"event":{"mods":["Act Like it!","BaseMod","Better Third Choice","Minty Spire (QoL Compilation)","Replay The Spire","Somnambulant","StSLib"],"gold_per_floor":[114,114,114,126,136,136,170,186,213,245,245,265,297,307,307,406,506,525,525,538,555,555,586,601,628,652,140,153,163,163,88,88,186,186,204,217,407,418,428,457,469,469,469,501,501,535,585,585,585,585],"floor_reached":51,"language":"ENG","playtime":5905,"items_purged":[],"score":999,"play_id":"194b1bac-6271-4fef-ab1e-fa34793dd45a","local_time":"20210119202028","is_ascension_mode":false,"campfire_choices":[{"floor":6.0,"key":"REST"},{"floor":11.0,"key":"REST"},{"floor":15.0,"key":"REST"},{"floor":32,"key":"REST"},{"floor":42,"key":"REST"},{"floor":45,"key":"REST"},{"floor":49,"key":"REST"}],"circlet_count":0,"master_deck":["somnambulantmod: SomnambulantStrike+1","somnambulantmod: SomnambulantStrike+1","somnambulantmod: SomnambulantStrike+1","somnambulantmod: SomnambulantStrike","somnambulantmod: Defend_Somnambulant","somnambulantmod: Defend_Somnambulant","somnambulantmod: Defend_Somnambulant+1","somnambulantmod: Defend_Somnambulant+1","somnambulantmod: Defend_Somnambulant+1","somnambulantmod: QuickNap","somnambulantmod: PrimingPunch","somnambulantmod: Stumble","somnambulantmod: InLimbo","somnambulantmod: LayeredDefense+1","somnambulantmod: Amnausea+1","somnambulantmod: Harden","somnambulantmod: Mindlessness+1","somnambulantmod: AllForNothing","somnambulantmod: LostMind","somnambulantmod: MuscleMemory+1","somnambulantmod: Damping","somnambulantmod: Unknow","somnambulantmod: Hush","somnambulantmod: Wake","somnambulantmod: Repression","somnambulantmod: Lucidity+1","somnambulantmod: ShimmeringVeil","somnambulantmod: DarkeningMind","somnambulantmod: Nosebleed+1","somnambulantmod: BadIdea","Aggregate","somnambulantmod: Ignorance","Amnesia","CommonCold","ReplayTheSpireMod:IOU","somnambulantmod: Blink+1","somnambulantmod: TrepanningBlow","somnambulantmod: Remember+1","somnambulantmod: HorrificThought","somnambulantmod: Nosebleed","somnambulantmod: ImpenetrableMind+1","Bullet Time","somnambulantmod: LeechFears+1","Fluid Movement","somnambulantmod: Nosebleed+1","somnambulantmod: TrepanningBlow+1","Dagger Throw"],"relics":["somnambulantmod: DreamJournal","Pen Nib","Vajra","Replay:Rubber Ducky","Pet Ghost","Replay:Grab Bag","Sozu","Replay:Wanted Poster","somnambulantmod: GluedMask","Enchiridion","somnambulantmod: MemoirOfAnother","Centennial Puzzle","Anchor","Guide Book","Ginger","Replay:WaspNest","Replay:Ancient Bell","Nunchaku","Darkstone Periapt","somnambulantmod: PrivatePocket","Bronze Scales","Mummified Hand","ReplayTheSpireMod:Shallot","Replay:Arrowhead","Mango"],"acts_visited":["Exordium","TheCity","TheBeyond"],"potions_floor_usage":[],"damage_taken":[{"damage":7.0,"enemies":"2 Louse","floor":1.0,"turns":4.0},{"damage":0.0,"enemies":"Small Slimes","floor":4.0,"turns":3.0},{"damage":12.0,"enemies":"Jaw Worm","floor":5.0,"turns":4.0},{"damage":12.0,"enemies":"Replay:BlueRogue","floor":7.0,"turns":17.0},{"damage":6.0,"enemies":"Lots of Slimes","floor":8.0,"turns":6.0},{"damage":20.0,"enemies":"Lagavulin","floor":10.0,"turns":8.0},{"damage":2.0,"enemies":"Exordium Wildlife","floor":12.0,"turns":3.0},{"damage":42.0,"enemies":"Gremlin Nob","floor":13.0,"turns":5.0},{"damage":3.0,"enemies":"Large Slime","floor":14.0,"turns":4.0},{"damage":21.0,"enemies":"The Guardian","floor":16.0,"turns":9.0},{"damage":11.0,"enemies":"3 Byrds","floor":18.0,"turns":4.0},{"damage":0,"enemies":"Shell Parasite","floor":20,"turns":5},{"damage":0,"enemies":"3 Cultists","floor":21,"turns":4},{"damage":30,"enemies":"Slavers","floor":23,"turns":5},{"damage":0,"enemies":"Centurion and Healer","floor":24,"turns":5},{"damage":12,"enemies":"Replay:Snechameleon","floor":25,"turns":8},{"damage":0,"enemies":"Sentry and Sphere","floor":28,"turns":4},{"damage":0,"enemies":"Cultist and Chosen","floor":29,"turns":5},{"damage":1,"enemies":"Automaton","floor":33,"turns":7},{"damage":0,"enemies":"Orb Walker","floor":35,"turns":6},{"damage":10,"enemies":"3 Darklings","floor":36,"turns":4},{"damage":0,"enemies":"4 Shapes","floor":38,"turns":4},{"damage":0,"enemies":"Transient","floor":39,"turns":5},{"damage":0,"enemies":"R_Hoarder","floor":40,"turns":5},{"damage":0,"enemies":"Jaw Worm Horde","floor":41,"turns":1},{"damage":0,"enemies":"Giant Head","floor":44,"turns":2},{"damage":16,"enemies":"Nemesis","floor":46,"turns":7},{"damage":1,"enemies":"Mind Bloom Boss Battle","floor":47,"turns":5},{"damage":1,"enemies":"Time Eater","floor":50,"turns":7}],"seed_played":"5315552366384817985","potions_obtained":[{"floor":4.0,"key":"BlessingOfTheForge"},{"floor":5.0,"key":"AttackPotion"},{"floor":7.0,"key":"somnambulantmod: BottledDream"}],"is_trial":false,"path_per_floor":["M","?","?","M","M","R","E","M","T","E","R","M","E","M","R","B",null,"M","?","M","M","?","E","M","E","T","$","M","M","T","?","R","B",null,"M","M","?","M","M","E","M","R","T","E","R","E","?","$","R","B",null],"character_chosen":"THE_SOMNAMBULANT","items_purchased":["somnambulantmod: DarkeningMind","Guide Book","Ginger"],"campfire_rested":7,"item_purchase_floors":[27,27,27],"current_hp_per_floor":[70,75,59,59,47,73,61,55,55,35,62,60,18,15,42,21,88,77,77,77,77,61,31,31,19,19,19,19,19,19,19,47,46,108,108,98,71,71,71,71,71,105,105,105,112,96,109,109,128,127],"gold":585,"neow_bonus":"TEN_PERCENT_HP_BONUS","is_daily":false,"chose_seed":false,"campfire_upgraded":0,"win_rate":0.0,"timestamp":1611094828,"path_taken":["M","?","?","M","M","R","E","M","T","E","R","M","E","M","R","BOSS","M","?","?","M","?","E","M","E","T","$","M","M","?","?","R","BOSS","M","M","?","M","?","E","M","R","T","E","R","E","?","$","R","BOSS"],"items_purchased_type":["Card","Relic","Relic"],"build_version":"2020-12-22","purchased_purges":0,"victory":true,"max_hp_per_floor":[77,82,82,82,82,84,84,84,84,84,86,86,86,86,88,88,88,88,88,88,88,88,88,88,88,88,88,88,88,88,88,90,90,108,108,108,108,108,108,108,108,110,110,110,112,112,126,126,128,128],"card_choices":[{"not_picked":["somnambulantmod: Pinch","somnambulantmod: SnuggleUp"],"picked":"somnambulantmod: Stumble","floor":1.0},{"not_picked":["somnambulantmod: Blink","somnambulantmod: LeechFears"],"picked":"somnambulantmod: InLimbo","floor":4.0},{"not_picked":["somnambulantmod: Unknow","somnambulantmod: SnuggleUp"],"picked":"somnambulantmod: LayeredDefense","floor":5.0},{"not_picked":["somnambulantmod: ImpenetrableMind","somnambulantmod: Refracture"],"picked":"somnambulantmod: Amnausea","floor":7.0},{"not_picked":["somnambulantmod: Stumble","somnambulantmod: Sleepyhead"],"picked":"somnambulantmod: Harden","floor":8.0},{"not_picked":["somnambulantmod: Unmake","somnambulantmod: Relive"],"picked":"somnambulantmod: Mindlessness","floor":10.0},{"not_picked":["somnambulantmod: SickeningSwathe","somnambulantmod: Bruise"],"picked":"somnambulantmod: AllForNothing","floor":12.0},{"not_picked":["somnambulantmod: LightSleeper","somnambulantmod: Unmake"],"picked":"somnambulantmod: LostMind","floor":13.0},{"not_picked":["somnambulantmod: LeechFears","somnambulantmod: Wake"],"picked":"somnambulantmod: MuscleMemory","floor":14.0},{"not_picked":["somnambulantmod: SleepParalysis","somnambulantmod: NewDawn"],"picked":"somnambulantmod: Damping","floor":16.0},{"not_picked":["somnambulantmod: PillowFort","somnambulantmod: Extract"],"picked":"somnambulantmod: Unknow","floor":18},{"not_picked":["somnambulantmod: LeechFears","somnambulantmod: HeavyLids"],"picked":"somnambulantmod: Hush","floor":20},{"not_picked":["somnambulantmod: Trauma","somnambulantmod: LayeredDefense+1"],"picked":"somnambulantmod: Wake","floor":21},{"not_picked":["somnambulantmod: NightmareFuel","somnambulantmod: MindWave"],"picked":"somnambulantmod: Repression","floor":23},{"not_picked":["somnambulantmod: RecurringDream","somnambulantmod: Harden+1"],"picked":"somnambulantmod: Lucidity","floor":24},{"not_picked":["somnambulantmod: Stumble+1","somnambulantmod: Pinch+1"],"picked":"somnambulantmod: ShimmeringVeil","floor":25},{"not_picked":["somnambulantmod: TrepanningBlow","somnambulantmod: Repression"],"picked":"somnambulantmod: Nosebleed+1","floor":28},{"not_picked":["somnambulantmod: Cower+1","somnambulantmod: Bruise"],"picked":"somnambulantmod: BadIdea","floor":29},{"not_picked":["Twin Strike","Poisoned Stab"],"picked":"Aggregate","floor":32},{"not_picked":["somnambulantmod: Reinterpret","somnambulantmod: LostMind"],"picked":"somnambulantmod: Ignorance","floor":33},{"not_picked":["CurseOfTheBell","Overencumbered"],"picked":"Amnesia","floor":34},{"not_picked":["AbeCurse","Clumsy"],"picked":"CommonCold","floor":34},{"not_picked":["ReplayTheSpireMod:Restless Dread","AbeCurse"],"picked":"ReplayTheSpireMod:IOU","floor":34},{"not_picked":["somnambulantmod: ImpenetrableMind","somnambulantmod: DarkeningMind+1"],"picked":"somnambulantmod: Blink+1","floor":35},{"not_picked":["somnambulantmod: Cower+1","somnambulantmod: PourItOut+1"],"picked":"somnambulantmod: TrepanningBlow","floor":36},{"not_picked":["somnambulantmod: Unmake+1","somnambulantmod: Nosebleed+1"],"picked":"somnambulantmod: Remember+1","floor":37},{"not_picked":["somnambulantmod: SleepingBody","somnambulantmod: Unknow"],"picked":"somnambulantmod: HorrificThought","floor":38},{"not_picked":["somnambulantmod: Trauma+1","somnambulantmod: Wake+1"],"picked":"somnambulantmod: Nosebleed","floor":39},{"not_picked":["somnambulantmod: Nosebleed","somnambulantmod: Cower+1","somnambulantmod: Overshare+1"],"picked":"SKIP","floor":40},{"not_picked":["somnambulantmod: Bruise","somnambulantmod: HappyThoughts"],"picked":"somnambulantmod: ImpenetrableMind+1","floor":41},{"not_picked":["Massacre","Genetic Algorithm"],"picked":"Bullet Time","floor":42},{"not_picked":["somnambulantmod: Cower","somnambulantmod: Harden"],"picked":"somnambulantmod: LeechFears+1","floor":44},{"not_picked":["Thunderclap","Stack"],"picked":"Fluid Movement","floor":45},{"not_picked":["somnambulantmod: SickeningSwathe+1","somnambulantmod: HeadSmack+1"],"picked":"somnambulantmod: Nosebleed+1","floor":46},{"not_picked":["somnambulantmod: Repression","somnambulantmod: SnuggleUp"],"picked":"somnambulantmod: TrepanningBlow+1","floor":47},{"not_picked":["Entrench","Panic Button"],"picked":"Dagger Throw","floor":49}],"player_experience":19399,"relics_obtained":[{"floor":7.0,"key":"Pen Nib"},{"floor":9.0,"key":"Vajra"},{"floor":10.0,"key":"Replay:Rubber Ducky"},{"floor":13.0,"key":"Pet Ghost"},{"floor":22,"key":"Enchiridion"},{"floor":23,"key":"somnambulantmod: MemoirOfAnother"},{"floor":25,"key":"Centennial Puzzle"},{"floor":26,"key":"Anchor"},{"floor":30,"key":"Replay:WaspNest"},{"floor":40,"key":"Bronze Scales"},{"floor":43,"key":"Mummified Hand"},{"floor":44,"key":"ReplayTheSpireMod:Shallot"},{"floor":46,"key":"Replay:Arrowhead"},{"floor":47,"key":"Mango"}],"event_choices":[{"damage_healed":0.0,"max_hp_gain":5.0,"max_hp_loss":0.0,"gold_gain":0.0,"event_name":"Big Fish","player_choice":"Donut","floor":2.0,"gold_loss":0.0,"damage_taken":0.0},{"damage_healed":75.0,"max_hp_gain":0.0,"max_hp_loss":82.0,"gold_gain":0.0,"event_name":"betterThird:BetterShining","player_choice":"Upgrade","floor":3.0,"gold_loss":0.0,"damage_taken":16.0,"cards_upgraded":["somnambulantmod: Defend_Somnambulant","somnambulantmod: SomnambulantStrike"]},{"damage_healed":0,"gold_gain":0,"player_choice":"Got Potions","damage_taken":0,"max_hp_gain":0,"max_hp_loss":0,"event_name":"Lab","floor":19,"gold_loss":0},{"damage_healed":0,"gold_gain":0,"player_choice":"Obtained Book","damage_taken":16,"max_hp_gain":0,"max_hp_loss":0,"event_name":"Cursed Tome","floor":22,"gold_loss":0},{"cards_removed":["somnambulantmod: SomnambulantStrike"],"damage_healed":0,"gold_gain":0,"player_choice":"Gave Gold","damage_taken":0,"max_hp_gain":0,"max_hp_loss":0,"event_name":"Beggar","floor":31,"gold_loss":75},{"damage_healed":0,"gold_gain":0,"player_choice":"Fight","damage_taken":0,"max_hp_gain":0,"max_hp_loss":0,"event_name":"MindBloom","floor":47,"gold_loss":0}],"is_beta":false,"boss_relics":[{"not_picked":["Empty Cage","Replay:Drink Me"],"picked":"Replay:Grab Bag"},{"not_picked":["Coffee Dripper","Painkiller Herb"],"picked":"Sozu"},{"not_picked":["Runic Dome","Busted Crown"],"picked":"Replay:Wanted Poster"},{"not_picked":["SlaversCollar","Runic Pyramid"],"picked":"somnambulantmod: GluedMask"},{"not_picked":["SacredBark","Tiny House"],"picked":"Replay:Ancient Bell"},{"not_picked":["Grinning Jar","Boot"],"picked":"Nunchaku"},{"not_picked":["Iron Hammer","Golden Egg"],"picked":"Darkstone Periapt"},{"not_picked":["Replay:Kaleidoscope","Old Coin"],"picked":"somnambulantmod: PrivatePocket"}],"items_purged_floors":[],"is_endless":false,"potions_floor_spawned":[4,5,7,12,20,21,25,28,39,40,44,46,47],"ascension_level":0}}