{"host":"61r95uy0hn86b9iu","time":1611025920,"event":{"mods":["AchievementEnabler","BaseMod","Better Vampires","BetterRewards","Colored Powertips","Hubris","Minty Spire (QoL Compilation)","Shop Mod","StSLib"],"gold_per_floor":[115,132,282,282,282,309,327,354,354,354,381,381,495,505,505,579,579,589,589,644,757,757,757,774,774,774],"floor_reached":25,"language":"ENG","playtime":1872,"items_purged":[],"score":695,"play_id":"12ea07e4-ec58-4e3d-9741-85b9d6503729","local_time":"20210118211200","is_ascension_mode":true,"campfire_choices":[{"data":"Apotheosis","floor":10.0,"key":"SMITH"},{"data":"Streamline","floor":15.0,"key":"SMITH"},{"floor":23.0,"key":"REST"}],"circlet_count":0,"master_deck":["AscendersBane","Strike_B","Strike_B","Strike_B","Defend_B","Defend_B","Defend_B","Defend_B","Zap","Dualcast","Static Discharge","Apotheosis+1","Leap","Tempest","Capacitor","Buffer","Streamline+1","Reboot","Reinforced Body","Sweeping Beam","Sunder"],"relics":["Cracked Core","MealTicket","Symbiotic Virus","Tiny Chest","Lee\u0027s Waffle","Letter Opener","Thread and Needle","hubris:Icosahedron","Art of War","Vajra","PreservedInsect","Black Star","Anchor","Nloth\u0027s Gift"],"acts_visited":["Exordium","TheCity"],"potions_floor_usage":[25],"damage_taken":[{"damage":0.0,"enemies":"Jaw Worm","floor":1.0,"turns":4.0},{"damage":0.0,"enemies":"2 Louse","floor":2.0,"turns":2.0},{"damage":6.0,"enemies":"Gremlin Nob","floor":6.0,"turns":4.0},{"damage":0.0,"enemies":"Cultist","floor":7.0,"turns":3.0},{"damage":0.0,"enemies":"Lagavulin","floor":11.0,"turns":7.0},{"damage":11.0,"enemies":"3 Louse","floor":13.0,"turns":4.0},{"damage":6.0,"enemies":"Gremlin Gang","floor":14.0,"turns":3.0},{"damage":0.0,"enemies":"The Guardian","floor":16.0,"turns":7.0},{"damage":18.0,"enemies":"2 Thieves","floor":18.0,"turns":3.0},{"damage":1.0,"enemies":"3 Byrds","floor":21.0,"turns":4.0},{"damage":28.0,"enemies":"Shelled Parasite and Fungi","floor":24.0,"turns":6.0},{"damage":28,"enemies":"Book of Stabbing","floor":25,"turns":4}],"seed_played":"-102895647775997738","potions_obtained":[{"floor":11.0,"key":"ColorlessPotion"},{"floor":14.0,"key":"Strength Potion"},{"floor":16.0,"key":"GamblersBrew"},{"floor":21.0,"key":"Ancient Potion"}],"is_trial":false,"path_per_floor":["M","M","?","?","?","E","M","T","T","R","E","?","M","M","R","B",null,"M","?","T","M","?","R","M","E"],"character_chosen":"DEFECT","items_purchased":["MealTicket","Static Discharge","Symbiotic Virus","Tiny Chest","Apotheosis","Lee\u0027s Waffle","Letter Opener","Thread and Needle","Fire Potion"],"campfire_rested":1,"item_purchase_floors":[0,0,0,0,0,0,0,0,0],"current_hp_per_floor":[78,78,78,78,78,72,72,72,72,72,72,72,61,55,55,55,72,54,32,32,31,31,55,27,0,0],"gold":774,"neow_bonus":"","is_daily":false,"chose_seed":false,"campfire_upgraded":2,"win_rate":0.0,"timestamp":1611025920,"path_taken":["M","M","?","?","?","E","M","?","T","R","E","?","M","?","R","BOSS","M","?","?","M","?","R","M","E"],"items_purchased_type":["Relic","Card","Relic","Relic","Card","Relic","Relic","Relic","Potion"],"build_version":"2020-12-22","purchased_purges":0,"victory":false,"max_hp_per_floor":[78,78,78,78,78,78,78,78,78,78,78,78,78,78,78,78,78,78,83,83,83,83,83,83,83,83],"card_choices":[{"not_picked":["Compile Driver","Lockon"],"picked":"Leap","floor":1.0},{"not_picked":["Rebound","hubris:PowerSurge","Gash"],"picked":"SKIP","floor":2.0},{"not_picked":["FTL","Redo"],"picked":"Tempest","floor":6.0},{"not_picked":["Reprogram","Streamline"],"picked":"Capacitor","floor":7.0},{"not_picked":["Conserve Battery","Stack"],"picked":"Buffer","floor":11.0},{"not_picked":["Gash","Cold Snap","Redo"],"picked":"SKIP","floor":13.0},{"not_picked":["Ball Lightning","Gash"],"picked":"Streamline","floor":14.0},{"not_picked":["Biased Cognition","Creative AI"],"picked":"Reboot","floor":16.0},{"not_picked":["Hologram","Sweeping Beam"],"picked":"Reinforced Body","floor":18.0},{"not_picked":["Turbo","Gash"],"picked":"Sweeping Beam","floor":21.0},{"not_picked":["Redo","All For One"],"picked":"Sunder","floor":24.0}],"player_experience":3287688,"relics_obtained":[{"floor":6.0,"key":"Art of War"},{"floor":9.0,"key":"Vajra"},{"floor":11.0,"key":"PreservedInsect"},{"floor":20.0,"key":"Anchor"}],"event_choices":[{"damage_healed":0.0,"max_hp_gain":0.0,"max_hp_loss":0.0,"gold_gain":150.0,"event_name":"Liars Game","player_choice":"AGREE","floor":3.0,"gold_loss":0.0,"damage_taken":0.0,"cards_obtained":["Doubt"]},{"cards_removed":["Doubt"],"damage_healed":0.0,"max_hp_gain":0.0,"max_hp_loss":0.0,"gold_gain":0.0,"event_name":"Bonfire Elementals","player_choice":"Offered Curse","floor":5.0,"gold_loss":0.0,"damage_taken":0.0,"relics_obtained":["Spirit Poop"]},{"cards_removed":["Strike_B"],"damage_healed":0.0,"max_hp_gain":0.0,"max_hp_loss":0.0,"gold_gain":0.0,"event_name":"Purifier","player_choice":"Purged","floor":12.0,"gold_loss":0.0,"damage_taken":0.0},{"damage_healed":0.0,"max_hp_gain":5.0,"max_hp_loss":0.0,"gold_gain":0.0,"event_name":"Forgotten Altar","player_choice":"Shed Blood","floor":19.0,"gold_loss":0.0,"damage_taken":27.0},{"damage_healed":0.0,"max_hp_gain":0.0,"max_hp_loss":0.0,"gold_gain":0.0,"event_name":"N\u0027loth","player_choice":"Traded Relic","floor":22.0,"relics_lost":["Spirit Poop"],"gold_loss":0.0,"damage_taken":0.0,"relics_obtained":["Nloth\u0027s Gift"]}],"is_beta":false,"boss_relics":[{"not_picked":["Busted Crown","Velvet Choker"],"picked":"Black Star"}],"items_purged_floors":[],"is_endless":false,"potions_floor_spawned":[11,14,16,21,24],"killed_by":"Book of Stabbing","ascension_level":16}}