{"host":"2hea6pl5vmah38iy","time":1611060048,"event":{"mods":["AchievementEnabler","BaseMod","Colored Map","DeckTracker","Keyboard Shortcuts","Minty Spire (QoL Compilation)","Rare Cards Sparkle","StSLib","SuperFastMode","everything is the same but u backflip on backflip"],"gold_per_floor":[111,36,51,201,2,2,28,28,28,59,75,75,95,41,41,120,120,130,145,156,173,185,185,203,128,153,53,80,115,124,124,124,204,204,223,242,98,111,133,159,159,188,188,221,221,221,221,3,3,3,3,3,3,34,34],"floor_reached":56,"language":"KOR","playtime":2923,"items_purged":["Doubt","Strike_R","Strike_R","Inflame+1"],"score":2288,"play_id":"2210f78f-d76c-4f98-a7ee-841ef88aeb60","local_time":"20210119214048","is_ascension_mode":true,"campfire_choices":[{"data":"Uppercut","floor":6.0,"key":"SMITH"},{"data":"Inflame","floor":8.0,"key":"SMITH"},{"data":"Body Slam","floor":15.0,"key":"SMITH"},{"floor":23.0,"key":"REST"},{"floor":32.0,"key":"REST"},{"floor":41.0,"key":"RECALL"},{"data":"Evolve","floor":49.0,"key":"SMITH"},{"data":"Demon Form","floor":52.0,"key":"SMITH"}],"circlet_count":0,"master_deck":["AscendersBane","Defend_R","Defend_R","Bash","Pommel Strike","Battle Trance","Uppercut+1","Flame Barrier","Burning Pact","Body Slam+1","Twin Strike","Barricade","Entrench","Clothesline+1","Impervious","Demon Form+1","Shrug It Off","Burning Pact+1","Evolve+1"],"relics":["Burning Blood","Question Card","InkBottle","Oddly Smooth Stone","Snecko Eye","Bronze Scales","PreservedInsect","CeramicFish","Runic Dome","Torii","Turnip","Self Forming Clay","Akabeko"],"acts_visited":["Exordium","TheCity","TheBeyond","TheEnding"],"potions_floor_usage":[],"damage_taken":[{"damage":6.0,"enemies":"2 Louse","floor":1.0,"turns":3.0},{"damage":7.0,"enemies":"Jaw Worm","floor":3.0,"turns":3.0},{"damage":17.0,"enemies":"Gremlin Nob","floor":7.0,"turns":4.0},{"damage":20.0,"enemies":"Lagavulin","floor":10.0,"turns":6.0},{"damage":0.0,"enemies":"Small Slimes","floor":11.0,"turns":2.0},{"damage":19.0,"enemies":"Exordium Thugs","floor":13.0,"turns":4.0},{"damage":12.0,"enemies":"Hexaghost","floor":16.0,"turns":9.0},{"damage":13.0,"enemies":"Shell Parasite","floor":18.0,"turns":3.0},{"damage":3.0,"enemies":"3 Byrds","floor":19.0,"turns":4.0},{"damage":20.0,"enemies":"Snake Plant","floor":20.0,"turns":4.0},{"damage":32.0,"enemies":"Sentry and Sphere","floor":21.0,"turns":6.0},{"damage":0.0,"enemies":"Centurion and Healer","floor":22.0,"turns":6.0},{"damage":29.0,"enemies":"Cultist and Chosen","floor":24.0,"turns":4.0},{"damage":15.0,"enemies":"Book of Stabbing","floor":29.0,"turns":4.0},{"damage":0.0,"enemies":"Champ","floor":33.0,"turns":9.0},{"damage":34.0,"enemies":"3 Darklings","floor":35.0,"turns":6.0},{"damage":7.0,"enemies":"3 Shapes","floor":36.0,"turns":5.0},{"damage":0.0,"enemies":"Transient","floor":38.0,"turns":6.0},{"damage":25.0,"enemies":"Spire Growth","floor":39.0,"turns":5.0},{"damage":0.0,"enemies":"Giant Head","floor":40.0,"turns":3.0},{"damage":0.0,"enemies":"Nemesis","floor":42.0,"turns":7.0},{"damage":0.0,"enemies":"Giant Head","floor":44.0,"turns":6.0},{"damage":16.0,"enemies":"Time Eater","floor":50.0,"turns":6.0},{"damage":49.0,"enemies":"Shield and Spear","floor":54.0,"turns":6.0},{"damage":10,"enemies":"The Heart","floor":55,"turns":9}],"seed_played":"-2057250504093498440","potions_obtained":[{"floor":1.0,"key":"SkillPotion"},{"floor":10.0,"key":"Weak Potion"},{"floor":13.0,"key":"Block Potion"},{"floor":16.0,"key":"SkillPotion"},{"floor":20.0,"key":"FearPotion"},{"floor":21.0,"key":"AttackPotion"},{"floor":24.0,"key":"Explosive Potion"},{"floor":36.0,"key":"ColorlessPotion"},{"floor":39.0,"key":"GamblersBrew"}],"is_trial":false,"path_per_floor":["M","?","M","?","$","R","E","R","T","E","M","?","M","$","R","B",null,"M","M","M","M","M","R","M","?","T","$","T","E","?","$","R","B",null,"M","M","$","M","M","E","R","E","T","E","?","?","?","$","R","B",null,"R","$","E","B",null],"character_chosen":"IRONCLAD","items_purchased":["Battle Trance","Uppercut","Twin Strike","Shrug It Off","Evolve"],"campfire_rested":2,"item_purchase_floors":[5,5,14,37,48],"current_hp_per_floor":[50,50,49,49,49,49,38,38,38,24,30,30,17,17,17,11,59,52,55,41,15,21,43,20,20,20,20,20,11,11,11,33,39,66,38,37,37,43,24,30,30,36,36,42,42,42,42,42,42,32,61,61,61,18,14],"gold":34,"neow_bonus":"REMOVE_TWO","is_daily":false,"chose_seed":false,"campfire_upgraded":5,"win_rate":0.0,"timestamp":1611060048,"path_taken":["M","?","M","?","$","R","E","R","T","E","M","?","?","?","R","BOSS","M","M","M","M","M","R","M","?","T","$","?","E","?","?","R","BOSS","M","M","$","M","M","E","R","E","T","E","?","?","?","$","R","BOSS","R","$","E","BOSS"],"items_purchased_type":["Card","Card","Card","Card","Card"],"build_version":"2020-12-22","purchased_purges":4,"victory":true,"max_hp_per_floor":[75,75,75,75,75,75,75,75,75,75,75,75,75,75,75,75,75,75,75,75,75,75,75,75,75,75,75,75,75,75,75,75,75,75,75,75,75,75,75,75,75,75,75,75,71,71,71,71,71,71,71,71,71,71,71],"card_choices":[{"not_picked":["Infernal Blade","Clash"],"picked":"Pommel Strike","floor":1.0},{"not_picked":["Sword Boomerang","Reckless Charge","Entrench"],"picked":"SKIP","floor":3.0},{"not_picked":["Intimidate","Exhume"],"picked":"Inflame","floor":7.0},{"not_picked":["Clash","Intimidate","Seeing Red"],"picked":"Flame Barrier","floor":10.0},{"not_picked":["Power Through","Searing Blow","Anger"],"picked":"Burning Pact","floor":11.0},{"not_picked":["Seeing Red","Burning Pact","Flex"],"picked":"Body Slam","floor":13.0},{"not_picked":["Brutality","Exhume","Fiend Fire"],"picked":"Barricade","floor":16.0},{"not_picked":["Sword Boomerang","Warcry","Armaments","Body Slam"],"picked":"SKIP","floor":18.0},{"not_picked":["Seeing Red","Sentinel","Immolate","Searing Blow"],"picked":"SKIP","floor":19.0},{"not_picked":["Perfected Strike","Burning Pact","Ghostly Armor+1","Second Wind+1"],"picked":"SKIP","floor":20.0},{"not_picked":["Shrug It Off","Pommel Strike","Fire Breathing+1"],"picked":"Entrench","floor":21.0},{"not_picked":["Power Through","Dual Wield","Twin Strike","Havoc"],"picked":"SKIP","floor":22.0},{"not_picked":["Cleave","Pommel Strike","Infernal Blade"],"picked":"Clothesline+1","floor":24.0},{"not_picked":["Heavy Blade","Second Wind","Twin Strike","Seeing Red"],"picked":"SKIP","floor":29.0},{"not_picked":["Barricade","Corruption","Exhume"],"picked":"Demon Form","floor":33.0},{"not_picked":["Perfected Strike","Armaments","Battle Trance","Clothesline+1"],"picked":"SKIP","floor":35.0},{"not_picked":["Blood for Blood","Inflame+1","Combust","Rage"],"picked":"SKIP","floor":36.0},{"not_picked":["Sentinel","Flame Barrier","Rupture","Inflame"],"picked":"SKIP","floor":38.0},{"not_picked":["Thunderclap","Second Wind","Rage"],"picked":"Burning Pact+1","floor":39.0},{"not_picked":["Flex","Blood for Blood+1","Bludgeon","Headbutt"],"picked":"SKIP","floor":40.0},{"not_picked":["Metallicize","Intimidate+1","Sentinel","Armaments"],"picked":"SKIP","floor":42.0},{"not_picked":["Limit Break","Shrug It Off","Thunderclap","Body Slam+1"],"picked":"SKIP","floor":44.0},{"not_picked":["Dark Embrace+1","Anger+1","Power Through","Iron Wave+1"],"picked":"SKIP","floor":54.0}],"player_experience":504192,"relics_obtained":[{"floor":7.0,"key":"Question Card"},{"floor":9.0,"key":"InkBottle"},{"floor":10.0,"key":"Oddly Smooth Stone"},{"floor":26.0,"key":"Bronze Scales"},{"floor":28.0,"key":"PreservedInsect"},{"floor":29.0,"key":"CeramicFish"},{"floor":40.0,"key":"Torii"},{"floor":42.0,"key":"Turnip"},{"floor":44.0,"key":"Self Forming Clay"},{"floor":54.0,"key":"Akabeko"}],"event_choices":[{"cards_removed":["Strike_R"],"damage_healed":0.0,"max_hp_gain":0.0,"max_hp_loss":0.0,"gold_gain":0.0,"event_name":"The Cleric","player_choice":"Card Removal","floor":2.0,"gold_loss":75.0,"damage_taken":0.0},{"damage_healed":0.0,"max_hp_gain":0.0,"max_hp_loss":0.0,"gold_gain":150.0,"event_name":"Liars Game","player_choice":"AGREE","floor":4.0,"gold_loss":0.0,"damage_taken":0.0,"cards_obtained":["Doubt"]},{"cards_removed":["Defend_R"],"damage_healed":0.0,"max_hp_gain":0.0,"max_hp_loss":0.0,"gold_gain":0.0,"event_name":"Purifier","player_choice":"Purged","floor":12.0,"gold_loss":0.0,"damage_taken":0.0},{"cards_removed":["Strike_R"],"damage_healed":0.0,"max_hp_gain":0.0,"max_hp_loss":0.0,"gold_gain":0.0,"event_name":"Designer","player_choice":"Single Remove","floor":25.0,"gold_loss":75.0,"damage_taken":0.0},{"damage_healed":0.0,"max_hp_gain":0.0,"max_hp_loss":0.0,"gold_gain":0.0,"event_name":"The Library","player_choice":"Read","floor":30.0,"gold_loss":0.0,"damage_taken":0.0,"cards_obtained":["Impervious"]},{"damage_healed":0.0,"max_hp_gain":0.0,"max_hp_loss":4.0,"gold_gain":0.0,"event_name":"Winding Halls","player_choice":"Max HP","floor":45.0,"gold_loss":0.0,"damage_taken":0.0},{"damage_healed":0.0,"max_hp_gain":0.0,"max_hp_loss":0.0,"gold_gain":0.0,"event_name":"Tomb of Lord Red Mask","player_choice":"Ignored","floor":46.0,"gold_loss":0.0,"damage_taken":0.0},{"damage_healed":0.0,"max_hp_gain":0.0,"max_hp_loss":0.0,"gold_gain":0.0,"event_name":"SecretPortal","player_choice":"Ignored","floor":47.0,"gold_loss":0.0,"damage_taken":0.0}],"is_beta":false,"boss_relics":[{"not_picked":["Black Blood","Tiny House"],"picked":"Snecko Eye"},{"not_picked":["Busted Crown","Sozu"],"picked":"Runic Dome"}],"items_purged_floors":[5,27,37,48],"is_endless":false,"potions_floor_spawned":[1,10,13,16,20,21,24,36,39],"ascension_level":17}}