{"host":"i58uscbei3sy5089","time":1611075228,"event":{"mods":["ATMod(°¢èªMod)","Act Like it!","BaseMod","Challenge The Spire","Colored Powertips","Conspire","Gensokyo","Infinite Spire","KinomotoSakuraMod(Ä¾Ö®±¾Ó£)","Lobotomy","LobotomyExtend","Minty Spire (QoL Compilation)","MostiFishMod","Quick Restart","Remilia£¨ÀÙÃ×ÀòÑÇ£©","Replay The Spire","Shop Mod","Spicy Shops","StSLib","TestMod","The Alterego","UnlockEverythingMod","[IsaacMod]ÒÔÈö¼âËþ","vexMod","¡¾¹¦ÄÜMod¡¿»ìãçÖ®»·ÐÞ¸´²¹¶¡","¡¾ÒÅÎï¿¨ÅÆ¡¿REMEMod","óô»ðÖ¸ÄÏ"],"gold_per_floor":[110,110,110,4,20,20,33,33,60,374,89,109,109,128,128,229,229,245,314,333,352,431,465,465,465,465,57,57,67,94,409,409,504,504,526,550,573,573,49,49,86,86,112,132,171,195,516,555,555,607],"floor_reached":51,"language":"ZHS","playtime":3869,"items_purged":["Strike_RM","Strike_RM","ReplayTheSpireMod:Splinters"],"score":1120,"play_id":"5f93d6e2-b3d3-4fbf-b3e3-29d0aae945ee","local_time":"20210120005348","is_ascension_mode":true,"campfire_choices":[{"data":"DevaForm","floor":6.0,"key":"SMITH"},{"data":"ChainGang","floor":8.0,"key":"SMITH"},{"data":"MastersStateliness","floor":15.0,"key":"SMITH"},{"data":"DemonKingCradle","floor":25.0,"key":"SMITH"},{"data":"infinitespire:Collect","floor":28.0,"key":"SMITH"},{"floor":32.0,"key":"REST"},{"data":"DemonKingCradle","floor":40,"key":"SMITH"},{"data":"BloodySeventeenLaser","floor":42,"key":"SMITH"},{"data":"QueenOfMidnight","floor":49,"key":"SMITH"}],"circlet_count":0,"master_deck":["Defend_RM","Defend_RM","Defend_RM","RedMoon","ScarletShoot","DevaForm+1","EternalNight+1","UnderTheZenith","MastersStateliness+1","Flash of Steel","DemonKingCradle+1","BloodySeventeenLaser+1","infinitespire:Collect+1","BloodyMagicSquare","BloodySeventeenLaser+1","MillenniumVampire+1","DemonKingCradle+1","MastersStateliness+1","QueenOfMidnight+1","ChaoticDestiny"],"relics":["ScarletHat","testmod-TestBox","HushsDoor","DaveBox","AT_ATBox","REME_ComplimentaryCards","MetatronsCube","testmod-IncinerationGenerator","SteamSale","SynthV:TestCard","LetterFromLob","Gensokyo:OccultBall","Replay:Wax Seal","Snack Pack","vexMod:Spyglass","MerchantsRug","Gensokyo:YoukaiFlower","MagicMushroom","Pet Ghost","StoneCalendar","BookOfRevelations","SatanicBible","Guide Book","Singing Bowl","AT_SunfireAegis","testmod-ObsoleteBoomerang","testmod-DeterminationOfClimber","Replay:Bottled Steam","BirthdayGift-Icosahedron","ChiLing","Chi","Ling","Replay:Baseball","HowToJump","PreservedInsect","Garlic","testmod-TheFather","Nunchaku"],"acts_visited":["Exordium","Gensokyo:Gensokyo","Gensokyo:Gensokyoer"],"potions_floor_usage":[],"damage_taken":[{"damage":1.0,"enemies":"Gensokyo:3_Fairies","floor":1.0,"turns":4.0},{"damage":3.0,"enemies":"Gensokyo:Python","floor":5.0,"turns":5.0},{"damage":0.0,"enemies":"Gensokyo:2_Kodama","floor":7.0,"turns":6.0},{"damage":15.0,"enemies":"Gensokyo:CorruptedTreant","floor":10.0,"turns":3.0},{"damage":0.0,"enemies":"Gensokyo:Python_and_Kodama","floor":12.0,"turns":2.0},{"damage":0.0,"enemies":"Gensokyo:VengefulSpirit","floor":14.0,"turns":5.0},{"damage":5.0,"enemies":"Gensokyo:Kokoro","floor":16.0,"turns":10.0},{"damage":0.0,"enemies":"Gensokyo:CosmicMonolith","floor":18.0,"turns":2.0},{"damage":3.0,"enemies":"Gensokyo:3_Dogs","floor":20.0,"turns":4.0},{"damage":24.0,"enemies":"Gensokyo:Wraith","floor":21.0,"turns":3.0},{"damage":55.0,"enemies":"Gensokyo:Tenshi","floor":23.0,"turns":4.0},{"damage":16.0,"enemies":"Gensokyo:Slime_Group","floor":29.0,"turns":6.0},{"damage":5.0,"enemies":"Gensokyo:Koishi","floor":30.0,"turns":3.0},{"damage":4.0,"enemies":"Gensokyo:Monolith_and_Dog","floor":31.0,"turns":4.0},{"damage":30.0,"enemies":"Gensokyo:Eternal_Rivals","floor":33.0,"turns":4.0},{"damage":0.0,"enemies":"Gensokyo:AncientGuardian","floor":35.0,"turns":2.0},{"damage":0,"enemies":"Gensokyo:3_Boulders","floor":36,"turns":2},{"damage":0,"enemies":"Gensokyo:4_Bats","floor":37,"turns":2},{"damage":2,"enemies":"Gensokyo:Doremy","floor":41,"turns":2},{"damage":2,"enemies":"Gensokyo:SeedOfUnknown","floor":44,"turns":2},{"damage":2,"enemies":"Gensokyo:Kasen","floor":45,"turns":2},{"damage":2,"enemies":"Gensokyo:Sharpion","floor":46,"turns":2},{"damage":58,"enemies":"Gensokyo:Rafflesia","floor":47,"turns":2},{"damage":2,"enemies":"Gensokyo:Marisa","floor":48,"turns":1},{"damage":2,"enemies":"Gensokyo:Yuyuko","floor":50,"turns":1},{"damage":3,"enemies":"Malkuth","floor":51,"turns":2},{"damage":59,"enemies":"Hod","floor":51,"turns":2},{"damage":100,"enemies":"Geburah","floor":51,"turns":4},{"damage":59,"enemies":"Binah","floor":51,"turns":2}],"seed_played":"1629444592440757826","potions_obtained":[{"floor":5.0,"key":"Death Potion"},{"floor":7.0,"key":"Explosive Potion"},{"floor":16.0,"key":"ColorlessPotion"},{"floor":18.0,"key":"Swift Potion"},{"floor":19.0,"key":"conspire:TimeTravelPotion"},{"floor":19.0,"key":"testmod-TimePotion"},{"floor":20.0,"key":"SteroidPotion"},{"floor":31.0,"key":"EssenceOfSteel"},{"floor":36,"key":"Weak Potion"},{"floor":37,"key":"conspire:TimeTravelPotion"},{"floor":44,"key":"DuplicationPotion"}],"is_trial":false,"path_per_floor":["M","?","?","COS","M","R","M","R","T","M","R","M","?","M","R","B",null,"M","?","M","M","?","E","AVR","R","T","COS","R","M","E","M","R","B",null,"M","M","M","T","COS","R","E","R","T","M","E","M","M","E","R","B",null],"character_chosen":"REMILIA","items_purchased":["vexMod:Spyglass","MerchantsRug","MastersStateliness","Flash of Steel"],"campfire_rested":1,"item_purchase_floors":[11,11,11,11],"current_hp_per_floor":[89,89,55,55,54,54,58,58,58,45,45,47,47,54,54,72,96,96,96,96,76,61,19,19,19,19,19,19,10,6,7,36,30,98,100,100,102,102,102,102,106,106,106,108,110,112,114,114,114,114],"gold":746,"neow_bonus":"TWENTY_PERCENT_HP_BONUS","is_daily":false,"chose_seed":false,"campfire_upgraded":8,"win_rate":0.0,"timestamp":1611075228,"path_taken":["M","?","?","COS","M","R","?","R","T","M","R","?","?","M","R","BOSS","M","?","M","?","?","E","AVR","R","T","COS","R","M","E","M","R","BOSS","M","M","M","?","COS","R","E","R","T","?","E","M","M","E","R","BOSS"],"items_purchased_type":["Relic","Relic","Card","Card"],"build_version":"2020-12-22","purchased_purges":3,"victory":true,"max_hp_per_floor":[89,89,89,89,89,89,89,89,89,89,89,89,89,89,89,89,96,96,96,96,96,96,96,96,96,96,96,96,96,96,98,98,98,98,100,100,102,102,102,102,106,106,106,108,110,112,114,114,114,114],"card_choices":[{"not_picked":["DiffusionOfMisfortune","StarOfDavid"],"picked":"EternalNight","floor":1.0},{"not_picked":["Stigmanizer","RedRainbow","FavorOfDestiny","NightDance"],"picked":"UnderTheZenith","floor":5.0},{"not_picked":["EndlessAdversity","CharismaGuard","Stigmanizer","HellCatastrophe"],"picked":"ChainGang","floor":7.0},{"not_picked":["DiffusionOfMisfortune","MastersStateliness","UltimateOffering","HunterOfTheNight","FitfulNightmare"],"picked":"SKIP","floor":10.0},{"not_picked":["ScarletDevil","CurseOfVladTepes","BloodHunter","EternalNight","BadLadyScramble"],"picked":"SKIP","floor":12.0},{"not_picked":["UnstableMagic","Stigmanizer","ScarletImprint","BloodHunter","FavorOfDestiny"],"picked":"SKIP","floor":14.0},{"not_picked":["BatForm","QueenOfMidnight","BloodySeventeenLaser","BloodyHallows"],"picked":"DemonKingCradle","floor":16.0},{"not_picked":["Stigmanizer","NightDance","ScarletImprint+1","BombardNight","CharismaGuard"],"picked":"SKIP","floor":18.0},{"not_picked":["RedNightlessCastle","RedRainbow+1","NightDance","CharismaGuard"],"picked":"BloodySeventeenLaser","floor":20.0},{"not_picked":["EndlessAdversity","VampireKiss","CharismaGuard","BombardNight+1","BloodHunter"],"picked":"SKIP","floor":21.0},{"not_picked":["DiffusionOfMisfortune","BadLadyScramble","ForbiddenFruit+1","CharismaGuard","BombardNight"],"picked":"SKIP","floor":23.0},{"not_picked":["Stigmanizer","RedNightlessCastle","BloodAndWine","GlobalNightmare"],"picked":"BloodyMagicSquare","floor":29.0},{"not_picked":["BloodyHallows","TricksterDevil","HellCatastrophe","HeartBreak"],"picked":"BloodySeventeenLaser","floor":30.0},{"not_picked":["UltimateOffering","FavorOfDestiny","VampirishNight","TwelveNightmare"],"picked":"MillenniumVampire+1","floor":30.0},{"not_picked":["ScarletImprint","BombardNight+1","StarOfDavid","BloodyTrap+1","VampireSweep"],"picked":"Singing Bowl","floor":31.0},{"not_picked":["ScarletMeister","ForecastOfChange","BloodyHallows","BatForm"],"picked":"DemonKingCradle","floor":33.0},{"not_picked":["RedRainbow+1","HunterOfTheNight","ScarletDevil+1","FavorOfDestiny","TwelveNightmare"],"picked":"Singing Bowl","floor":35.0},{"not_picked":["UnderTheZenith","ScarletImprint","EndlessAdversity","ScarletDevil"],"picked":"MastersStateliness+1","floor":36},{"not_picked":["AfternoonTea+1","BloodHunter","ScarletSymphony+1","EndlessAdversity","ScarletNetherworld"],"picked":"Singing Bowl","floor":37},{"not_picked":["DiffusionOfMisfortune+1","ScarletImprint+1","VampireFantasy+1","UltimateOffering+1","UnstableMagic+1"],"picked":"Singing Bowl","floor":41},{"not_picked":["ScarletCoffin","BombardNight+1","EndlessAdversity","NightDance","BloodHunter+1"],"picked":"Singing Bowl","floor":41},{"not_picked":["MiserableFate","BombardNight","EmergencyRegeneration+1","ScarletImprint","DiffusionOfMisfortune"],"picked":"Singing Bowl","floor":44},{"not_picked":["VampireKiss","FavorOfDestiny","UnstableMagic+1","ScarletImprint+1","CharismaGuard+1"],"picked":"Singing Bowl","floor":45},{"not_picked":["BloodyCatastrophe","DemonKingCradle","HellCatastrophe","ChaoticDestiny"],"picked":"QueenOfMidnight","floor":46},{"not_picked":["FavorOfDestiny+1","ScarletDevilSign+1","MillenniumVampire","ScarletImprint","BombardNight+1"],"picked":"Singing Bowl","floor":46},{"not_picked":["ForbiddenFruit+1","LeisurelyOfLord","AfternoonTea+1","TwelveNightmare+1","MillenniumVampire+1"],"picked":"Singing Bowl","floor":47},{"not_picked":["DemonKingCradle","Stigmanizer","MiserableFate+1","UnstableMagic"],"picked":"ChaoticDestiny","floor":48}],"player_experience":640254,"relics_obtained":[{"floor":1.0,"key":"SynthV:TestCard"},{"floor":1.0,"key":"LetterFromLob"},{"floor":9.0,"key":"Art of War"},{"floor":16.0,"key":"Gensokyo:OccultBall"},{"floor":19.0,"key":"Pet Ghost"},{"floor":23.0,"key":"StoneCalendar"},{"floor":26.0,"key":"SatanicBible"},{"floor":30.0,"key":"Singing Bowl"},{"floor":31.0,"key":"Gensokyo:OccultBall"},{"floor":33.0,"key":"Gensokyo:OccultBall"},{"floor":38,"key":"Replay:Bottled Steam"},{"floor":41,"key":"Replay:Baseball"},{"floor":43,"key":"HowToJump"},{"floor":45,"key":"Garlic"},{"floor":48,"key":"Nunchaku"}],"event_choices":[],"is_beta":false,"boss_relics":[{"not_picked":["Kintsugi","Replay:Grab Bag"],"picked":"MagicMushroom"},{"not_picked":[]},{"not_picked":["testmod-StringDisintegrator","ReplayTheSpireMod:DimensionalGlitch"],"picked":"testmod-DeterminationOfClimber"},{"not_picked":[]}],"items_purged_floors":[11,11,24],"is_endless":false,"potions_floor_spawned":[5,7,16,18,20,31,36,37,44,45,48],"ascension_level":2}}