{"host":"h5mpg8xef8fl8s1y","time":1611037126,"event":{"mods":["100% Spire Juice","AchievementEnabler","BaseMod","Bestiary","Block Reminder","CapriCore","Colored Map","Colored Powertips","Curses Come First","Dark Map","Displayed Cursed Tome","Googly Eyes","Koishi","Marisa????????","Minty Spire (QoL Compilation)","Permanent Neow","Quick Restart","Random Character Button","Rare Cards Sparkle","Reimu??????","Relic Stats","Remilia??????","StSLib","Starting Relic: Pandora\u0027s Box","The Immortal","The Marked","The Senshi","The Servant 0.9.4","TheVelvet","Waifu the Spire","Yakumo Yukari mod","Yuyuko","everything is the same but u backflip on backflip"],"gold_per_floor":[113,169,169,184,184,211,211,222,271,271,285,250,250,250,250,350,350,363,378,338,338,338,365,365,290,290,290,325,325,325],"floor_reached":29,"language":"ENG","playtime":1610,"items_purged":[],"score":324,"play_id":"2bd8bd30-d4cd-4fc6-b5f5-6a42db58a821","local_time":"20210119011846","is_ascension_mode":true,"campfire_choices":[{"data":"ForeignInfluence","floor":7,"key":"SMITH"},{"data":"MentalFortress","floor":10,"key":"SMITH"},{"data":"Collect","floor":15,"key":"SMITH"},{"floor":24,"key":"REST"}],"circlet_count":0,"master_deck":["Eruption+1","Vigilance","Fasting2","Collect","InnerPeace","CutThroughFate+1","Evaluate","WheelKick","Consecrate+1","Collect+1","ForeignInfluence+1","Prostrate","EmptyBody","MentalFortress+1","SandsOfTime","Devotion+1","Evaluate+1","Prostrate","Pride","DevaForm+1","MentalFortress+1","JustLucky+1"],"relics":["PureWater","Whetstone","Mastiff:ReiMu","Regal Pillow","RuthlessExorcism:ReiMu","Frozen Egg 2","Black Star","ZunR:ReiMu","GreatHeart","Nilry\u0027s Codex","Bronze Scales","MealTicket","Bottled Tornado","CultistMask","Ice Cream","Vajra"],"acts_visited":["Exordium","TheCity"],"potions_floor_usage":[19,28],"damage_taken":[{"damage":0,"enemies":"Jaw Worm","floor":1,"turns":2},{"damage":0,"enemies":"2 Louse","floor":4,"turns":1},{"damage":0,"enemies":"Gremlin Nob","floor":6,"turns":2},{"damage":0,"enemies":"Small Slimes","floor":8,"turns":1},{"damage":0,"enemies":"Exordium Wildlife","floor":11,"turns":3},{"damage":10,"enemies":"The Guardian","floor":16,"turns":7},{"damage":0,"enemies":"Chosen","floor":18,"turns":4},{"damage":30,"enemies":"2 Thieves","floor":19,"turns":3},{"damage":16,"enemies":"Gremlin Leader","floor":23,"turns":4},{"damage":47,"enemies":"Slavers","floor":28,"turns":6},{"damage":36,"enemies":"Cultist and Chosen","floor":29,"turns":3}],"seed_played":"659145789997783572","potions_obtained":[{"floor":1,"key":"Weak Potion"},{"floor":8,"key":"EntropicBrew"},{"floor":18,"key":"LiquidBronze"},{"floor":28,"key":"Ambrosia"}],"is_trial":false,"path_per_floor":["M","?","?","M","?","E","R","M","T","R","M","?","$","T","R","B",null,"M","M","?","?","?","E","R","$","T","?","E","M"],"character_chosen":"WATCHER","items_purchased":["MentalFortress+1"],"campfire_rested":1,"item_purchase_floors":[25],"current_hp_per_floor":[72,72,72,72,54,54,54,54,54,54,54,72,72,72,72,62,72,72,42,42,42,26,10,46,61,61,61,14,0,0],"gold":325,"neow_bonus":"RANDOM_COMMON_RELIC","is_daily":false,"chose_seed":false,"campfire_upgraded":3,"win_rate":0.0,"timestamp":1611037126,"path_taken":["M","?","?","M","?","E","R","M","T","R","?","?","?","?","R","BOSS","M","M","?","?","?","E","R","$","T","?","E","M"],"items_purchased_type":["Card"],"build_version":"2020-12-22","purchased_purges":0,"victory":false,"max_hp_per_floor":[72,72,72,72,72,72,72,72,72,72,72,72,72,72,72,72,72,72,72,72,72,72,72,72,72,72,72,72,72,72],"relic_stats":{"Regal Pillow":15,"counters":[11,36],"Bronze Scales":[45],"MealTicket":15,"Black Star":2,"Whetstone":["CutThroughFate","Consecrate"],"obtain_stats":[{"Ice Cream":28,"Regal Pillow":6,"Nilry\u0027s Codex":22,"ZunR:ReiMu":20,"Vajra":28,"Whetstone":0,"Frozen Egg 2":14,"Bottled Tornado":26,"Mastiff:ReiMu":5,"Bronze Scales":23,"MealTicket":23,"CultistMask":27,"Black Star":17,"GreatHeart":21,"PureWater":0,"RuthlessExorcism:ReiMu":9},{"Ice Cream":10,"Regal Pillow":3,"Nilry\u0027s Codex":8,"ZunR:ReiMu":8,"Vajra":10,"Whetstone":0,"Frozen Egg 2":5,"Bottled Tornado":9,"Mastiff:ReiMu":2,"Bronze Scales":9,"MealTicket":9,"CultistMask":9,"Black Star":6,"GreatHeart":8,"PureWater":0,"RuthlessExorcism:ReiMu":4},{"Ice Cream":33,"Regal Pillow":5,"Nilry\u0027s Codex":23,"ZunR:ReiMu":23,"Vajra":33,"Whetstone":0,"Frozen Egg 2":9,"Bottled Tornado":27,"Mastiff:ReiMu":3,"Bronze Scales":27,"MealTicket":27,"CultistMask":27,"Black Star":16,"GreatHeart":23,"PureWater":0,"RuthlessExorcism:ReiMu":6}]},"card_choices":[{"not_picked":["CrushJoints","ClearTheMind"],"picked":"ForeignInfluence","floor":1},{"not_picked":["Indignation","ForeignInfluence"],"picked":"Prostrate","floor":4},{"not_picked":["Pray","SashWhip"],"picked":"EmptyBody","floor":6},{"not_picked":["EmptyBody","Halt"],"picked":"MentalFortress","floor":8},{"not_picked":["Halt","WreathOfFlame"],"picked":"SandsOfTime","floor":11},{"not_picked":["Ragnarok","Wish"],"picked":"Devotion+1","floor":16},{"not_picked":["FlyingSleeves","WindmillStrike"],"picked":"Evaluate+1","floor":18},{"not_picked":["Halt","DeceiveReality"],"picked":"Prostrate","floor":19},{"not_picked":["Halt+1","EmptyBody+1"],"picked":"DevaForm+1","floor":23},{"not_picked":["FlurryOfBlows","ReachHeaven+1"],"picked":"JustLucky+1","floor":28}],"player_experience":241257,"relics_obtained":[{"floor":6,"key":"Regal Pillow"},{"floor":9,"key":"RuthlessExorcism:ReiMu"},{"floor":14,"key":"Frozen Egg 2"},{"floor":23,"key":"Bronze Scales"},{"floor":23,"key":"MealTicket"},{"floor":26,"key":"Bottled Tornado"},{"floor":28,"key":"Ice Cream"},{"floor":28,"key":"Vajra"}],"event_choices":[{"damage_healed":0,"gold_gain":56,"player_choice":"Gained Gold","damage_taken":0,"max_hp_gain":0,"max_hp_loss":0,"event_name":"Golden Wing","floor":2,"gold_loss":0},{"damage_healed":0,"gold_gain":0,"player_choice":"Grow","damage_taken":0,"max_hp_gain":0,"max_hp_loss":0,"event_name":"Living Wall","floor":3,"gold_loss":0,"cards_upgraded":["Eruption"]},{"damage_healed":0,"gold_gain":0,"player_choice":"Success","damage_taken":18,"relics_obtained":["Mastiff:ReiMu"],"max_hp_gain":0,"max_hp_loss":0,"event_name":"Scrap Ooze","floor":5,"gold_loss":0},{"damage_healed":18,"gold_gain":0,"player_choice":"Healed","damage_taken":0,"max_hp_gain":0,"max_hp_loss":0,"event_name":"The Cleric","floor":12,"gold_loss":35},{"damage_healed":0,"gold_gain":0,"player_choice":"Keep O-miki","damage_taken":0,"relics_obtained":["ZunR:ReiMu"],"max_hp_gain":0,"max_hp_loss":0,"event_name":"ZunEvent","floor":20,"gold_loss":40},{"damage_healed":0,"gold_gain":0,"player_choice":"Obtained Book","damage_taken":16,"max_hp_gain":0,"max_hp_loss":0,"event_name":"Cursed Tome","floor":22,"gold_loss":0},{"damage_healed":0,"gold_gain":0,"player_choice":"Trade","damage_taken":0,"relics_obtained":["CultistMask"],"max_hp_gain":0,"max_hp_loss":0,"event_name":"FaceTrader","floor":27,"gold_loss":0}],"is_beta":false,"boss_relics":[{"not_picked":["Snecko Eye","SlaversCollar"],"picked":"Black Star"}],"items_purged_floors":[],"is_endless":false,"potions_floor_spawned":[1,8,18,28],"killed_by":"Cultist and Chosen","ascension_level":3}}