{"host":"ef3ybc9bdsabvdps","time":1611050613,"event":{"mods":["BaseMod","Minty Spire (QoL Compilation)"],"gold_per_floor":[109,109,34,54,54,79,92,123,123,123,123,152,167,67,67,170,170,189,208,208,226,226,257,276,289,289,289,289,289,289,303,303,399,399,410,89,104,159,159,185,185,210,261,261,261],"floor_reached":44,"language":"KOR","playtime":1636,"items_purged":["Defend_P","Strike_P"],"score":580,"play_id":"43dd4d9f-d6c6-41a8-b8cb-919a7f80d26c","local_time":"20210119190333","is_ascension_mode":true,"campfire_choices":[{"data":"Eruption","floor":11.0,"key":"SMITH"},{"floor":15.0,"key":"REST"},{"floor":28,"key":"REST"},{"floor":30,"key":"REST"},{"floor":32,"key":"REST"},{"floor":41,"key":"REST"}],"circlet_count":0,"master_deck":["Strike_P+1","Defend_P+1","Eruption+1","Vigilance","EmptyFist","FollowUp","CutThroughFate","CrushJoints","Vengeance","BattleHymn","FlurryOfBlows","Vault","FlurryOfBlows","Consecrate","InnerPeace","Ragnarok","Tantrum","Madness","Madness","EmptyBody+1"],"relics":["Philosopher\u0027s Stone","Nunchaku","Blue Candle","GoldenEye","Sundial","Dream Catcher","Runic Pyramid","Akabeko","Pantograph","Happy Flower","Strawberry","Empty Cage","StoneCalendar","Pocketwatch","HornCleat","Bronze Scales","Centennial Puzzle"],"acts_visited":["TheBeyond"],"potions_floor_usage":[37,38,38,42],"damage_taken":[{"damage":0.0,"enemies":"Small Slimes","floor":1.0,"turns":3.0},{"damage":0.0,"enemies":"Jaw Worm","floor":4.0,"turns":3.0},{"damage":1.0,"enemies":"Gremlin Nob","floor":6.0,"turns":3.0},{"damage":0.0,"enemies":"2 Louse","floor":7.0,"turns":2.0},{"damage":15.0,"enemies":"3 Sentries","floor":8.0,"turns":6.0},{"damage":0.0,"enemies":"Gremlin Nob","floor":12.0,"turns":2.0},{"damage":0.0,"enemies":"Exordium Wildlife","floor":13.0,"turns":3.0},{"damage":35.0,"enemies":"Hexaghost","floor":16.0,"turns":5.0},{"damage":0.0,"enemies":"Shell Parasite","floor":18.0,"turns":3.0},{"damage":2.0,"enemies":"3 Byrds","floor":19.0,"turns":4.0},{"damage":21,"enemies":"3 Cultists","floor":21,"turns":4},{"damage":20,"enemies":"Book of Stabbing","floor":23,"turns":5},{"damage":8,"enemies":"Shelled Parasite and Fungi","floor":24,"turns":3},{"damage":0,"enemies":"Sentry and Sphere","floor":25,"turns":3},{"damage":14,"enemies":"Centurion and Healer","floor":31,"turns":4},{"damage":14,"enemies":"Collector","floor":33,"turns":6},{"damage":23,"enemies":"3 Shapes","floor":35,"turns":4},{"damage":0,"enemies":"Orb Walker","floor":37,"turns":2},{"damage":10,"enemies":"2 Orb Walkers","floor":38,"turns":3},{"damage":26,"enemies":"Nemesis","floor":40,"turns":4},{"damage":37,"enemies":"Reptomancer","floor":42,"turns":5},{"damage":9,"enemies":"Spire Growth","floor":44,"turns":2}],"seed_played":"-4567681225935002362","potions_obtained":[{"floor":4.0,"key":"Block Potion"},{"floor":6.0,"key":"LiquidMemories"},{"floor":25,"key":"Fruit Juice"},{"floor":35,"key":"Ancient Potion"},{"floor":37,"key":"EntropicBrew"}],"is_trial":false,"path_per_floor":["M","?","$","M","?","E","M","E","T","?","R","E","M","$","R","B",null,"M","M","?","M","?","E","M","M","T","T","R","?","R","M","R","B",null,"M","$","M","?","?","E","R","E","T","M"],"character_chosen":"WATCHER","items_purchased":["StoneCalendar","Tantrum"],"campfire_rested":5,"item_purchase_floors":[36,36],"current_hp_per_floor":[72,58,58,58,55,54,54,39,39,39,39,39,39,39,60,25,72,72,70,70,49,36,16,8,8,8,8,31,38,63,49,74,70,84,61,61,66,56,45,19,45,8,8,0,0],"gold":261,"neow_bonus":"BOSS_RELIC","is_daily":false,"chose_seed":false,"campfire_upgraded":1,"win_rate":0.0,"timestamp":1611050613,"path_taken":["M","?","$","M","?","E","M","E","T","?","R","E","?","$","R","BOSS","M","M","?","M","?","E","M","M","T","?","R","?","R","M","R","BOSS","M","$","M","?","?","E","R","E","T","M"],"items_purchased_type":["Relic","Card"],"build_version":"2020-12-22","purchased_purges":2,"victory":false,"max_hp_per_floor":[72,72,72,72,72,72,72,72,72,72,72,72,72,72,72,72,72,72,72,72,72,77,77,77,77,77,77,77,84,84,84,84,84,84,84,84,89,89,89,89,89,89,89,89,89],"card_choices":[{"not_picked":["Evaluate","Halt"],"picked":"EmptyFist","floor":1.0},{"not_picked":["Crescendo","SignatureMove"],"picked":"FollowUp","floor":4.0},{"not_picked":["Alpha","SashWhip"],"picked":"CutThroughFate","floor":6.0},{"not_picked":["EmptyFist","SandsOfTime"],"picked":"CrushJoints","floor":7.0},{"not_picked":["Protect","ClearTheMind"],"picked":"Vengeance","floor":8.0},{"not_picked":["WheelKick","SashWhip","EmptyFist"],"picked":"SKIP","floor":12.0},{"not_picked":["DeceiveReality","Wireheading"],"picked":"BattleHymn","floor":13.0},{"not_picked":["BowlingBash","CutThroughFate"],"picked":"FlurryOfBlows","floor":15.0},{"not_picked":["SpiritShield","Ragnarok"],"picked":"Vault","floor":16.0},{"not_picked":["Consecrate","EmptyBody","Conclude"],"picked":"SKIP","floor":18.0},{"not_picked":["BowlingBash","Prostrate","Wireheading"],"picked":"SKIP","floor":19.0},{"not_picked":["BowlingBash","Prostrate","Wireheading"],"picked":"SKIP","floor":19.0},{"not_picked":["EmptyFist","SashWhip+1","Protect"],"picked":"SKIP","floor":21},{"not_picked":["CutThroughFate","SandsOfTime"],"picked":"FlurryOfBlows","floor":23},{"not_picked":["Sanctity","Indignation"],"picked":"Consecrate","floor":24},{"not_picked":["PathToVictory","BowlingBash","DeceiveReality+1"],"picked":"SKIP","floor":25},{"not_picked":["Consecrate","Wireheading"],"picked":"InnerPeace","floor":30},{"not_picked":["Wallop","Crescendo","CutThroughFate"],"picked":"SKIP","floor":31},{"not_picked":["Alpha","Vault"],"picked":"Ragnarok","floor":33},{"not_picked":["FlyingSleeves+1","ForeignInfluence","Consecrate"],"picked":"SKIP","floor":35},{"not_picked":["CrushJoints","ReachHeaven","SashWhip+1"],"picked":"SKIP","floor":37},{"not_picked":["Wireheading","Prostrate","SashWhip+1"],"picked":"SKIP","floor":40},{"not_picked":["LikeWater","ReachHeaven+1"],"picked":"EmptyBody+1","floor":42}],"player_experience":311108,"relics_obtained":[{"floor":6.0,"key":"Blue Candle"},{"floor":8.0,"key":"GoldenEye"},{"floor":9.0,"key":"Sundial"},{"floor":12.0,"key":"Dream Catcher"},{"floor":23,"key":"Akabeko"},{"floor":26,"key":"Pantograph"},{"floor":27,"key":"Happy Flower"},{"floor":38,"key":"Pocketwatch"},{"floor":40,"key":"HornCleat"},{"floor":42,"key":"Bronze Scales"},{"floor":43,"key":"Centennial Puzzle"}],"event_choices":[{"damage_healed":0.0,"max_hp_gain":0.0,"max_hp_loss":0.0,"gold_gain":0.0,"event_name":"Shining Light","player_choice":"Entered Light","floor":2.0,"gold_loss":0.0,"damage_taken":14.0,"cards_upgraded":["Strike_P","Defend_P"]},{"damage_healed":0.0,"max_hp_gain":0.0,"max_hp_loss":0.0,"gold_gain":0.0,"event_name":"Scrap Ooze","player_choice":"Success","floor":5.0,"gold_loss":0.0,"damage_taken":3.0,"relics_obtained":["Nunchaku"]},{"cards_removed":["Strike_P"],"damage_healed":0.0,"max_hp_gain":0.0,"max_hp_loss":0.0,"gold_gain":0.0,"event_name":"Living Wall","player_choice":"Forget","floor":10.0,"gold_loss":0.0,"damage_taken":0.0},{"cards_removed":["Defend_P"],"damage_healed":0,"gold_gain":0,"player_choice":"Elegance","damage_taken":0,"max_hp_gain":0,"max_hp_loss":0,"event_name":"Back to Basics","floor":20,"gold_loss":0},{"damage_healed":0,"gold_gain":0,"player_choice":"Shed Blood","damage_taken":18,"max_hp_gain":5,"max_hp_loss":0,"event_name":"Forgotten Altar","floor":22,"gold_loss":0},{"damage_healed":0,"gold_gain":0,"player_choice":"Opened","damage_taken":0,"relics_obtained":["Strawberry"],"max_hp_gain":0,"max_hp_loss":0,"event_name":"The Mausoleum","floor":29,"gold_loss":0},{"damage_healed":0,"gold_gain":0,"player_choice":"Fight","damage_taken":0,"max_hp_gain":0,"max_hp_loss":0,"event_name":"Mysterious Sphere","floor":38,"gold_loss":0},{"damage_healed":0,"gold_gain":0,"player_choice":"Embrace Madness","damage_taken":11,"max_hp_gain":0,"max_hp_loss":0,"event_name":"Winding Halls","floor":39,"gold_loss":0,"cards_obtained":["Madness","Madness"]}],"is_beta":false,"boss_relics":[{"not_picked":["Pandora\u0027s Box","Snecko Eye"],"picked":"Runic Pyramid"},{"not_picked":["Calling Bell","Runic Dome"],"picked":"Empty Cage"}],"items_purged_floors":[3,14],"is_endless":false,"potions_floor_spawned":[4,6,25,35,37],"killed_by":"Spire Growth","ascension_level":1}}