{"host":"6pi3nqc17y3b7f6a","time":1611096387,"event":{"mods":["Act Like it!","Aspiration","Astrologer","Bartender","BaseMod","Beaked The Cultist","Bestiary","Better Match","Better Sensory Stone","Better Skull","Better Third Choice","Better Vampires","BetterRewards","CapriCore","Challenge The Spire","Chen","Clockwork Mod","Colored Map","Colored Powertips","Colorless Booster Pack","Conspire","Defuse TimeMaze Blight","Dio Mod","Duelist Mod","Elementarium","Energized Spire","Friendly Minions","Gensokyo","GifTheSpireLib","Gremlin Mod","GungeonMod","Halation","Hallownest","Highlight Path","Hubris","Hyrulean Relics","Infinite Spire","KinomotoSakuraMod(????)","Koishi","Mad Scientist","Magitek Elite","Marisa????????","Melee Mod","Mimic Mod","Minty Spire (QoL Compilation)","Nova Terra(??·??)","Pale of the Ancients","Pikachu Mod","Potionbrewer","Quarter Circle Forward PUNCH!","Quick Restart","Random Character Button","Rare Cards Sparkle","Reimu??????","Replay The Spire","Robot Space Explorer","SCP261 Mod","SIMod","SOS???????","Shedinja","Shop Mod","Spikes Relics","StSLib","Stuff the Spire","SuperFastMode","The Administrix","The Alterego","The Animator","The Bug Knight","The Construct","The Dragon Tamer","The Forsaken","The Hierophant","The Immortal","The Jester","The Kombatant","The Mystic","The Poker Player","The Problem Sleuth","The Runesmith","The Sage","The Servant 0.9.4","The Showman","The Spell Scribe","The Vixen","The Wild Card","TheBandit","TheHero","TheSwordswoman","Trackpad","Treasure Hunter","Useless Jewels Mod","Wandering Minibosses","Yakumo Yukari mod","vexMod","??????REMEMod"],"gold_per_floor":[142,117,117,130,141,141,170,170,206,206,221,240,240,165,165,265,265,281,281,310,310,82,124,145,145,145,145,145,168,127,117,117,237,237,268,268,318,338,32,32,71,106,106,140,140,172,194,244,244,252,252,252,26,67,91],"floor_reached":56,"language":"ENG","playtime":7657,"items_purged":["theDuelist:BeaverWarrior","theDuelist:Pollinosis","theDuelist:SummoningCurse"],"score":1418,"play_id":"7faa3128-454a-4793-b385-0be1dc7ed7fb","local_time":"20210119144626","is_ascension_mode":true,"campfire_choices":[{"floor":6.0,"key":"RECALL"},{"floor":13.0,"key":"REST"},{"data":"theDuelist:TrapMetronome","floor":15.0,"key":"SMITH"},{"data":"Elementarium:EarthblessedBlade","floor":27.0,"key":"SMITH"},{"data":"infinitespire:Oblivion","floor":32.0,"key":"SMITH"},{"data":"theDuelist:Polymerization","floor":40.0,"key":"SMITH"},{"data":"theDuelist:CrossSwordBeetle","floor":49.0,"key":"SMITH"},{"data":"theDuelist:RareMonsterMetronome","floor":52,"key":"SMITH"}],"circlet_count":0,"master_deck":["theDuelist:CastleWalls","theDuelist:CastleWalls","theDuelist:FinalFlame","theDuelist:GiantSoldier","theDuelist:ScrapFactory","theDuelist:Sparks","theDuelist:Sparks","theDuelist:ArtifactSanctum","theDuelist:ArmoredBee","theDuelist:CorrosiveScales","theDuelist:ParallelWorldFusion","theDuelist:BugMatrix","theDuelist:LegendaryBlackBelt","theDuelist:RainbowMagician","theDuelist:TrapMetronome+1","theDuelist:CardsFromTheSky","theDuelist:RainbowKuriboh+1","theDuelist:RainbowDragon","theDuelist:Polymerization+1","theDuelist:GrandSpellbookTower+1","theDuelist:EmpressMantis","theDuelist:RareMonsterMetronome+1","infinitespire:Oblivion+1","infinitespire:Gouge","Elementarium:GildedEssence","theDuelist:HappyLover","theDuelist:HappyLover","theDuelist:AttackMetronome+1","theDuelist:BeeListSoldier","theDuelist:AncientMetronome+1","theDuelist:CrossSwordBeetle+1","theDuelist:ImperialCustom+1","theDuelist:Wetlands","Elementarium:EarthblessedBlade+1","theDuelist:CyberDragonVier+1","theDuelist:ShiftingShadows+1"],"relics":["theDuelist:MillenniumPuzzle","REME_ComplimentaryCards","StoneCalendar","halation:EternalFortune","SlaversCollar","DemoMod:OrangeGuonStone","hubris:Icosahedron","MerchantsRug","theDuelist:BoosterBetterBoostersRelic","Replay:Bandana","ExplosiveVial","StuffTheSpire:Mouthbags","theDuelist:ResummonBranch","Dead Branch","construct:ClawGrip","Elementarium:ElementariumTrophy","Black Star","hubris:CuriousFeather","qcfpunch:Red_Headband","Pet Ghost","ReplayTheSpireMod:Spearhead","trackpad:AdjectivePendant","aspiration:Lifesprig","halation:BottledLove","infinitespire:Lucky Rock","StuffTheSpire:PointBlank","theDuelist:MillenniumCoin","vexMod:BarristanHead","CrustySpines","qcfpunch:Wild_Herbs_Ointment"],"acts_visited":["Gensokyo:Gensokyo","Elementarium:Elementarium","Hallownest:KingdomsEdge","TheEnding"],"potions_floor_usage":[],"damage_taken":[{"damage":0.0,"enemies":"Gensokyo:Gryphon","floor":1.0,"turns":4.0},{"damage":2.0,"enemies":"Gensokyo:3_Fairies","floor":4.0,"turns":5.0},{"damage":16.0,"enemies":"Gensokyo:2_Kodama","floor":5.0,"turns":5.0},{"damage":24.0,"enemies":"Gensokyo:Cirno","floor":7.0,"turns":8.0},{"damage":3.0,"enemies":"Gensokyo:VengefulSpirit","floor":9.0,"turns":7.0},{"damage":1.0,"enemies":"Gensokyo:VengefulSpirit","floor":11.0,"turns":6.0},{"damage":21.0,"enemies":"Gensokyo:Gryphon_and_Rabbit","floor":12.0,"turns":7.0},{"damage":24.0,"enemies":"Gensokyo:Kokoro","floor":16.0,"turns":12.0},{"damage":14.0,"enemies":"Elementarium:VoidCorruption","floor":18.0,"turns":7.0},{"damage":32.0,"enemies":"Gensokyo:Tenshi","floor":20.0,"turns":4.0},{"damage":17.0,"enemies":"Elementarium:FIRE_NOBILITY","floor":23.0,"turns":7.0},{"damage":10.0,"enemies":"Elementarium:Cyclone","floor":24.0,"turns":5.0},{"damage":0.0,"enemies":"Elementarium:VoidBeast","floor":29.0,"turns":3.0},{"damage":0.0,"enemies":"Elementarium:GoldenDragon","floor":33.0,"turns":6.0},{"damage":27.0,"enemies":"Hallownest:2_Littles","floor":35.0,"turns":6.0},{"damage":0.0,"enemies":"Hallownest:3_Siblings","floor":37.0,"turns":6.0},{"damage":36.0,"enemies":"Hallownest:3_Siblings","floor":38.0,"turns":6.0},{"damage":0.0,"enemies":"Hallownest:2_Wing_and_1_Kings","floor":41.0,"turns":3.0},{"damage":0.0,"enemies":"Hallownest:eliteCollector","floor":42.0,"turns":4.0},{"damage":0.0,"enemies":"Hallownest:monsterPrimalAspid","floor":44.0,"turns":3.0},{"damage":1.0,"enemies":"Hallownest:Xero_Hu_Marmu","floor":46.0,"turns":7.0},{"damage":3.0,"enemies":"Hallownest:2_Wing_and_1_Kings","floor":47.0,"turns":6.0},{"damage":0.0,"enemies":"Hallownest:eliteHiveKnight","floor":48.0,"turns":5.0},{"damage":13,"enemies":"Hallownest:Radiance","floor":50,"turns":8},{"damage":43,"enemies":"Shield and Spear","floor":54,"turns":6},{"damage":23,"enemies":"The Heart","floor":55,"turns":7}],"seed_played":"-6050364069036177371","potions_obtained":[{"floor":5.0,"key":"potionbrewer:EndurancePotion"},{"floor":12.0,"key":"SteroidPotion"},{"floor":16.0,"key":"theDuelist:BottledKuriboh"},{"floor":20.0,"key":"infinitespire:BlackPotion"},{"floor":23.0,"key":"potionbrewer:CleansingPotion"},{"floor":35.0,"key":"LiquidBronze"},{"floor":38.0,"key":"FocusPotion"},{"floor":42.0,"key":"potionbrewer:DiscountPotion"}],"is_trial":false,"path_per_floor":["M","?","?","M","M","R","E","?","MIM","?","M","M","R","?","R","B",null,"M","?","?","?","$","E","M","?","T","R","AVR","M","$","?","R_BF","B",null,"M","?","MIM","M","$","R","M","E","T","M","?","M","M","E","R_BF","B",null,"R","$","E","B",null],"character_chosen":"THE_DUELIST","items_purchased":["MerchantsRug","theDuelist:BoosterBetterBoostersRelic","Replay:Bandana","ExplosiveVial","Pet Ghost","ReplayTheSpireMod:Spearhead","theDuelist:MillenniumCoin","vexMod:BarristanHead","theDuelist:CyberDragonVier+1"],"campfire_rested":1,"item_purchase_floors":[22,22,22,22,39,39,53,53,53],"current_hp_per_floor":[56,56,80,78,62,62,38,38,35,38,37,16,40,40,40,16,83,69,69,37,37,37,66,56,56,56,56,56,56,56,56,56,56,83,59,59,59,23,23,23,23,23,23,23,32,31,28,28,28,15,86,86,86,43,20],"gold":91,"neow_bonus":"TRANSFORM_TWO_CARDS","is_daily":false,"chose_seed":false,"campfire_upgraded":6,"win_rate":0.0,"timestamp":1611096386,"path_taken":["M","?","?","M","M","R","E","?","MIM","?","M","?","R","?","R","BOSS","M","?","?","?","?","E","?","?","T","R","AVR","M","$","?","R_BF","BOSS","M","?","?","M","$","R","M","E","T","M","?","?","?","E","R_BF","BOSS","R","$","E","BOSS"],"items_purchased_type":["Relic","Relic","Relic","Relic","Relic","Relic","Relic","Relic","Card"],"build_version":"2020-12-22","purchased_purges":3,"victory":true,"max_hp_per_floor":[80,80,80,80,80,80,80,80,80,83,83,83,83,83,83,83,83,83,83,83,83,83,83,83,83,83,83,83,83,83,83,83,83,83,86,86,86,86,86,86,86,86,86,86,86,86,86,86,86,86,86,86,86,86,86],"card_choices":[{"not_picked":["theDuelist:RainbowLife","theDuelist:HeavyMechSupportArmor","theDuelist:DarkMirrorForce","theDuelist:ThreateningRoar"],"picked":"theDuelist:ArmoredBee","floor":1.0},{"not_picked":["theDuelist:TimeFusion","theDuelist:ColdWave","theDuelist:Submarineroid","theDuelist:DragonShield","theDuelist:GhostrickDoll"],"picked":"SKIP","floor":4.0},{"not_picked":["theDuelist:GishkiZielgigas","theDuelist:GishkiReliever","theDuelist:GishkiNoellia","theDuelist:GishkiPsychelone","theDuelist:GishkiMollusk"],"picked":"SKIP","floor":5.0},{"not_picked":["theDuelist:GishkiZielgigas","theDuelist:GishkiReliever","theDuelist:GishkiNoellia","theDuelist:GishkiPsychelone","theDuelist:GishkiMollusk"],"picked":"SKIP","floor":5.0},{"not_picked":["theDuelist:LeviairSeaDragon","theDuelist:InjectionFairy","theDuelist:SnowDragon","theDuelist:QuickCharger"],"picked":"theDuelist:ParallelWorldFusion","floor":7.0},{"not_picked":["theDuelist:TerraTerrible","theDuelist:GoyoDefender","theDuelist:GhostrickYeti","theDuelist:BlueDragonSummoner"],"picked":"theDuelist:BugMatrix","floor":7.0},{"not_picked":["theDuelist:AttackTheMoon","theDuelist:DragonRavine","theDuelist:Mausoleum","theDuelist:BigFire"],"picked":"theDuelist:LegendaryBlackBelt","floor":8.0},{"not_picked":["theDuelist:StarBoy","theDuelist:BattleguardKing","theDuelist:DianKeto","theDuelist:UltraPolymerization"],"picked":"theDuelist:RainbowMagician","floor":9.0},{"not_picked":["theDuelist:GhostrickRenovation","theDuelist:SilverApples","theDuelist:FairyBox","theDuelist:AltarTribute"],"picked":"theDuelist:TrapMetronome","floor":11.0},{"not_picked":["theDuelist:BlastJuggler","theDuelist:SpiritHarp","theDuelist:ArcaneMetronome","theDuelist:MightyWarrior"],"picked":"theDuelist:CardsFromTheSky","floor":12.0},{"not_picked":["theDuelist:GhostrickAngel","theDuelist:DunamesDarkWitch","theDuelist:RainbowDragon","theDuelist:RainbowOverdragon"],"picked":"theDuelist:RainbowKuriboh","floor":16.0},{"not_picked":["theDuelist:RainbowNeos","theDuelist:RainbowDarkDragon","theDuelist:KamionTimelord","theDuelist:RainbowKuriboh"],"picked":"theDuelist:RainbowDragon","floor":16.0},{"not_picked":["theDuelist:CoreBlaster","theDuelist:CombinationAttack","theDuelist:OjamaCountry","theDuelist:FiendMetronome"],"picked":"theDuelist:Polymerization","floor":18.0},{"not_picked":["theDuelist:NaturiaBarkion","theDuelist:BloodSucker","theDuelist:MindAir","theDuelist:ObsidianDragon"],"picked":"theDuelist:GrandSpellbookTower+1","floor":20.0},{"not_picked":["theDuelist:ZombieWarrior","theDuelist:BullBlader","theDuelist:DragonZombie","theDuelist:CyberArchfiend+1"],"picked":"theDuelist:EmpressMantis","floor":23.0},{"not_picked":["theDuelist:BlackStego","theDuelist:SwampFrog","theDuelist:KarakuriSpider","theDuelist:IslandTurtle","theDuelist:SangaEarth"],"picked":"SKIP","floor":23.0},{"not_picked":["theDuelist:VampireGrimson","theDuelist:VampireDragon","theDuelist:VendreadStriges","theDuelist:VendreadCore+1","theDuelist:RevendreadExecutor"],"picked":"SKIP","floor":24.0},{"not_picked":["theDuelist:VendreadStriges","theDuelist:TailSwipe","theDuelist:LightLaser","theDuelist:CrystalTree"],"picked":"theDuelist:RareMonsterMetronome","floor":26.0},{"not_picked":["theDuelist:PyramidLight","theDuelist:AegisOceanDragon","theDuelist:JurassicImpact","theDuelist:BlastingRuins","theDuelist:BlastWithChain"],"picked":"SKIP","floor":29.0},{"not_picked":["theDuelist:RainbowFlower","theDuelist:RainbowDarkDragon","theDuelist:RainbowMagician","theDuelist:RainbowOverdragon"],"picked":"theDuelist:HappyLover","floor":33.0},{"not_picked":["theDuelist:GhostrickAngel","theDuelist:RainbowDragon","theDuelist:MaleficRainbowDragon","theDuelist:KamionTimelord+1"],"picked":"theDuelist:HappyLover","floor":33.0},{"not_picked":["theDuelist:Hinotama+1","theDuelist:MayakashiMetronome","theDuelist:ShallowGrave+1","theDuelist:Umi"],"picked":"theDuelist:AttackMetronome+1","floor":35.0},{"not_picked":["theDuelist:MightyWarrior+1","theDuelist:CatShark+1","theDuelist:TwinBarrelDragon","theDuelist:HerculesBeetle"],"picked":"theDuelist:BeeListSoldier","floor":38.0},{"not_picked":["theDuelist:GoyoChaser","theDuelist:DarkTinker","theDuelist:GhostrickSkeleton","theDuelist:LegendarySword","theDuelist:Biofalcon"],"picked":"SKIP","floor":41.0},{"not_picked":["theDuelist:Hinotama","theDuelist:BigFire","theDuelist:LegendaryBlackBelt","theDuelist:CallAtlanteans"],"picked":"theDuelist:AncientMetronome+1","floor":42.0},{"not_picked":["theDuelist:SuperheavySwordsman+1","theDuelist:Factory100Machines+1","theDuelist:BlackStego+1","theDuelist:GhostrickDullahan+1","theDuelist:Flashbang"],"picked":"SKIP","floor":42.0},{"not_picked":["theDuelist:SkullConductor+1","theDuelist:Wightprince+1","theDuelist:DepthShark","theDuelist:BlackBrutdrago"],"picked":"theDuelist:CrossSwordBeetle","floor":43.0},{"not_picked":["theDuelist:MadLobster","theDuelist:ParallelPortArmor+1","theDuelist:Tuningware","theDuelist:LostBlueBreaker+1"],"picked":"theDuelist:ImperialCustom+1","floor":44.0},{"not_picked":["theDuelist:GhostrickAlucard","theDuelist:BarrierStatue","theDuelist:ToonBarrelDragon","theDuelist:Kuriboh","theDuelist:ExodiaLA"],"picked":"SKIP","floor":46.0},{"not_picked":["theDuelist:VampireGrimson","theDuelist:CrimsonKnightVampire","theDuelist:VampireGrace","theDuelist:Yasha+1","theDuelist:Tsukahagi"],"picked":"SKIP","floor":47.0},{"not_picked":["theDuelist:Earthquake","theDuelist:CoreBlaster","theDuelist:OverflowMetronome+1","theDuelist:OjamaCountry"],"picked":"theDuelist:Wetlands","floor":48.0},{"not_picked":["theDuelist:FallenAngelRoses+1","theDuelist:WarriorMetronome+1","theDuelist:FishborgBlaster","theDuelist:InfernityDoomDragon","theDuelist:VendreadStriges"],"picked":"SKIP","floor":48.0},{"not_picked":["theDuelist:AncientGearChimera+1","theDuelist:MangaRyuRan+1","theDuelist:ShiranuiSquiresaga+1","theDuelist:DarkDriceratops+1"],"picked":"theDuelist:ShiftingShadows+1","floor":54},{"not_picked":["theDuelist:VampireDragon+1","theDuelist:CyberEltanin+1","theDuelist:MangaRyuRan+1","theDuelist:WhiteNightDragon+1","theDuelist:GaiaDragonChamp+1"],"picked":"SKIP","floor":54}],"player_experience":620587,"relics_obtained":[{"floor":7.0,"key":"StoneCalendar"},{"floor":20.0,"key":"DemoMod:OrangeGuonStone"},{"floor":23.0,"key":"StuffTheSpire:Mouthbags"},{"floor":26.0,"key":"REME_HourglassOfDeath"},{"floor":35.0,"key":"halation:EternalFortune"},{"floor":37.0,"key":"hubris:CuriousFeather"},{"floor":37.0,"key":"qcfpunch:Red_Headband"},{"floor":42.0,"key":"trackpad:AdjectivePendant"},{"floor":42.0,"key":"aspiration:Lifesprig"},{"floor":43.0,"key":"halation:BottledLove"},{"floor":48.0,"key":"infinitespire:Lucky Rock"},{"floor":48.0,"key":"StuffTheSpire:PointBlank"},{"floor":54,"key":"CrustySpines"},{"floor":54,"key":"qcfpunch:Wild_Herbs_Ointment"}],"event_choices":[{"damage_healed":0.0,"max_hp_gain":0.0,"max_hp_loss":0.0,"gold_gain":1.0,"event_name":"betterStone:BetterStone","player_choice":"1","floor":8.0,"gold_loss":0.0,"damage_taken":0.0},{"damage_healed":0.0,"max_hp_gain":0.0,"max_hp_loss":0.0,"gold_gain":0.0,"event_name":"betterMatch:BetterMatch","player_choice":"2","floor":14.0,"gold_loss":0.0,"damage_taken":0.0,"cards_obtained":[]},{"damage_healed":0.0,"max_hp_gain":0.0,"max_hp_loss":0.0,"gold_gain":0.0,"event_name":"Elementarium:BladeSeller","player_choice":"Take","floor":19.0,"gold_loss":0.0,"damage_taken":0.0,"cards_obtained":["Elementarium:EarthblessedBlade"]},{"damage_healed":0.0,"max_hp_gain":0.0,"max_hp_loss":0.0,"gold_gain":0.0,"event_name":"Elementarium:OtherworldlyPassage","player_choice":"Enter","floor":20.0,"gold_loss":0.0,"damage_taken":0.0},{"damage_healed":0.0,"max_hp_gain":0.0,"max_hp_loss":0.0,"gold_gain":0.0,"event_name":"Millennium Items","player_choice":"Took item - Received: Millennium Branch","duelist":true,"floor":25.0,"gold_loss":0.0,"damage_taken":0.0},{"damage_healed":0.0,"max_hp_gain":0.0,"max_hp_loss":0.0,"gold_gain":0.0,"event_name":"Elementarium:OnrushingOffering","player_choice":"Toss","floor":31.0,"gold_loss":10.0,"damage_taken":0.0,"cards_obtained":["Elementarium:GildedEssence"]}],"is_beta":false,"boss_relics":[{"not_picked":["aspiration:ServantSkillbook","HoveringKite"],"picked":"SlaversCollar"},{"not_picked":["vexMod:MysteryBossChallenge","vexMod:TanglingVine"],"picked":"Black Star"}],"items_purged_floors":[22,28,30],"is_endless":false,"potions_floor_spawned":[5,12,16,20,23,35,38,42],"ascension_level":1}}