{"host":"0mk07bycsqo1qk03","time":1611050897,"event":{"mods":["BaseMod","Downfall","Hermit","Hubris","Minty Spire (QoL Compilation)","StSLib","The Cursed"],"gold_per_floor":[99,109,124,137,137,152,152,168,168,197,297,297,297,313,332,332,332,332],"floor_reached":16,"language":"ENG","playtime":622,"items_purged":[],"score":94,"play_id":"d5eb302f-0d68-48a9-9d27-097397d0c1a3","local_time":"20210119110817","is_ascension_mode":false,"campfire_choices":[{"data":"champ:Taunt","floor":1,"key":"SMITH"},{"data":"champ:FanOfKnives","floor":9,"key":"SMITH"},{"data":"champ:RecklessLeap","floor":13,"key":"SMITH"}],"circlet_count":0,"master_deck":["champ:Strike","champ:Strike","champ:Strike","champ:Defend","champ:Defend","champ:Defend","champ:Defend","champ:Execute","champ:Taunt+1","champ:BerserkersShout","champ:FocusedBerserking","champ:FanOfKnives+1","champ:Backstep","champ:ShieldWall","champ:AdrenalArmor","champ:RecklessLeap+1","champ:Duel"],"relics":["champ:ChampionCrown","Eternal Feather","Odd Mushroom"],"acts_visited":["Exordium"],"potions_floor_usage":[16],"damage_taken":[{"damage":25,"enemies":"Small Slimes","floor":2,"turns":4},{"damage":38,"enemies":"Jaw Worm","floor":3,"turns":5},{"damage":0,"enemies":"2 Louse","floor":4,"turns":1},{"damage":20,"enemies":"2 Fungi Beasts","floor":6,"turns":3},{"damage":47,"enemies":"Large Slime","floor":8,"turns":5},{"damage":35,"enemies":"The Mushroom Lair","floor":10,"turns":3},{"damage":23,"enemies":"Red Slaver","floor":14,"turns":5},{"damage":15,"enemies":"3 Louse","floor":15,"turns":1},{"damage":86,"enemies":"IC_STATUS_ARCHETYPE","floor":16,"turns":8}],"seed_played":"1291061765347165622","potions_obtained":[{"floor":3,"key":"Strength Potion"},{"floor":8,"key":"DuplicationPotion"},{"floor":10,"key":"LiquidBronze"}],"is_trial":false,"path_per_floor":["R","M","M","M","?","M","T","M","R","?","?","?","R","M","M","B"],"character_chosen":"THE_CHAMP","items_purchased":[],"campfire_rested":0,"item_purchase_floors":[],"current_hp_per_floor":[90,90,87,87,87,87,87,80,89,89,89,89,90,87,87,1,1,1],"gold":332,"neow_bonus":"THREE_CARDS","is_daily":false,"chose_seed":false,"campfire_upgraded":3,"win_rate":0.0,"timestamp":1611050897,"path_taken":["R","M","M","M","?","M","T","M","R","?","?","?","R","M","M","BOSS"],"items_purchased_type":[],"build_version":"2020-12-22","purchased_purges":0,"victory":false,"max_hp_per_floor":[90,90,90,90,90,90,90,90,90,90,90,90,90,90,90,90,90,90],"card_choices":[{"not_picked":["champ:FanOfKnives","champ:Shatter"],"picked":"champ:BerserkersShout","floor":0},{"not_picked":["champ:DefensiveShout","champ:BerserkersShout"],"picked":"champ:FocusedBerserking","floor":2},{"not_picked":["champ:EnGarde","champ:ArenaPreparation"],"picked":"champ:FanOfKnives","floor":3},{"not_picked":["champ:Haymaker","champ:ShieldSlam"],"picked":"champ:Backstep","floor":4},{"not_picked":["champ:Shatter","champ:FancyFootwork"],"picked":"champ:ShieldWall","floor":6},{"not_picked":["champ:CrookedStrike","champ:PerfectedStrike"],"picked":"champ:AdrenalArmor","floor":8},{"not_picked":["champ:DefensiveShout","champ:CrownThrow","champ:Duel"],"picked":"SKIP","floor":14},{"not_picked":["champ:FanOfKnives","champ:CalledShot"],"picked":"champ:Duel","floor":15}],"player_experience":917045,"relics_obtained":[{"floor":7,"key":"Eternal Feather"},{"floor":10,"key":"Odd Mushroom"}],"event_choices":[{"cards_removed":["champ:Strike"],"damage_healed":0,"gold_gain":0,"player_choice":"Card Removal","damage_taken":0,"max_hp_gain":0,"max_hp_loss":0,"event_name":"The Cleric","floor":5,"gold_loss":0},{"damage_healed":0,"gold_gain":0,"player_choice":"Fought Mushrooms","damage_taken":0,"max_hp_gain":0,"max_hp_loss":0,"event_name":"Mushrooms","floor":10,"gold_loss":0}],"is_beta":false,"boss_relics":[],"items_purged_floors":[],"is_endless":false,"potions_floor_spawned":[3,8,10,14],"killed_by":"IC_STATUS_ARCHETYPE","ascension_level":0}}