{"host":"l5xpox9cbdko122s","time":1611098981,"event":{"mods":["AchievementEnabler","BaseMod","Minty Spire (QoL Compilation)"],"gold_per_floor":[111,111,111,111,36,36,75,75,102,125,125,161,161,180,180,180,180],"floor_reached":16,"language":"ENG","playtime":415,"items_purged":["Injury"],"score":131,"play_id":"1c9ef6ab-2902-47e1-9641-4483bee238b0","local_time":"20210119182941","is_ascension_mode":false,"campfire_choices":[{"floor":6,"key":"RECALL"},{"data":"Flex","floor":8,"key":"SMITH"},{"floor":13,"key":"REST"},{"data":"Bash","floor":15,"key":"SMITH"}],"circlet_count":0,"master_deck":["Strike_R","Strike_R","Strike_R","Strike_R","Strike_R","Defend_R","Defend_R","Defend_R","Defend_R","Bash+1","Flex+1"],"relics":["Burning Blood","NeowsBlessing","Golden Idol","Singing Bowl","Du-Vu Doll"],"acts_visited":["Exordium"],"potions_floor_usage":[14,16],"damage_taken":[{"damage":0,"enemies":"Cultist","floor":1,"turns":1},{"damage":0,"enemies":"Lagavulin","floor":7,"turns":1},{"damage":0,"enemies":"2 Louse","floor":10,"turns":2},{"damage":36,"enemies":"Gremlin Nob","floor":12,"turns":5},{"damage":6,"enemies":"Jaw Worm","floor":14,"turns":2},{"damage":89,"enemies":"Hexaghost","floor":16,"turns":9}],"seed_played":"-2449238772844601182","potions_obtained":[{"floor":12,"key":"FearPotion"},{"floor":14,"key":"DistilledChaos"}],"is_trial":false,"path_per_floor":["M","?","$","?","$","R","E","R","T","M","$","E","R","M","R","B"],"character_chosen":"IRONCLAD","items_purchased":[],"campfire_rested":1,"item_purchase_floors":[],"current_hp_per_floor":[80,85,85,85,85,85,85,85,85,87,87,59,85,87,87,0,0],"gold":180,"neow_bonus":"THREE_ENEMY_KILL","is_daily":false,"chose_seed":false,"campfire_upgraded":2,"win_rate":0.0,"timestamp":1611098981,"path_taken":["M","?","$","?","?","R","E","R","T","M","$","E","R","?","R","BOSS"],"items_purchased_type":[],"build_version":"2020-12-22","purchased_purges":1,"victory":false,"max_hp_per_floor":[80,85,85,85,85,85,85,85,85,87,87,89,89,91,91,91,91],"card_choices":[{"not_picked":["Body Slam","Battle Trance","Dark Embrace"],"picked":"SKIP","floor":1},{"not_picked":["Corruption","Power Through"],"picked":"Flex","floor":7},{"not_picked":["Burning Pact","Anger","Clash"],"picked":"Singing Bowl","floor":10},{"not_picked":["Evolve","Fiend Fire","Uppercut"],"picked":"Singing Bowl","floor":12},{"not_picked":["Seeing Red","Headbutt","Pommel Strike"],"picked":"Singing Bowl","floor":14}],"player_experience":142753,"relics_obtained":[{"floor":7,"key":"Singing Bowl"},{"floor":12,"key":"Du-Vu Doll"}],"event_choices":[{"damage_healed":0,"gold_gain":0,"player_choice":"Donut","damage_taken":0,"max_hp_gain":5,"max_hp_loss":0,"event_name":"Big Fish","floor":2,"gold_loss":0},{"damage_healed":0,"gold_gain":0,"player_choice":"Take Wound","damage_taken":0,"relics_obtained":["Golden Idol"],"max_hp_gain":0,"max_hp_loss":0,"event_name":"Golden Idol","floor":4,"gold_loss":0,"cards_obtained":["Injury"]}],"is_beta":false,"boss_relics":[],"items_purged_floors":[5],"is_endless":false,"potions_floor_spawned":[12,14],"killed_by":"Hexaghost","ascension_level":0}}