{"host":"i391n33tccqevi90","time":1611021398,"event":{"mods":["2.2 Compatiblity","BaseMod","Beaked The Cultist","Better Third Choice","Conspire","Emptier Cage","Minty Spire (QoL Compilation)","Robot Space Explorer","Spicy Shops","StSLib"],"gold_per_floor":[117,117,137,43,72,72,84,102,102,118,33,33,33,46,46,147,147,158,173,173,19,37,37,37,52,52,52,75,75,94,94,94,204,204,230,258,258,40,113,113,113,113,136,164,164,183,210,230,230,230,230],"floor_reached":50,"language":"ENG","playtime":4220,"items_purged":["Writhe"],"score":486,"play_id":"7bdd49c4-c691-442e-90ba-1ce59b58b679","local_time":"20210118195638","is_ascension_mode":false,"campfire_choices":[{"data":"beaked:Hexing","floor":6.0,"key":"SMITH"},{"data":"beaked:SurvivalInstinct","floor":12.0,"key":"SMITH"},{"floor":15.0,"key":"REST"},{"floor":24,"key":"REST"},{"data":"beaked:CrazyRituals","floor":27,"key":"SMITH"},{"floor":29,"key":"REST"},{"floor":32,"key":"REST"},{"data":"beaked:StickSmack","floor":40,"key":"SMITH"},{"data":"beaked:Foresight","floor":42,"key":"SMITH"},{"floor":45,"key":"REST"},{"data":"beaked:Ceremony","floor":49,"key":"SMITH"}],"circlet_count":0,"master_deck":["beaked:Strike_Y","beaked:Strike_Y","beaked:Strike_Y","beaked:Strike_Y","beaked:Strike_Y","beaked:Strike_Y","beaked:Defend_Y","beaked:Defend_Y","beaked:Defend_Y","beaked:Defend_Y","beaked:Ceremony+1","beaked:Ceremony","beaked:Ceremony","The Bomb","beaked:DigDeep","Infernal Blade","beaked:Foresight+1","beaked:Evade","beaked:Hexing+1","beaked:StunningBlow","beaked:SurvivalInstinct+1","beaked:BraceForImpact","Dark Shackles","beaked:ScreechingChant","beaked:StickSmack+1","beaked:Brace","beaked:WarriorEssence","beaked:CrazyRituals+1","beaked:Foresight","beaked:CursingBlood+1","beaked:ScreechingChant","beaked:VigorBurst+1","beaked:DigDeep+1","beaked:Foresight+1","beaked:MachineSpirit+1","beaked:DigDeep+1"],"relics":["beaked:MendingPlumage","Matryoshka","Blood Vial","Bronze Scales","Girya","beaked:SacredDeck","Tiny Chest","TheAbacus","FaceOfCleric","CultistMask","CeramicFish","MealTicket","Runic Pyramid","Toolbox","beaked:ShinyBauble","beaked:ThroatLozenge"],"acts_visited":["Exordium","TheCity","TheBeyond"],"potions_floor_usage":[25,30,33,33,36,44,50],"damage_taken":[{"damage":5.0,"enemies":"Small Slimes","floor":1.0,"turns":6.0},{"damage":0.0,"enemies":"2 Louse","floor":3.0,"turns":3.0},{"damage":24.0,"enemies":"conspire:MimicChest","floor":5.0,"turns":5.0},{"damage":12.0,"enemies":"Cultist","floor":7.0,"turns":5.0},{"damage":23.0,"enemies":"Red Slaver","floor":8.0,"turns":4.0},{"damage":28.0,"enemies":"Lots of Slimes","floor":10.0,"turns":4.0},{"damage":4.0,"enemies":"Blue Slaver","floor":14.0,"turns":4.0},{"damage":36.0,"enemies":"Slime Boss","floor":16.0,"turns":7.0},{"damage":25.0,"enemies":"Spheric Guardian","floor":18.0,"turns":4.0},{"damage":35.0,"enemies":"3 Byrds","floor":19.0,"turns":4.0},{"damage":60,"enemies":"Cultist and Chosen","floor":22,"turns":6},{"damage":15,"enemies":"Centurion and Healer","floor":25,"turns":3},{"damage":45,"enemies":"Snecko","floor":28,"turns":6},{"damage":56,"enemies":"Sentry and Sphere","floor":30,"turns":8},{"damage":59,"enemies":"Champ","floor":33,"turns":10},{"damage":30,"enemies":"3 Shapes","floor":35,"turns":7},{"damage":35,"enemies":"Orb Walker","floor":36,"turns":6},{"damage":55,"enemies":"Transient","floor":44,"turns":5},{"damage":34,"enemies":"3 Darklings","floor":46,"turns":3},{"damage":24,"enemies":"Jaw Worm Horde","floor":47,"turns":5},{"damage":35,"enemies":"4 Shapes","floor":48,"turns":8},{"damage":97,"enemies":"Donu and Deca","floor":50,"turns":5}],"seed_played":"6753552352462909517","potions_obtained":[{"floor":5.0,"key":"DuplicationPotion"},{"floor":8.0,"key":"FearPotion"},{"floor":10.0,"key":"FairyPotion"},{"floor":16.0,"key":"beaked:MendingBrew"},{"floor":22,"key":"PowerPotion"},{"floor":28,"key":"DistilledChaos"},{"floor":30,"key":"SpeedPotion"},{"floor":35,"key":"conspire:TimeTravelPotion"},{"floor":46,"key":"BlessingOfTheForge"}],"is_trial":false,"path_per_floor":["M","?","M","$","?","R","M","M","T","M","$","R","$","M","R","B",null,"M","M","?","$","M","?","R","M","T","R","M","R","M","$","R","B",null,"M","M","?","$","T","R","?","R","T","M","R","M","M","M","R","B"],"character_chosen":"BEAKED_THE_CULTIST","items_purchased":["beaked:Evade","beaked:Hexing","Dark Shackles","TheAbacus","Toolbox"],"campfire_rested":5,"item_purchase_floors":[4,4,11,21,38],"current_hp_per_floor":[44,32,41,41,31,31,34,31,31,18,18,18,18,28,43,27,50,34,30,30,30,15,15,30,27,27,27,21,36,9,24,39,48,54,47,39,39,54,54,54,54,54,54,39,57,34,38,65,65,0,0],"gold":230,"neow_bonus":"RANDOM_COLORLESS_2","is_daily":false,"chose_seed":false,"campfire_upgraded":6,"win_rate":0.0,"timestamp":1611021398,"path_taken":["M","?","M","$","?","R","M","M","T","?","$","R","?","M","R","BOSS","M","?","?","$","M","?","R","M","T","R","M","R","?","$","R","BOSS","M","M","?","$","?","R","?","R","T","M","R","?","M","?","R","BOSS"],"items_purchased_type":["Card","Card","Card","Relic","Relic"],"build_version":"2020-12-22","purchased_purges":1,"victory":false,"max_hp_per_floor":[50,50,50,50,50,50,50,50,50,50,50,50,50,50,50,50,50,50,50,50,50,50,50,50,51,51,51,52,52,53,53,53,54,54,60,61,61,61,61,61,61,61,61,62,62,63,64,65,65,65,65],"card_choices":[{"not_picked":["Metamorphosis","Master of Strategy"],"picked":"The Bomb","floor":0.0},{"not_picked":["beaked:Flinch","beaked:Cower"],"picked":"beaked:DigDeep","floor":1.0},{"not_picked":["beaked:Windmill","beaked:Pecker"],"picked":"beaked:Foresight","floor":3.0},{"not_picked":["beaked:Devastation","beaked:Daydream"],"picked":"beaked:StunningBlow","floor":5.0},{"not_picked":["beaked:Overpower","beaked:Tweet"],"picked":"beaked:SurvivalInstinct","floor":7.0},{"not_picked":["beaked:Windmill","beaked:TuckingFeathers"],"picked":"beaked:BraceForImpact","floor":8.0},{"not_picked":["beaked:MimicHuntress","beaked:Molting","beaked:MimicMachine"],"picked":"SKIP","floor":10.0},{"not_picked":["beaked:BloodForTheGods","beaked:Tweet","beaked:Cower"],"picked":"SKIP","floor":14.0},{"not_picked":["beaked:VolatileMisfortune","beaked:MachineEssence"],"picked":"beaked:ScreechingChant","floor":16.0},{"not_picked":["beaked:Tradeoff+1","beaked:Windmill"],"picked":"beaked:Brace","floor":18.0},{"not_picked":["beaked:Resilience","beaked:Replenish","beaked:Brace"],"picked":"SKIP","floor":19.0},{"not_picked":["beaked:Cower","beaked:Daydream"],"picked":"beaked:WarriorEssence","floor":22},{"not_picked":["beaked:SacrificialDive","beaked:WarriorSpirit"],"picked":"beaked:CrazyRituals","floor":25},{"not_picked":["beaked:Tradeoff","beaked:Flinch"],"picked":"beaked:Foresight","floor":28},{"not_picked":["beaked:WildInstinct","beaked:Windmill"],"picked":"beaked:CursingBlood+1","floor":30},{"not_picked":["beaked:Sacrifice","beaked:CheekyTricks"],"picked":"beaked:ScreechingChant","floor":33},{"not_picked":["beaked:Roost+1","beaked:BraceForImpact"],"picked":"beaked:VigorBurst+1","floor":35},{"not_picked":["beaked:Resilience+1","beaked:BraceForImpact"],"picked":"beaked:DigDeep+1","floor":36},{"not_picked":["beaked:Flinch","beaked:StunningBlow+1"],"picked":"beaked:Foresight+1","floor":44},{"not_picked":["beaked:SurvivalInstinct+1","beaked:Resilience+1"],"picked":"beaked:MachineSpirit+1","floor":46},{"not_picked":["beaked:MimicMachine","beaked:Poke"],"picked":"beaked:DigDeep+1","floor":47},{"not_picked":["beaked:Windmill+1","beaked:Pecker","beaked:MimicHuntress+1"],"picked":"SKIP","floor":48}],"player_experience":609753,"relics_obtained":[{"floor":5.0,"key":"Blood Vial"},{"floor":9.0,"key":"Bronze Scales"},{"floor":9.0,"key":"Girya"},{"floor":26,"key":"CeramicFish"},{"floor":26,"key":"MealTicket"},{"floor":39,"key":"beaked:ShinyBauble"},{"floor":43,"key":"beaked:ThroatLozenge"}],"event_choices":[{"damage_healed":0.0,"max_hp_gain":0.0,"max_hp_loss":0.0,"gold_gain":0.0,"event_name":"The Mausoleum","player_choice":"Opened","floor":20.0,"gold_loss":0.0,"damage_taken":0.0,"relics_obtained":["Tiny Chest"],"cards_obtained":["Writhe"]},{"damage_healed":0,"gold_gain":0,"player_choice":"Trade","damage_taken":0,"relics_obtained":["FaceOfCleric"],"max_hp_gain":0,"max_hp_loss":0,"event_name":"FaceTrader","floor":23,"gold_loss":0},{"damage_healed":0,"gold_gain":0,"player_choice":"Memory 1","damage_taken":0,"max_hp_gain":0,"max_hp_loss":0,"event_name":"SensoryStone","floor":37,"gold_loss":0},{"damage_healed":0,"gold_gain":0,"player_choice":"Ignored","damage_taken":0,"max_hp_gain":0,"max_hp_loss":0,"event_name":"NoteForYourself","floor":41,"gold_loss":0}],"is_beta":false,"boss_relics":[{"not_picked":["Snecko Eye","Cursed Key"],"picked":"beaked:SacredDeck"},{"not_picked":["SlaversCollar","conspire:RoyalGoblet"],"picked":"Runic Pyramid"}],"items_purged_floors":[38],"is_endless":false,"potions_floor_spawned":[5,8,10,16,22,28,30,35,46],"killed_by":"Donu and Deca","ascension_level":0}}