{"host":"yncvxcxtq9dkce9q","time":1611093910,"event":{"mods":["100% Spire Juice","ATMod(°¢èªMod)","AchievementEnabler","Act Like it!","Arknights The Spire","Ascension Reborn","Aspiration","Bard","BaseMod","BetterRewards","ChefMod","Colored Powertips","Conspire","Custom Start","Defuse TimeMaze Blight","Dota2Spire","Energized Spire","Friendly Minions","Gensokyo","GifTheSpireLib","Gremlin Mod","GungeonMod","Halation","Hermit","Hubris","Infinite Spire","Jedi Mod","Lobotomy","LobotomyExtend","Marisa£¨ìFÓê¡¡Ä§ÀíÉ³£©","Marked Mod","Minty Spire (QoL Compilation)","MostiFishMod","Pale of the Ancients","Potionbrewer","Rare Cards Sparkle","Reimu£¨²©ÀöÁéÃÎ£©","Relic Sorter","Replay The Spire","RumiaBox-Â¶Ã×æ«µÄÉñÃØºÐ×Ó","Shop Mod","Spicy Shops","StSLib","Stuff the Spire","TestMod","The Blue Laboratory","The Construct","The Gatherer","The Hayseed","The Jungle","The Marked","The Runesmith","The Servant 0.9.4","Waifu the Spire","Wandering Minibosses","Yakumo Yukari mod","Youmu£¨»êÆÇÑýÃÎ£©","[GremlinLeader]The Maniac","noobMod","vexMod","¡¾¹¦ÄÜMod¡¿»ìãçÖ®»·ÐÞ¸´²¹¶¡","¡¾ÒÅÎï¿¨ÅÆ¡¿REMEMod"],"gold_per_floor":[117,153,153,165,185,215,215,254,281,302,62,81,95,112,112,219,219,243,243,60,81,96,96,128,148,148,82,82,6,33,54,54,161,41,59,59,59,77,77,123,123,26,26,26,60,60,101,122,122,133,133,133,133,8,47,60],"floor_reached":57,"language":"ZHS","playtime":4349,"items_purged":["Moonworks:Strike","Moonworks:Defend","Moonworks:Strike","Moonworks:Defend"],"score":1769,"play_id":"9fcaa852-36d9-4e92-8718-60c31747cf95","local_time":"20210120060510","is_ascension_mode":true,"campfire_choices":[{"data":"Moonworks:MetallicMonocoque","floor":7.0,"key":"SMITH"},{"data":"Moonworks:MeltingMemories","floor":15.0,"key":"SMITH"},{"data":"MostiFishMod:SephirahHod","floor":28.0,"key":"SMITH"},{"data":"AT_DarkMatter","floor":32,"key":"SMITH"},{"floor":46,"key":"RECALL"},{"data":"ReplayTheSpireMod:Black Plague","floor":49,"key":"SMITH"},{"data":"Moonworks:ForcedRevival","floor":53,"key":"SMITH"}],"circlet_count":0,"master_deck":["Moonworks:Defend","Moonworks:Defend","Moonworks:Ambush","Moonworks:LongDistanceShot","AT_DarkMatter+1","MostiFishMod:StarOceanB","Moonworks:NicePresent","Moonworks:EvilSpyWorkPreparation","Moonworks:WindyEnchantment","Moonworks:MetallicMonocoque+1","Moonworks:CompletionReward","Moonworks:MeltingMemories+1","Moonworks:NicePresent","Moonworks:Encore","Moonworks:Flamethrower","Moonworks:ForcedRevival+1","Moonworks:EvilSpyWorkPreparation","Moonworks:FinalBattle","Moonworks:NicePresent","Moonworks:WeAreWaruda","Moonworks:Flamethrower+1","infinitespire:Execution","Moonworks:NicePresent+1","ReplayTheSpireMod:Black Plague+1","Moonworks:Dash+1","Moonworks:EvilSpyWorkPreparation+1"],"relics":["Moonworks:BrokenBomb","Moonworks:Homemark","Dota2Spire:MagicBottle","MostiFishMod:Hod","DaveBox","REME_ComplimentaryCards","testmod-TestBox","AT_ATBox","ice","testmod-DeterminationOfClimber","ShadowXiaoBlade","Boot","SynthV:TestCard","LetterFromLob","potionbrewer:ToyAutogyro","DemoMod:GlassGuonStoneRelic","Ice Cream","testmod-Fanaticism","MerchantsRug","AT_RedTearstoneRing","jedi:kaleidoscope","GreenFoldingFan","Toolbox","JellyFishMachine","Dota2Spire:PhaseBoots","hubris:Towel","jedi:gremlinknob","White Beast Statue","Replay:PocketPolymizer","jedi:matchstick"],"acts_visited":["Exordium","Gensokyo:Gensokyo","Gensokyo:Gensokyoer","TheEnding"],"potions_floor_usage":[],"damage_taken":[{"damage":2.0,"enemies":"Gensokyo:2_Kodama","floor":1.0,"turns":2.0},{"damage":0.0,"enemies":"conspire:MimicChest","floor":2.0,"turns":2.0},{"damage":0.0,"enemies":"Gensokyo:3_Fairies","floor":4.0,"turns":2.0},{"damage":0.0,"enemies":"Gensokyo:Gryphon","floor":5.0,"turns":1.0},{"damage":0.0,"enemies":"Gensokyo:Mamizou","floor":6.0,"turns":3.0},{"damage":0.0,"enemies":"Gensokyo:Aya","floor":8.0,"turns":2.0},{"damage":0.0,"enemies":"Gensokyo:Kitsune","floor":10.0,"turns":1.0},{"damage":0.0,"enemies":"Gensokyo:3_Kodama","floor":12.0,"turns":1.0},{"damage":0.0,"enemies":"Gensokyo:VengefulSpirit","floor":13.0,"turns":1.0},{"damage":0.0,"enemies":"Gensokyo:LivingMonolith","floor":14.0,"turns":1.0},{"damage":0.0,"enemies":"Gensokyo:Kokoro","floor":16.0,"turns":3.0},{"damage":2.0,"enemies":"Gensokyo:AngelMirror","floor":18.0,"turns":1.0},{"damage":0.0,"enemies":"Gensokyo:3_Dogs","floor":21.0,"turns":1.0},{"damage":0.0,"enemies":"Gensokyo:Wraith","floor":22.0,"turns":1.0},{"damage":0.0,"enemies":"Gensokyo:Tenshi","floor":24.0,"turns":1.0},{"damage":0.0,"enemies":"Gensokyo:Swordslinger","floor":25.0,"turns":1.0},{"damage":0,"enemies":"Nightmare","floor":29,"turns":1},{"damage":0,"enemies":"Gensokyo:Slime_Group","floor":30,"turns":1},{"damage":0,"enemies":"Gensokyo:Chomper_and_Gloop","floor":31,"turns":1},{"damage":0,"enemies":"Gensokyo:Eternal_Rivals","floor":33,"turns":1},{"damage":2,"enemies":"Gensokyo:AncientGuardian","floor":35,"turns":1},{"damage":2,"enemies":"Gensokyo:3_Boulders","floor":38,"turns":1},{"damage":2,"enemies":"Nightmare","floor":40,"turns":1},{"damage":2,"enemies":"Gensokyo:Sharpion","floor":42,"turns":1},{"damage":2,"enemies":"Gensokyo:Kasen","floor":45,"turns":1},{"damage":2,"enemies":"Gensokyo:Doremy","floor":47,"turns":1},{"damage":2,"enemies":"Gensokyo:Dusk_and_Dawn","floor":48,"turns":1},{"damage":2,"enemies":"Gensokyo:Scarlet_Devils","floor":50,"turns":1},{"damage":2,"enemies":"Shield and Spear","floor":55,"turns":1},{"damage":9,"enemies":"The Heart","floor":56,"turns":1}],"seed_played":"1801977272446851869","potions_obtained":[{"floor":4.0,"key":"BlessingOfTheForge"},{"floor":5.0,"key":"blueLaboratory:Moonshine"},{"floor":8.0,"key":"Regen Potion"},{"floor":16.0,"key":"blueLaboratory:CorrosionFlask"},{"floor":21.0,"key":"PowerPotion"},{"floor":22.0,"key":"blueLaboratory:BubblePotion"},{"floor":30,"key":"potionbrewer:BarricadePotion"},{"floor":35,"key":"LifebloodPotion"},{"floor":47,"key":"potionbrewer:SplittingPotion"}],"is_trial":false,"path_per_floor":["M","?","?","M","M","E","R","E","T","M","?","M","M","M","R","B",null,"M","?","$","M","M","?","E","M","T","$","R","NM","M","M","R","B",null,"M","?","?","M","AVR","NM","?","M","T","?","E","R","E","M","R","B",null,null,"R","$","E","B",null],"character_chosen":"THE_STARBREAKER","items_purchased":["MerchantsRug"],"campfire_rested":0,"item_purchase_floors":[20],"current_hp_per_floor":[59,60,60,60,60,60,60,60,60,60,60,60,60,60,60,60,60,60,60,60,60,60,60,60,60,60,60,60,60,60,60,60,60,60,60,60,60,60,60,60,60,60,60,60,60,60,60,60,60,60,60,60,60,60,60,60],"gold":60,"neow_bonus":"RANDOM_COMMON_RELIC","is_daily":false,"chose_seed":false,"campfire_upgraded":6,"win_rate":0.0,"timestamp":1611093910,"path_taken":["M","?","?","M","M","E","R","E","T","?","?","M","M","?","R","BOSS","M","?","?","M","M","?","E","M","T","?","R","NM","M","M","R","BOSS","M","?","?","M","AVR","NM","?","?","T","?","E","R","E","M","R","BOSS","R","$","E","BOSS"],"items_purchased_type":["Relic"],"build_version":"2020-12-22","purchased_purges":4,"victory":true,"max_hp_per_floor":[60,60,60,60,60,60,60,60,60,60,60,60,60,60,60,60,60,60,60,60,60,60,60,60,60,60,60,60,60,60,60,60,60,60,60,60,60,60,60,60,60,60,60,60,60,60,60,60,60,60,60,60,60,60,60,60],"card_choices":[{"not_picked":["Moonworks:SakisCookie","Moonworks:ImmovableObject"],"picked":"Moonworks:NicePresent","floor":1.0},{"not_picked":["Moonworks:ImOnFire","Moonworks:IndiscriminateFireSupport","Moonworks:BigMagnum","Moonworks:SakisCookie"],"picked":"Moonworks:EvilSpyWorkPreparation","floor":2.0},{"not_picked":["Moonworks:Heat300Percent","Moonworks:DeployBits","Moonworks:FinalSurgery","Moonworks:ImOnFire"],"picked":"Moonworks:WindyEnchantment","floor":4.0},{"not_picked":["Moonworks:CloudOfSeagulls","Moonworks:EvilSpyWorkPreparation","Moonworks:CompletionReward","Moonworks:SakisCookie"],"picked":"Moonworks:MetallicMonocoque","floor":5.0},{"not_picked":["Moonworks:UnpaidWork","Moonworks:SelfDestruct","Moonworks:FullSpeedAlicianrone","Moonworks:LulusLuckyEgg"],"picked":"Moonworks:CompletionReward","floor":6.0},{"not_picked":["Moonworks:Poppoformation","Moonworks:LulusLuckyEgg","Moonworks:CloudOfSeagulls","Moonworks:SakisCookie","Moonworks:MiracleRedBeanIceCream"],"picked":"SKIP","floor":8.0},{"not_picked":["Moonworks:CloudOfSeagulls","Moonworks:Dinner","Moonworks:x16BigRocket","Moonworks:LulusLuckyEgg"],"picked":"Moonworks:MeltingMemories","floor":10.0},{"not_picked":["Moonworks:SealedMemories","Moonworks:Assault","Moonworks:MiracleWalker","Moonworks:CloudOfSeagulls"],"picked":"Moonworks:NicePresent","floor":12.0},{"not_picked":["Moonworks:RedAndBlue","Moonworks:Poppoformation","Moonworks:BeyondHell","Moonworks:SakisCookie","Moonworks:BigBangBell"],"picked":"SKIP","floor":13.0},{"not_picked":["Moonworks:Assault","Moonworks:JonathanRush","Moonworks:Dinner","Moonworks:Gamble","Moonworks:DeployBits"],"picked":"SKIP","floor":14.0},{"not_picked":["Moonworks:SubspaceTunnel","Moonworks:MeltingMemories","Moonworks:EvilMastermind","Moonworks:RocketCannon"],"picked":"Moonworks:Encore","floor":16.0},{"not_picked":["Moonworks:JonathanRush","Moonworks:Poppoformation+1","Moonworks:CloudOfSeagulls","Moonworks:UnpaidWork"],"picked":"Moonworks:Flamethrower","floor":18.0},{"not_picked":["Moonworks:ImOnFire+1","Moonworks:Assault","Moonworks:CastOff+1","Moonworks:JonathanRush","Moonworks:DeployBits"],"picked":"SKIP","floor":21.0},{"not_picked":["Moonworks:ImOnFire+1","Moonworks:Assault","Moonworks:CastOff+1","Moonworks:JonathanRush","Moonworks:DeployBits"],"picked":"SKIP","floor":21.0},{"not_picked":["Moonworks:LulusLuckyEgg","Moonworks:IndiscriminateFireSupport","Moonworks:SakisCookie","Moonworks:EvilSpyWorkPreparation"],"picked":"Moonworks:ForcedRevival","floor":22.0},{"not_picked":["Moonworks:UnluckyCharm+1","Moonworks:AwakeningOfTalent","Moonworks:ReproductionOfRecords","Moonworks:BeyondHell","Moonworks:Assault+1"],"picked":"SKIP","floor":24.0},{"not_picked":["Moonworks:ExtendedPhotonRifle+1","Moonworks:BigBangBell","Moonworks:JonathanRush","Moonworks:SakisCookie+1"],"picked":"Moonworks:EvilSpyWorkPreparation","floor":25.0},{"not_picked":["Moonworks:RedAndBlue","Moonworks:NicePresent","Moonworks:CookingTime+1","Moonworks:EvilSpyWorkPreparation","Moonworks:ImOnFire"],"picked":"SKIP","floor":29},{"not_picked":["Moonworks:LulusLuckyEgg","Moonworks:Poppoformation","Moonworks:FinalSurgery+1","Moonworks:JonathanRush"],"picked":"Moonworks:FinalBattle","floor":30},{"not_picked":["Moonworks:Assault","Moonworks:FinalSurgery+1","Moonworks:ExtendedPhotonRifle+1","Moonworks:CastOff"],"picked":"Moonworks:NicePresent","floor":31},{"not_picked":["Moonworks:EvilMastermind","Moonworks:HolyNight","Moonworks:Blazing","Moonworks:SubspaceTunnel"],"picked":"Moonworks:WeAreWaruda","floor":33},{"not_picked":["Moonworks:CloudOfSeagulls+1","Moonworks:DeployBits","Moonworks:IntelligenceOfficer+1","Moonworks:Assault"],"picked":"Moonworks:Flamethrower+1","floor":35},{"not_picked":["Moonworks:ImOnFire","Moonworks:Assault+1","Moonworks:FinalSurgery+1","Moonworks:StiffCrystal","Moonworks:CloudOfSeagulls+1"],"picked":"SKIP","floor":38},{"not_picked":["Moonworks:Blazing","Moonworks:JonathanRush+1","Moonworks:ReproductionOfRecords+1","Moonworks:BindingChains"],"picked":"Moonworks:NicePresent+1","floor":40},{"not_picked":["infinitespire:DeathsTouch","infinitespire:Collect"],"picked":"ReplayTheSpireMod:Black Plague","floor":40},{"not_picked":["Moonworks:SakisCookie","Moonworks:CloudOfSeagulls+1","Moonworks:BigMagnum+1","Moonworks:BackdoorTrade+1"],"picked":"Moonworks:Dash+1","floor":42},{"not_picked":["Moonworks:TacticalRetreat","Moonworks:FullSpeedAlicianrone+1","Moonworks:IndiscriminateFireSupport","Moonworks:Bloodlust+1","Moonworks:Blazing"],"picked":"SKIP","floor":45},{"not_picked":["Moonworks:Assault","Moonworks:CookingTime","Moonworks:FinalSurgery+1","Moonworks:DeployBits","Moonworks:ImOnFire"],"picked":"SKIP","floor":47},{"not_picked":["Moonworks:Flamethrower+1","Moonworks:CookingTime+1","Moonworks:CloudOfSeagulls","Moonworks:IndiscriminateFireSupport"],"picked":"Moonworks:EvilSpyWorkPreparation+1","floor":48},{"not_picked":["Moonworks:LulusLuckyEgg","Moonworks:DeployBits","Moonworks:ImOnFire+1","Moonworks:CloudOfSeagulls+1","Moonworks:SweetBattle"],"picked":"SKIP","floor":55}],"player_experience":432544,"relics_obtained":[{"floor":1.0,"key":"SynthV:TestCard"},{"floor":1.0,"key":"LetterFromLob"},{"floor":2.0,"key":"potionbrewer:ToyAutogyro"},{"floor":6.0,"key":"Dota2Spire:MagicBottle"},{"floor":8.0,"key":"Ice Cream"},{"floor":24.0,"key":"AT_RedTearstoneRing"},{"floor":26.0,"key":"jedi:kaleidoscope"},{"floor":40,"key":"Dota2Spire:PhaseBoots"},{"floor":43,"key":"jedi:gremlinknob"},{"floor":45,"key":"White Beast Statue"},{"floor":47,"key":"Replay:PocketPolymizer"},{"floor":55,"key":"jedi:matchstick"}],"event_choices":[{"damage_healed":0.0,"max_hp_gain":0.0,"max_hp_loss":0.0,"gold_gain":0.0,"event_name":"¸ø×Ô¼ºµÄºÐ×Ó","player_choice":"Swap Relic","floor":19.0,"relics_lost":["DaveBox"],"gold_loss":0.0,"damage_taken":0.0,"relics_obtained":["DaveBox"]},{"damage_healed":0,"gold_gain":0,"player_choice":"Leave","damage_taken":0,"max_hp_gain":0,"max_hp_loss":0,"event_name":"conspire:Investor","floor":36,"gold_loss":0}],"is_beta":false,"boss_relics":[{"not_picked":["vexMod:MysteryBossChallenge","HaiYi:Twilight"],"picked":"testmod-Fanaticism"},{"not_picked":["testmod-TimeTraveler","hubris:ScarierMask"],"picked":"GreenFoldingFan"}],"items_purged_floors":[20,27,39,54],"is_endless":false,"potions_floor_spawned":[4,5,8,16,18,21,22,30,35,38,40,47,48,55],"ascension_level":0}}