{"host":"iq8y45rd2spacc1d","time":1611080469,"event":{"mods":["Aspiration","BaseMod","DeckTracker","GifTheSpireLib","Halation","Hermit","Hubris","Infinite Spire","Minty Spire (QoL Compilation)","Replay The Spire","StSLib","The Bug Knight","The Cursed","The Disciple"],"gold_per_floor":[110,110,121,121,132,162,174,188,212,232,260,260,293,303,303,405,405,423,423,356,356,371,403,403,428,428,428,442,470,485,520,520,619,619,639,639,490,510,527,527,554,554,554,570,604,954,954,967,967,967],"floor_reached":51,"language":"ENG","playtime":16248,"items_purged":[],"score":1027,"play_id":"e5753a77-259a-4270-bbbf-f4dd07b3da10","local_time":"20210119192109","is_ascension_mode":true,"campfire_choices":[{"data":"PatternShift","floor":12,"key":"SMITH"},{"data":"SecondHand","floor":15,"key":"SMITH"},{"data":"MasterKey","floor":24,"key":"SMITH"},{"data":"ResonantCall","floor":27,"key":"SMITH"},{"data":"Echonomics","floor":32,"key":"SMITH"},{"data":"Venomology","floor":40,"key":"SMITH"},{"data":"Accruing","floor":49,"key":"SMITH"}],"circlet_count":0,"master_deck":["Lento+1","Strike_Br","Strike_Br","Strike_Br","Defend_Br","Defend_Br","SecondHand+1","PatternShift+1","ExoVibe","ExoVibe","WindUp","Backlash","HandsUpB","WindUp","LockedBlood","Goo","Echonomics+1","PrimeTime","SlimeSpray","MasterKey+1","LockedPlans","TickedOff","ResonantCall+1","LockedScales","ExoVibe","Engulf","HandsUpC","ReapSow+7","Parity","BeatsPerMinute+1","OldTimer","CrunchTime+1","Venomology+1","Bane","ReapSow","AlternateTimeline+1","Pot Of Greed","Pot Of Greed","Pot Of Greed","Pot Of Greed","BackFourSeconds","hubris:Rewind","DaylightSavings","Accruing+1","Echoward+1"],"relics":["Chronometer","aspiration:Nostalgia","Burning Blood","halation:BottledLove","ReplayFunnel","Simple Rune","Replay:Accelerometer","hubris:ScarierMask","Thread and Needle","aspiration:Stabinomicon","hubris:SphereOfDissonance","HeavySwitch","Boot","HollowMod:PaleOreRelic","aspiration:RunicSpoon","Replay:Rubber Ducky","Grinning Jar","Lee\u0027s Waffle","Snack Pack","Replay:Towering Pillar of Hats","Old Coin"],"acts_visited":["Exordium","TheCity","TheBeyond"],"potions_floor_usage":[11,13,23,29,38,38,41,41,41,48,48,48,50,50,50],"damage_taken":[{"damage":2,"enemies":"Cultist","floor":1,"turns":5},{"damage":0,"enemies":"2 Louse","floor":3,"turns":3},{"damage":7,"enemies":"infinitespire:Voidling","floor":5,"turns":5},{"damage":0,"enemies":"Lagavulin","floor":6,"turns":11},{"damage":2,"enemies":"Large Slime","floor":7,"turns":8},{"damage":7,"enemies":"Red Slaver","floor":8,"turns":4},{"damage":6,"enemies":"Exordium Thugs","floor":10,"turns":6},{"damage":0,"enemies":"Replay:BlueRogue","floor":11,"turns":5},{"damage":17,"enemies":"Gremlin Nob","floor":13,"turns":4},{"damage":3,"enemies":"Exordium Wildlife","floor":14,"turns":4},{"damage":5,"enemies":"Fading Forest","floor":16,"turns":12},{"damage":16,"enemies":"2 Thieves","floor":18,"turns":3},{"damage":0,"enemies":"Shelled Parasite and Fungi","floor":22,"turns":6},{"damage":14,"enemies":"Book of Stabbing","floor":23,"turns":6},{"damage":0,"enemies":"Replay:Snechameleon","floor":25,"turns":8},{"damage":0,"enemies":"3 Cultists","floor":28,"turns":5},{"damage":19,"enemies":"Gremlin Leader","floor":29,"turns":7},{"damage":5,"enemies":"Centurion and Healer","floor":30,"turns":4},{"damage":8,"enemies":"Replay:Snechameleon","floor":31,"turns":4},{"damage":19,"enemies":"hubris:MusketHawk","floor":33,"turns":9},{"damage":1,"enemies":"Orb Walker","floor":35,"turns":3},{"damage":12,"enemies":"3 Shapes","floor":38,"turns":3},{"damage":5,"enemies":"Jaw Worm Horde","floor":39,"turns":3},{"damage":1,"enemies":"Nemesis","floor":41,"turns":7},{"damage":0,"enemies":"Maw","floor":44,"turns":4},{"damage":0,"enemies":"R_Hoarder","floor":45,"turns":4},{"damage":0,"enemies":"Mind Bloom Boss Battle","floor":46,"turns":4},{"damage":0,"enemies":"3 Darklings","floor":48,"turns":3},{"damage":27,"enemies":"Awakened One","floor":50,"turns":5}],"seed_played":"7564980268139858874","potions_obtained":[{"floor":5,"key":"PowerPotion"},{"floor":7,"key":"Elixir"},{"floor":10,"key":"FearPotion"},{"floor":14,"key":"SpeedPotion"},{"floor":16,"key":"Milkshake"},{"floor":18,"key":"FearPotion"},{"floor":28,"key":"Dexterity Potion"},{"floor":30,"key":"SpeedPotion"},{"floor":31,"key":"Venom Potion"},{"floor":33,"key":"Strength Potion"},{"floor":39,"key":"GamblersBrew"},{"floor":44,"key":"WardPotion"}],"is_trial":false,"path_per_floor":["M","?","M","?","M","E","M","M","T","M","E","R","E","M","R","B",null,"M","?","$","T","M","E","R","E","T","R","M","E","M","E","R","B",null,"M","?","$","M","M","R","E","AVR","T","M","E","?","?","M","R","B",null],"character_chosen":"CHRONO_CLASS","items_purchased":["ResonantCall","Replay:Rubber Ducky"],"campfire_rested":0,"item_purchase_floors":[20,37],"current_hp_per_floor":[65,65,65,65,65,65,65,64,64,65,65,65,57,60,60,65,65,55,55,55,55,61,57,57,65,65,65,65,54,59,57,57,50,65,65,65,65,59,60,60,65,72,72,72,72,72,72,72,72,65],"gold":967,"neow_bonus":"NOSTALGIA","is_daily":false,"chose_seed":false,"campfire_upgraded":7,"win_rate":0.0,"timestamp":1611080469,"path_taken":["M","?","M","?","M","E","M","M","T","?","E","R","E","M","R","BOSS","M","?","$","?","?","E","R","E","T","R","M","E","M","E","R","BOSS","M","?","$","?","M","R","E","AVR","T","M","E","?","?","?","R","BOSS"],"items_purchased_type":["Card","Relic"],"build_version":"2020-12-22","purchased_purges":0,"victory":true,"max_hp_per_floor":[65,65,65,65,65,65,65,65,65,65,65,65,65,65,65,65,65,65,65,65,65,65,65,65,65,65,65,65,65,65,65,65,65,65,65,65,65,65,65,65,65,72,72,72,72,72,72,72,72,72],"card_choices":[{"not_picked":["LockedBlood","LockedTornado"],"picked":"ExoVibe","floor":1},{"not_picked":["Parity","HandsUpB"],"picked":"ExoVibe","floor":3},{"not_picked":["LockedMedicine","Engulf"],"picked":"Backlash","floor":5},{"not_picked":["Cuckoo","BiteCommand"],"picked":"HandsUpB","floor":6},{"not_picked":["AlternateTimeline","LockedOrichalcum"],"picked":"WindUp","floor":7},{"not_picked":["WatchCommand","LockedScales"],"picked":"LockedBlood","floor":8},{"not_picked":["LockedUrn","LockedOrichalcum"],"picked":"Goo","floor":10},{"not_picked":["CrunchTime","LockedWarPaint"],"picked":"Echonomics","floor":11},{"not_picked":["LockedTurtyl","CrunchTime"],"picked":"PrimeTime","floor":13},{"not_picked":["LockedOrichalcum","Goo"],"picked":"SlimeSpray","floor":14},{"not_picked":["BackFourSeconds","LockedLightning"],"picked":"MasterKey","floor":16},{"not_picked":["Goo","BiteCommand"],"picked":"LockedPlans","floor":18},{"not_picked":["LockedMedicine+1","LockedMawBank+1"],"picked":"LockedScales","floor":22},{"not_picked":["BiteCommand","LockedMawBank"],"picked":"ExoVibe","floor":23},{"not_picked":["WakeUpCall","LockedBlood"],"picked":"Engulf","floor":25},{"not_picked":["LockedMedicine+1","HandsUpB"],"picked":"HandsUpC","floor":28},{"not_picked":["WatchCommand","Chronoelasticity"],"picked":"ReapSow+1","floor":29},{"not_picked":["LockedUrn","LockedAnchor"],"picked":"Parity","floor":30},{"not_picked":["ExoVibe","ReapSow"],"picked":"BeatsPerMinute+1","floor":31},{"not_picked":["Echonomics","Flay"],"picked":"OldTimer","floor":33},{"not_picked":["BiteCommand","WakeUpCall+1"],"picked":"CrunchTime+1","floor":35},{"not_picked":["BiteCommand+1","HandsUpC"],"picked":"ReapSow","floor":38},{"not_picked":["HandsUpB+1","FormalWear+1"],"picked":"AlternateTimeline+1","floor":39},{"not_picked":["LockedBlood","CrunchTime"],"picked":"BackFourSeconds","floor":41},{"not_picked":["BeatsPerMinute","Parity"],"picked":"DaylightSavings","floor":44},{"not_picked":["LockedBlood","LockedUrn","WakeUpCall+1"],"picked":"SKIP","floor":45},{"not_picked":["HandsUpB+1","BlueShift+1"],"picked":"Accruing","floor":46},{"not_picked":["PrimeTime+1","LockedScales+1"],"picked":"Echoward+1","floor":48}],"player_experience":311525,"relics_obtained":[{"floor":6,"key":"halation:BottledLove"},{"floor":9,"key":"ReplayFunnel"},{"floor":11,"key":"Simple Rune"},{"floor":13,"key":"Replay:Accelerometer"},{"floor":21,"key":"Thread and Needle"},{"floor":23,"key":"aspiration:Stabinomicon"},{"floor":25,"key":"hubris:SphereOfDissonance"},{"floor":26,"key":"HeavySwitch"},{"floor":29,"key":"Boot"},{"floor":31,"key":"HollowMod:PaleOreRelic"},{"floor":41,"key":"Grinning Jar"},{"floor":43,"key":"Snack Pack"},{"floor":45,"key":"Replay:Towering Pillar of Hats"},{"floor":46,"key":"Old Coin"}],"event_choices":[{"damage_healed":0,"gold_gain":0,"cards_transformed":["Defend_Br"],"player_choice":"Transformed","damage_taken":0,"max_hp_gain":0,"max_hp_loss":0,"event_name":"Transmorgrifier","floor":4,"gold_loss":0,"cards_obtained":["WindUp"]},{"damage_healed":0,"gold_gain":0,"player_choice":"2 cards matched","damage_taken":0,"max_hp_gain":0,"max_hp_loss":0,"event_name":"Match and Keep!","floor":19,"gold_loss":0,"cards_obtained":["TickedOff","Forethought"]},{"damage_healed":0,"gold_gain":0,"player_choice":"Fight","damage_taken":0,"max_hp_gain":0,"max_hp_loss":0,"event_name":"MindBloom","floor":46,"gold_loss":0},{"cards_removed":["hubris:SlightOfHand"],"damage_healed":0,"gold_gain":0,"player_choice":"Purged","damage_taken":0,"max_hp_gain":0,"max_hp_loss":0,"event_name":"Purifier","floor":47,"gold_loss":0}],"is_beta":false,"boss_relics":[{"not_picked":["halation:LoveArrow","hubris:CrackedHourglass"],"picked":"hubris:ScarierMask"},{"not_picked":["Painkiller Herb","hubris:TerracottaHorce"],"picked":"aspiration:RunicSpoon"}],"items_purged_floors":[],"is_endless":false,"potions_floor_spawned":[5,7,10,14,16,18,28,30,31,33,39,44,45,46],"ascension_level":1}}