{"host":"neshiy0twyn5josp","time":1611063343,"event":{"mods":["AchievementEnabler","Act Like it!","AlwaysNeverKeys","Aspiration","BaseMod","Better Note","Better Silent Start","Better Third Choice","Challenge The Spire","Colored Powertips","Conspire","Emptier Cage","Energized Spire","GifTheSpireLib","Hubris","Minty Spire (QoL Compilation)","Permanent Neow","Quick Restart","Rare Cards Sparkle","Replay The Spire","Reworked Bosses","Spicy Shops","StS++","StSLib","Stuff the Spire"],"gold_per_floor":[362,362,187,198,209,209,209,209],"floor_reached":7,"language":"ENG","playtime":826,"items_purged":["Strike_G","Strike_G"],"score":43,"play_id":"a5225a7f-0eb4-4337-9f82-2e5880b70ad9","local_time":"20210119053543","is_ascension_mode":true,"campfire_choices":[{"data":"Poisoned Stab","floor":6,"key":"SMITH"}],"circlet_count":0,"master_deck":["Strike_G","Strike_G","Defend_G","Defend_G","Defend_G","Defend_G","Survivor","Neutralize","Poisoned Stab+1","Leg Sweep"],"relics":["Ring of the Snake"],"acts_visited":["Exordium"],"potions_floor_usage":[2],"damage_taken":[{"damage":0,"enemies":"2 Louse","floor":1,"turns":3},{"damage":4,"enemies":"Cultist","floor":4,"turns":4},{"damage":0,"enemies":"Small Slimes","floor":5,"turns":4},{"damage":16,"enemies":"3 Sentries","floor":7,"turns":10}],"seed_played":"-4288213805248575933","potions_obtained":[{"floor":2,"key":"Fruit Juice"},{"floor":2,"key":"Languid Potion"},{"floor":2,"key":"Weak Potion"}],"is_trial":false,"path_per_floor":["M","?","$","M","M","R","E"],"character_chosen":"THE_SILENT","items_purchased":[],"campfire_rested":0,"item_purchase_floors":[],"current_hp_per_floor":[49,54,54,50,50,50,34,34],"gold":209,"neow_bonus":"TWO_FIFTY_GOLD","is_daily":false,"chose_seed":false,"campfire_upgraded":1,"win_rate":0.0,"timestamp":1611063343,"path_taken":["M","?","$","?","M","R","E"],"items_purchased_type":[],"build_version":"2020-12-22","purchased_purges":2,"victory":false,"max_hp_per_floor":[70,75,75,75,75,75,75,75],"card_choices":[{"not_picked":["Sucker Punch","StSpp:Lure"],"picked":"Poisoned Stab","floor":1},{"not_picked":["StuffTheSpire:ClusterCrunch","ReplayTheSpireMod:Tripwire"],"picked":"Leg Sweep","floor":4},{"not_picked":["StSpp:Dive","StuffTheSpire:BumpUp","Quick Slash"],"picked":"SKIP","floor":5}],"player_experience":299172,"relics_obtained":[],"event_choices":[{"damage_healed":0,"gold_gain":0,"player_choice":"Got Potions","damage_taken":0,"max_hp_gain":0,"max_hp_loss":0,"event_name":"Lab","floor":2,"gold_loss":0}],"is_beta":false,"boss_relics":[],"items_purged_floors":[3,3],"is_endless":false,"potions_floor_spawned":[],"killed_by":"3 Sentries","ascension_level":1}}