{"host":"5gc11emcm5chfr5t","time":1611063224,"event":{"mods":["2.2 Compatiblity","AchievementEnabler","BaseMod","Bestiary","Better Note","Colored Map","Colored Powertips","Downfall","Googly Eyes","Minty Spire (QoL Compilation)","Rare Cards Sparkle","StSLib"],"gold_per_floor":[99,99,99,99,99,132,132,158,58,72,106,16,36,71,81,158,158,58,77,77,96,111,143,143,143,143,143,128,128,128,152,163,242,242,142,158,169,184,229,253,253,284,302,302,10,22,40,53,64,64,64,64,64],"floor_reached":52,"language":"ENG","playtime":2845,"items_purged":["Regret"],"score":1710,"play_id":"0fc6bbde-fdee-4cfb-9e63-44b7f78eadbd","local_time":"20210119083344","is_ascension_mode":true,"campfire_choices":[{"floor":1,"key":"RECALL"},{"data":"sneckomod:Unknown3Cost","floor":9,"key":"SMITH"},{"data":"sneckomod:UnknownRareSkill","floor":18,"key":"SMITH"},{"floor":26,"key":"REST"},{"data":"sneckomod:DangerNoodle","floor":35,"key":"SMITH"}],"circlet_count":0,"master_deck":["AscendersBane","sneckomod:TailWhip+1","sneckomod:SnekBite+1","sneckomod:Unknown","sneckomod:Unknown+1","downfall:Malfunctioning","sneckomod:UnknownClassGREEN","sneckomod:WideSting+1","sneckomod:ImprovisedAttack","sneckomod:ImprovisedGuard+1","sneckomod:DiceBlock","sneckomod:IronFang","sneckomod:UnknownRareSkill+1","sneckomod:SoulCleanse","sneckomod:SerpentIdol+1","sneckomod:UnknownRareSkill","sneckomod:UnknownRareSkill","sneckomod:UnknownX","sneckomod:UnknownX","sneckomod:UnknownUncommonSkill","sneckomod:TrashToTreasure+1","DevaForm+1","sneckomod:DangerNoodle+1","Metallicize","sneckomod:SoulRoll+1","sneckomod:QuickMove+1","sneckomod:UnknownUncommonAttack","sneckomod:SnekBeam+1","sneckomod:QuickBite+1","expansioncontent:PrepareCrush","expansioncontent:Hexaburn","expansioncontent:YouAreMine","sneckomod:SoulRoll","sneckomod:ImprovisedGuard"],"relics":["sneckomod:SuperSneckoSoul","downfall:HeartsMalice","Singing Bowl","Ice Cream","Happy Flower","Torii","Whetstone","downfall:HeartBlessingRed","Toy Ornithopter","Tiny Chest","Snecko Eye","downfall:HeartBlessingGreen","Blue Candle","FossilizedHelix","Pantograph","downfall:HeartBlessingBlue","Shovel","Dream Catcher","HornCleat","Incense Burner","Kunai"],"acts_visited":["Exordium","TheCity","TheBeyond","TheEnding"],"potions_floor_usage":[14,14,16,21,21,32,33,42,46,47,49,50],"damage_taken":[{"damage":0,"enemies":"Jaw Worm","floor":5,"turns":1},{"damage":0,"enemies":"Lagavulin","floor":6,"turns":1},{"damage":0,"enemies":"Gremlin Nob","floor":8,"turns":1},{"damage":2,"enemies":"Cultist","floor":10,"turns":2},{"damage":26,"enemies":"Lagavulin","floor":11,"turns":4},{"damage":2,"enemies":"downfall:FleeingMerchant","floor":12,"turns":4},{"damage":15,"enemies":"2 Louse","floor":13,"turns":2},{"damage":11,"enemies":"3 Sentries","floor":14,"turns":5},{"damage":2,"enemies":"Lots of Slimes","floor":15,"turns":3},{"damage":18,"enemies":"IC_STATUS_ARCHETYPE","floor":16,"turns":6},{"damage":0,"enemies":"Spheric Guardian","floor":19,"turns":3},{"damage":18,"enemies":"Snake Plant","floor":21,"turns":2},{"damage":1,"enemies":"Snecko","floor":22,"turns":4},{"damage":45,"enemies":"Slavers","floor":23,"turns":6},{"damage":1,"enemies":"downfall:FleeingMerchant","floor":28,"turns":4},{"damage":9,"enemies":"Centurion and Healer","floor":32,"turns":4},{"damage":0,"enemies":"WA_ARCHETYPE_CALM","floor":33,"turns":9},{"damage":12,"enemies":"3 Shapes","floor":36,"turns":4},{"damage":0,"enemies":"3 Darklings","floor":37,"turns":4},{"damage":0,"enemies":"Sphere and 2 Shapes","floor":38,"turns":3},{"damage":6,"enemies":"2 Orb Walkers","floor":39,"turns":4},{"damage":0,"enemies":"Giant Head","floor":42,"turns":4},{"damage":10,"enemies":"Maw","floor":43,"turns":6},{"damage":0,"enemies":"downfall:FleeingMerchant","floor":45,"turns":4},{"damage":0,"enemies":"Writhing Mass","floor":46,"turns":4},{"damage":1,"enemies":"Sphere and 2 Shapes","floor":47,"turns":4},{"damage":9,"enemies":"Maw","floor":48,"turns":6},{"damage":11,"enemies":"4 Shapes","floor":49,"turns":3},{"damage":42,"enemies":"DF_ARCHETYPE_ORBS","floor":50,"turns":11},{"damage":115,"enemies":"downfall:CharBossMerchant","floor":52,"turns":6}],"seed_played":"-3768010492538355093","potions_obtained":[{"floor":11,"key":"PowerPotion"},{"floor":13,"key":"ColorlessPotion"},{"floor":15,"key":"champ:CounterPotion"},{"floor":16,"key":"SteroidPotion"},{"floor":19,"key":"sneckomod:CheatPotion"},{"floor":21,"key":"CultistPotion"},{"floor":22,"key":"DuplicationPotion"},{"floor":32,"key":"Fruit Juice"},{"floor":36,"key":"EssenceOfSteel"},{"floor":39,"key":"AttackPotion"},{"floor":42,"key":"sneckomod:MuddlingPotion"},{"floor":46,"key":"ColorlessPotion"},{"floor":49,"key":"SneckoOil"}],"is_trial":false,"path_per_floor":["R","?","?","?","M","E","T","E","R","M","E","$","M","E","M","B",null,"R","M","?","M","M","E","T","?","R","T","$","?","R","T","M","B",null,"R","M","M","M","?","T","T","E","M","?","$","M","M","M","M","B",null,"E"],"character_chosen":"THE_SNECKO","items_purchased":["Kunai"],"campfire_rested":1,"item_purchase_floors":[45],"current_hp_per_floor":[75,75,64,64,64,64,64,64,64,62,36,36,21,22,20,7,67,67,69,69,61,62,17,17,17,44,44,45,45,45,45,48,78,95,105,93,93,95,89,89,89,94,84,74,76,81,87,80,74,62,104,0,0],"gold":64,"neow_bonus":"THREE_ENEMY_KILL","is_daily":false,"chose_seed":false,"campfire_upgraded":3,"win_rate":0.0,"timestamp":1611063224,"path_taken":["R","?","?","?","M","E","T","E","R","M","E","?","?","E","M","BOSS","R","M","?","?","M","E","T","?","R","?","$","?","R","?","M","BOSS","R","M","M","M","?","?","T","E","M","?","$","M","M","?","M","BOSS","E"],"items_purchased_type":["Relic"],"build_version":"2020-12-22","purchased_purges":1,"victory":false,"max_hp_per_floor":[83,83,83,83,83,83,83,83,83,83,83,85,85,87,87,87,87,87,89,89,89,91,91,91,91,91,91,93,93,93,93,100,100,100,110,110,110,112,112,112,112,112,112,112,114,114,116,118,118,118,118,118,118],"card_choices":[{"not_picked":["sneckomod:DiceCrush","sneckomod:UnknownCommonSkill"],"picked":"sneckomod:UnknownClassGREEN","floor":5},{"not_picked":["sneckomod:UnknownClassTHE_CHAMP_GRAY","sneckomod:UnknownClassRED"],"picked":"sneckomod:Unknown3Cost","floor":6},{"not_picked":["sneckomod:UnknownDexterity","sneckomod:UnknownClassGUARDIAN"],"picked":"sneckomod:WideSting","floor":8},{"not_picked":["sneckomod:QuickMove","sneckomod:UnknownClassRED"],"picked":"sneckomod:ImprovisedAttack","floor":10},{"not_picked":["sneckomod:SnakeSap","sneckomod:UnknownCommonAttack"],"picked":"sneckomod:ImprovisedGuard","floor":11},{"not_picked":["sneckomod:UnknownClassTHE_CHAMP_GRAY","sneckomod:UnknownClassSLIMEBOUND","sneckomod:RainOfDice"],"picked":"Singing Bowl","floor":12},{"not_picked":["sneckomod:UnknownClassSLIMEBOUND","sneckomod:Nope"],"picked":"sneckomod:DiceBlock","floor":13},{"not_picked":["sneckomod:UnknownClassSLIMEBOUND","sneckomod:SoulDraw","sneckomod:Memorize"],"picked":"Singing Bowl","floor":14},{"not_picked":["sneckomod:SoulDraw","sneckomod:PureSnecko"],"picked":"sneckomod:IronFang","floor":15},{"not_picked":["sneckomod:GlitteringGambit","sneckomod:UnknownBoss"],"picked":"sneckomod:UnknownRareSkill","floor":16},{"not_picked":["sneckomod:UnknownClassHEXA_GHOST_PURPLE","sneckomod:Rotation+1","sneckomod:UnknownCommonSkill"],"picked":"Singing Bowl","floor":19},{"not_picked":["sneckomod:Nope","sneckomod:UnknownUncommonAttack"],"picked":"sneckomod:SoulCleanse","floor":21},{"not_picked":["sneckomod:UnknownCommonSkill","sneckomod:RainOfDice","sneckomod:Unknown2Cost"],"picked":"Singing Bowl","floor":22},{"not_picked":["sneckomod:Nope","sneckomod:UnknownCommonAttack"],"picked":"sneckomod:SerpentIdol+1","floor":23},{"not_picked":["sneckomod:DiceCrush","sneckomod:UnknownClassPURPLE","sneckomod:Unknown1Cost"],"picked":"Singing Bowl","floor":28},{"not_picked":["sneckomod:UnknownCommonSkill","sneckomod:UnknownClassGREEN+1"],"picked":"sneckomod:TrashToTreasure+1","floor":28},{"not_picked":["sneckomod:GlitteringGambit","sneckomod:ImprovisedAttack","sneckomod:UnknownCommonSkill"],"picked":"Singing Bowl","floor":32},{"not_picked":["sneckomod:Cheat","sneckomod:UnknownRareSkill"],"picked":"sneckomod:DangerNoodle","floor":33},{"not_picked":["sneckomod:IronFang","sneckomod:RainOfDice"],"picked":"sneckomod:SoulRoll+1","floor":36},{"not_picked":["sneckomod:UnknownCommonAttack","sneckomod:DiceCrush"],"picked":"sneckomod:QuickMove+1","floor":37},{"not_picked":["sneckomod:UnknownVulnerable","sneckomod:UnknownWeak","sneckomod:DiceBlock"],"picked":"Singing Bowl","floor":38},{"not_picked":["sneckomod:UnknownWeak+1","sneckomod:UnknownExhaust"],"picked":"sneckomod:UnknownUncommonAttack","floor":39},{"not_picked":["sneckomod:UnknownUncommonPower","sneckomod:UnknownDraw"],"picked":"sneckomod:SnekBeam+1","floor":42},{"not_picked":["sneckomod:UnknownClassTHE_CHAMP_GRAY","sneckomod:UnknownStrike"],"picked":"sneckomod:QuickBite+1","floor":43},{"not_picked":["expansioncontent:YouAreMine","expansioncontent:AwakenDeath"],"picked":"expansioncontent:PrepareCrush","floor":44},{"not_picked":["expansioncontent:PrepareCrush","expansioncontent:LastStand"],"picked":"expansioncontent:Hexaburn","floor":44},{"not_picked":["expansioncontent:PolyBeam","expansioncontent:AwakenDeath"],"picked":"expansioncontent:YouAreMine","floor":44},{"not_picked":["sneckomod:UnknownClassPURPLE","sneckomod:UnknownCommonAttack","sneckomod:UnknownBlock"],"picked":"Singing Bowl","floor":45},{"not_picked":["sneckomod:UnknownClassGUARDIAN","sneckomod:UnknownClassTHE_CHAMP_GRAY"],"picked":"sneckomod:SoulRoll","floor":46},{"not_picked":["sneckomod:UnknownCommonAttack+1","sneckomod:UnknownClassSLIMEBOUND+1","sneckomod:UnknownDraw+1"],"picked":"Singing Bowl","floor":47},{"not_picked":["sneckomod:UnknownCommonSkill","sneckomod:MasterEye+1","sneckomod:RainOfDice+1"],"picked":"Singing Bowl","floor":48},{"not_picked":["sneckomod:SoulDraw","sneckomod:UnknownX"],"picked":"sneckomod:ImprovisedGuard","floor":49}],"player_experience":555167,"relics_obtained":[{"floor":6,"key":"Happy Flower"},{"floor":7,"key":"Torii"},{"floor":8,"key":"Whetstone"},{"floor":11,"key":"Toy Ornithopter"},{"floor":14,"key":"Tiny Chest"},{"floor":23,"key":"Blue Candle"},{"floor":24,"key":"FossilizedHelix"},{"floor":27,"key":"Pantograph"},{"floor":39,"key":"Shovel"},{"floor":40,"key":"Dream Catcher"},{"floor":41,"key":"HornCleat"},{"floor":42,"key":"Incense Burner"}],"event_choices":[{"damage_healed":0,"gold_gain":0,"player_choice":"Box","damage_taken":0,"relics_obtained":["Singing Bowl"],"max_hp_gain":0,"max_hp_loss":0,"event_name":"Big Fish","floor":2,"gold_loss":0,"cards_obtained":["Regret"]},{"damage_healed":0,"gold_gain":0,"player_choice":"Success","damage_taken":11,"relics_obtained":["Ice Cream"],"max_hp_gain":0,"max_hp_loss":0,"event_name":"Scrap Ooze","floor":3,"gold_loss":0},{"damage_healed":0,"gold_gain":0,"player_choice":"Ignored","damage_taken":0,"max_hp_gain":0,"max_hp_loss":0,"event_name":"Vampires","floor":29,"gold_loss":0},{"damage_healed":0,"gold_gain":0,"player_choice":"Fight","damage_taken":0,"max_hp_gain":0,"max_hp_loss":0,"event_name":"Mysterious Sphere","floor":39,"gold_loss":0}],"is_beta":false,"boss_relics":[{"not_picked":["Black Star","Tiny House"],"picked":"Snecko Eye"},{"not_picked":["bronze:MakeshiftBattery","Busted Crown"],"picked":"sneckomod:SuperSneckoSoul"}],"items_purged_floors":[12],"is_endless":false,"potions_floor_spawned":[11,13,15,16,19,21,22,32,36,39,42,43,46,49],"killed_by":"downfall:CharBossMerchant","ascension_level":20}}