{"host":"9tzam4717zt8ei1o","time":1611049983,"event":{"mods":["BaseMod","Colored Map","Keyboard Shortcuts","Minty Spire (QoL Compilation)","Quick Restart","StSLib","SuperFastMode"],"gold_per_floor":[118,135,115,128,141,141,157,4,4,18,37,49,49,74,74,170,170,185,195,10,26,226,226,82,99,99,99,9,9,24,42,42,145,145,159,231,281,298,312,342,359,259,259,270,287,287,287,318,318,318,318,318,14,48,48],"floor_reached":56,"language":"KOR","playtime":2272,"items_purged":["Strike_G","Strike_G","Strike_G"],"score":1475,"play_id":"75192186-3fb1-4c51-a980-484e831b0bce","local_time":"20210119185303","is_ascension_mode":true,"campfire_choices":[{"data":"Noxious Fumes","floor":6.0,"key":"SMITH"},{"data":"Prepared","floor":13.0,"key":"SMITH"},{"data":"Underhanded Strike","floor":15.0,"key":"SMITH"},{"data":"Acrobatics","floor":23,"key":"SMITH"},{"data":"Calculated Gamble","floor":27,"key":"SMITH"},{"floor":29,"key":"REST"},{"data":"Tactician","floor":32,"key":"SMITH"},{"floor":49,"key":"RECALL"},{"data":"Reflex","floor":52,"key":"SMITH"}],"circlet_count":0,"master_deck":["Strike_G","Defend_G","Defend_G","Defend_G","Defend_G","Defend_G","Survivor+1","Neutralize+1","Blur","Noxious Fumes+1","Prepared+1","Acrobatics+1","Backstab","Escape Plan","Expertise","Dagger Throw","Underhanded Strike+1","Malaise","Reflex+1","Escape Plan","Tactician+1","Footwork","Backstab+1","Calculated Gamble+1","Deflect+1","Blur+1","Adrenaline","Caltrops+1","Choke+1","Eviscerate","Blood for Blood+1"],"relics":["Ring of the Snake","Orrery","Pantograph","Potion Belt","TheAbacus","Philosopher\u0027s Stone","Meat on the Bone","StoneCalendar","Tough Bandages","Eternal Feather","Nunchaku","PrismaticShard","Ornamental Fan"],"acts_visited":["Exordium","TheCity","TheBeyond","TheEnding"],"potions_floor_usage":[16,30,39,40,40,40,44,50,55,55,55,55,55],"damage_taken":[{"damage":4.0,"enemies":"Jaw Worm","floor":1.0,"turns":7.0},{"damage":0.0,"enemies":"Cultist","floor":2.0,"turns":4.0},{"damage":2.0,"enemies":"2 Louse","floor":4.0,"turns":4.0},{"damage":7.0,"enemies":"Exordium Thugs","floor":5.0,"turns":6.0},{"damage":14.0,"enemies":"3 Louse","floor":7.0,"turns":4.0},{"damage":4.0,"enemies":"Red Slaver","floor":10.0,"turns":5.0},{"damage":11.0,"enemies":"Large Slime","floor":11.0,"turns":8.0},{"damage":2.0,"enemies":"2 Fungi Beasts","floor":12.0,"turns":6.0},{"damage":29.0,"enemies":"Gremlin Nob","floor":14.0,"turns":5.0},{"damage":34,"enemies":"Slime Boss","floor":16,"turns":11},{"damage":20,"enemies":"3 Byrds","floor":18,"turns":6},{"damage":20,"enemies":"Shell Parasite","floor":19,"turns":8},{"damage":11,"enemies":"Snake Plant","floor":21,"turns":6},{"damage":9,"enemies":"Sentry and Sphere","floor":25,"turns":6},{"damage":3,"enemies":"Cultist and Chosen","floor":30,"turns":6},{"damage":1,"enemies":"Shelled Parasite and Fungi","floor":31,"turns":8},{"damage":15,"enemies":"Automaton","floor":33,"turns":12},{"damage":14,"enemies":"3 Shapes","floor":35,"turns":4},{"damage":10,"enemies":"Mind Bloom Boss Battle","floor":37,"turns":8},{"damage":0,"enemies":"3 Darklings","floor":38,"turns":7},{"damage":41,"enemies":"Transient","floor":39,"turns":5},{"damage":15,"enemies":"Reptomancer","floor":40,"turns":9},{"damage":0,"enemies":"Maw","floor":41,"turns":8},{"damage":0,"enemies":"Writhing Mass","floor":44,"turns":7},{"damage":0,"enemies":"Spire Growth","floor":45,"turns":6},{"damage":0,"enemies":"Giant Head","floor":48,"turns":11},{"damage":54,"enemies":"Donu and Deca","floor":50,"turns":15},{"damage":4,"enemies":"Shield and Spear","floor":54,"turns":7},{"damage":43,"enemies":"The Heart","floor":55,"turns":9}],"seed_played":"-8188107143216487484","potions_obtained":[{"floor":1.0,"key":"PowerPotion"},{"floor":3.0,"key":"Fruit Juice"},{"floor":4.0,"key":"FairyPotion"},{"floor":7.0,"key":"Dexterity Potion"},{"floor":12.0,"key":"Ancient Potion"},{"floor":21,"key":"Swift Potion"},{"floor":31,"key":"CunningPotion"},{"floor":33,"key":"SneckoOil"},{"floor":39,"key":"EntropicBrew"},{"floor":41,"key":"Swift Potion"},{"floor":45,"key":"Dexterity Potion"},{"floor":54,"key":"Strength Potion"}],"is_trial":false,"path_per_floor":["M","M","?","M","M","R","M","$","T","M","M","M","R","E","R","B",null,"M","M","$","M","?","R","$","M","T","R","?","R","M","M","R","B",null,"M","T","?","M","M","E","M","$","T","M","M","?","?","E","R","B",null,"R","$","E","B",null],"character_chosen":"THE_SILENT","items_purchased":["Orrery","Tactician","Footwork","TheAbacus","Eviscerate","PrismaticShard"],"campfire_rested":1,"item_purchase_floors":[8,20,20,24,53,53],"current_hp_per_floor":[66,66,71,69,62,62,48,48,48,44,33,31,31,2,2,22,62,42,22,22,11,11,11,11,2,2,2,2,24,21,20,20,30,64,50,50,65,65,36,33,45,45,45,45,45,45,45,45,63,29,61,71,71,67,40],"gold":48,"neow_bonus":"UPGRADE_CARD","is_daily":false,"chose_seed":false,"campfire_upgraded":7,"win_rate":0.0,"timestamp":1611049983,"path_taken":["M","M","?","?","M","R","M","$","T","M","M","M","R","E","R","BOSS","M","M","$","M","?","R","?","?","T","R","?","R","M","M","R","BOSS","M","?","?","M","M","E","M","$","T","M","M","?","?","E","R","BOSS","R","$","E","BOSS"],"items_purchased_type":["Relic","Card","Card","Relic","Card","Relic"],"build_version":"2020-12-22","purchased_purges":3,"victory":true,"max_hp_per_floor":[70,70,75,75,75,75,75,75,75,75,75,75,75,75,75,75,75,75,75,75,75,75,75,75,75,75,75,75,75,75,75,75,75,75,75,75,75,75,75,75,75,75,75,75,75,71,71,71,71,71,71,71,71,71,71],"card_choices":[{"not_picked":["Quick Slash","Slice"],"picked":"Blur","floor":1.0},{"not_picked":["Sucker Punch","Dash"],"picked":"Noxious Fumes","floor":2.0},{"not_picked":["Expertise","PiercingWail"],"picked":"Prepared","floor":4.0},{"not_picked":["PiercingWail","Riddle With Holes"],"picked":"Acrobatics","floor":5.0},{"not_picked":["Blade Dance","Prepared","Bane"],"picked":"SKIP","floor":7.0},{"not_picked":["Dagger Spray","Riddle With Holes"],"picked":"Backstab","floor":8.0},{"not_picked":["Flying Knee","Quick Slash"],"picked":"Escape Plan","floor":8.0},{"not_picked":["Deadly Poison","Concentrate"],"picked":"Expertise","floor":10.0},{"not_picked":["Quick Slash","Catalyst","Predator"],"picked":"SKIP","floor":11.0},{"not_picked":["Dagger Spray","Backflip"],"picked":"Dagger Throw","floor":12.0},{"not_picked":["Endless Agony","Backflip"],"picked":"Underhanded Strike","floor":14.0},{"not_picked":["Envenom","Unload"],"picked":"Malaise","floor":16},{"not_picked":["Prepared","Well Laid Plans+1"],"picked":"Reflex","floor":18},{"not_picked":["Backstab","Dodge and Roll"],"picked":"Escape Plan","floor":19},{"not_picked":["Bane","Deflect"],"picked":"Backstab+1","floor":21},{"not_picked":["Masterful Stab+1","Deadly Poison+1"],"picked":"Calculated Gamble","floor":25},{"not_picked":["Expertise","Dagger Spray","Underhanded Strike"],"picked":"SKIP","floor":30},{"not_picked":["Slice+1","Skewer","Deadly Poison"],"picked":"SKIP","floor":31},{"not_picked":["Prepared","Underhanded Strike","Dodge and Roll"],"picked":"SKIP","floor":35},{"not_picked":["Dagger Throw","Backstab"],"picked":"Deflect+1","floor":37},{"not_picked":["Escape Plan","Backflip+1","Concentrate+1"],"picked":"SKIP","floor":38},{"not_picked":["PiercingWail+1","Corpse Explosion"],"picked":"Blur+1","floor":39},{"not_picked":["Deadly Poison","Acrobatics"],"picked":"Adrenaline","floor":40},{"not_picked":["Prepared","Poisoned Stab"],"picked":"Caltrops+1","floor":41},{"not_picked":["Reflex","Escape Plan+1","Masterful Stab+1"],"picked":"SKIP","floor":44},{"not_picked":["Deadly Poison","Backflip","Quick Slash"],"picked":"SKIP","floor":45},{"not_picked":["Terror+1","Predator"],"picked":"Choke+1","floor":48},{"not_picked":["Cleave","Blade Dance+1"],"picked":"Blood for Blood+1","floor":54}],"player_experience":79613,"relics_obtained":[{"floor":9.0,"key":"Pantograph"},{"floor":14.0,"key":"Potion Belt"},{"floor":36,"key":"Meat on the Bone"},{"floor":37,"key":"StoneCalendar"},{"floor":40,"key":"Tough Bandages"},{"floor":43,"key":"Eternal Feather"},{"floor":48,"key":"Nunchaku"},{"floor":54,"key":"Ornamental Fan"}],"event_choices":[{"damage_healed":0.0,"max_hp_gain":0.0,"max_hp_loss":0.0,"gold_gain":0.0,"event_name":"The Woman in Blue","player_choice":"Bought 1 Potion","floor":3.0,"gold_loss":0.0,"damage_taken":0.0},{"damage_healed":0,"gold_gain":200,"player_choice":"Gold","damage_taken":0,"max_hp_gain":0,"max_hp_loss":0,"event_name":"Wheel of Change","floor":22,"gold_loss":0},{"cards_removed":["Strike_G"],"damage_healed":0,"gold_gain":0,"player_choice":"Upgrade and Remove","damage_taken":0,"max_hp_gain":0,"max_hp_loss":0,"event_name":"Designer","floor":28,"gold_loss":90,"cards_upgraded":["Survivor"]},{"damage_healed":0,"gold_gain":0,"player_choice":"Fight","damage_taken":0,"max_hp_gain":0,"max_hp_loss":0,"event_name":"MindBloom","floor":37,"gold_loss":0},{"damage_healed":0,"gold_gain":0,"player_choice":"Max HP","damage_taken":0,"max_hp_gain":0,"max_hp_loss":4,"event_name":"Winding Halls","floor":46,"gold_loss":0},{"damage_healed":0,"gold_gain":0,"player_choice":"Ignored","damage_taken":0,"max_hp_gain":0,"max_hp_loss":0,"event_name":"Tomb of Lord Red Mask","floor":47,"gold_loss":0}],"is_beta":false,"boss_relics":[{"not_picked":["Ring of the Serpent","Snecko Eye","Calling Bell"]},{"not_picked":["Runic Pyramid","Busted Crown"],"picked":"Philosopher\u0027s Stone"}],"items_purged_floors":[20,42,53],"is_endless":false,"potions_floor_spawned":[1,4,7,10,12,21,31,33,39,41,45,54],"ascension_level":5}}