{"host":"k7udt7atmcuzf6l0","time":1611067961,"event":{"mods":["AchievementEnabler","BaseMod","Colored Map","Colored Powertips","Highlight Path","Minty Spire (QoL Compilation)","Quick Restart","Rare Cards Sparkle","StSLib","UnlockEverythingMod"],"gold_per_floor":[112,66,66,31,46,46,74,92,92,42,54,54,83,102,102,205,205,216,315,315,325,1,31,47,47,47,47,67,78,109,120,120,221,221,235,248,2,22,37,37,49,64,143,172,172,172],"floor_reached":45,"language":"ZHT","playtime":1267,"items_purged":[],"score":521,"play_id":"a779c1c3-e863-4294-838e-1b57662bc70d","local_time":"20210119225241","is_ascension_mode":false,"campfire_choices":[{"data":"Armaments","floor":6.0,"key":"SMITH"},{"data":"Shockwave","floor":12.0,"key":"SMITH"},{"data":"Limit Break","floor":15.0,"key":"SMITH"},{"data":"J.A.X.","floor":25,"key":"SMITH"},{"data":"Battle Trance","floor":27,"key":"SMITH"},{"floor":32,"key":"REST"},{"data":"Sword Boomerang","floor":40,"key":"SMITH"}],"circlet_count":0,"master_deck":["Strike_R","Strike_R","Strike_R","Strike_R","Strike_R","Defend_R","Defend_R","Defend_R","Defend_R","Bash","Armaments+1","Sword Boomerang+1","Battle Trance+1","Cleave+1","Shockwave+1","Limit Break+1","Pommel Strike+1","Warcry+1","J.A.X.+1","Flex+1","Twin Strike+1","Rampage+1","Headbutt+1","Pommel Strike+1","Thunderclap+1","Immolate+1","Clash+1","Shrug It Off+1","Inflame+1","Battle Trance+1","Pummel+1","Whirlwind+1"],"relics":["Burning Blood","NeowsBlessing","Turnip","InkBottle","Molten Egg 2","Nunchaku","Sozu","Toolbox","Pen Nib","MealTicket","Matryoshka","Pantograph","Philosopher\u0027s Stone","Shuriken","CeramicFish","Eternal Feather"],"acts_visited":["Exordium","TheCity","TheBeyond"],"potions_floor_usage":[16,16],"damage_taken":[{"damage":0.0,"enemies":"Cultist","floor":1.0,"turns":1.0},{"damage":0.0,"enemies":"2 Louse","floor":5.0,"turns":1.0},{"damage":0.0,"enemies":"3 Sentries","floor":7.0,"turns":1.0},{"damage":0.0,"enemies":"Small Slimes","floor":8.0,"turns":3.0},{"damage":13.0,"enemies":"Exordium Wildlife","floor":11.0,"turns":4.0},{"damage":10.0,"enemies":"Gremlin Nob","floor":13.0,"turns":3.0},{"damage":9.0,"enemies":"Looter","floor":14.0,"turns":3.0},{"damage":37,"enemies":"Hexaghost","floor":16,"turns":4},{"damage":10,"enemies":"Shell Parasite","floor":18,"turns":4},{"damage":3,"enemies":"3 Byrds","floor":21,"turns":4},{"damage":3,"enemies":"Gremlin Leader","floor":23,"turns":4},{"damage":23,"enemies":"Centurion and Healer","floor":24,"turns":5},{"damage":11,"enemies":"Snake Plant","floor":28,"turns":2},{"damage":9,"enemies":"Shelled Parasite and Fungi","floor":29,"turns":3},{"damage":24,"enemies":"Slavers","floor":30,"turns":3},{"damage":18,"enemies":"Centurion and Healer","floor":31,"turns":2},{"damage":35,"enemies":"Automaton","floor":33,"turns":6},{"damage":11,"enemies":"Orb Walker","floor":35,"turns":2},{"damage":18,"enemies":"3 Darklings","floor":36,"turns":2},{"damage":3,"enemies":"Jaw Worm Horde","floor":38,"turns":2},{"damage":21,"enemies":"Maw","floor":39,"turns":5},{"damage":0,"enemies":"Transient","floor":41,"turns":5},{"damage":46,"enemies":"Writhing Mass","floor":42,"turns":3},{"damage":12,"enemies":"Sphere and 2 Shapes","floor":44,"turns":3},{"damage":37,"enemies":"Reptomancer","floor":45,"turns":2}],"seed_played":"-7760780145146670743","potions_obtained":[{"floor":7.0,"key":"SpeedPotion"},{"floor":8.0,"key":"PowerPotion"},{"floor":13.0,"key":"DuplicationPotion"},{"floor":14.0,"key":"SteroidPotion"}],"is_trial":false,"path_per_floor":["M","$","?","?","M","R","E","M","T","$","M","R","E","M","R","B",null,"M","?","?","M","$","E","M","R","T","R","M","M","E","M","R","B",null,"M","M","$","M","M","R","M","M","T","M","E"],"character_chosen":"IRONCLAD","items_purchased":["Sword Boomerang","Cleave+1","Toolbox","Pen Nib","Twin Strike+1","Shuriken"],"campfire_rested":1,"item_purchase_floors":[2,10,22,22,22,37],"current_hp_per_floor":[80,80,62,80,80,80,80,80,80,80,73,73,69,66,66,35,80,76,76,76,79,79,80,63,63,63,63,58,55,37,25,49,45,80,75,63,78,80,65,65,71,31,31,25,0,0],"gold":172,"neow_bonus":"THREE_ENEMY_KILL","is_daily":false,"chose_seed":false,"campfire_upgraded":6,"win_rate":0.0,"timestamp":1611067961,"path_taken":["M","?","?","?","?","R","E","M","T","$","M","R","E","M","R","BOSS","M","?","?","M","$","E","M","R","T","R","M","M","E","M","R","BOSS","M","M","$","M","M","R","M","M","T","M","E"],"items_purchased_type":["Card","Card","Relic","Relic","Card","Relic"],"build_version":"2020-12-22","purchased_purges":0,"victory":false,"max_hp_per_floor":[80,80,80,80,80,80,80,80,80,80,80,80,80,80,80,80,80,80,80,80,80,80,80,80,80,80,80,80,80,80,80,80,80,80,80,80,80,80,80,80,80,80,80,80,80,80],"card_choices":[{"not_picked":["Battle Trance","Evolve"],"picked":"Armaments","floor":1.0},{"not_picked":["Clothesline","Uppercut","Shrug It Off"],"picked":"SKIP","floor":5.0},{"not_picked":["True Grit","Heavy Blade","Clothesline"],"picked":"SKIP","floor":7.0},{"not_picked":["Dual Wield","Hemokinesis"],"picked":"Battle Trance","floor":8.0},{"not_picked":["Intimidate","Heavy Blade+1"],"picked":"Shockwave","floor":11.0},{"not_picked":["Disarm","Heavy Blade+1"],"picked":"Limit Break","floor":13.0},{"not_picked":["Shrug It Off","Anger+1"],"picked":"Pommel Strike+1","floor":14.0},{"not_picked":["Thunderclap+1","Heavy Blade+1"],"picked":"Warcry+1","floor":18},{"not_picked":["True Grit","Spot Weakness"],"picked":"Flex+1","floor":21},{"not_picked":["Impervious","Flex"],"picked":"Rampage+1","floor":23},{"not_picked":["Flex","Rupture","True Grit"],"picked":"SKIP","floor":24},{"not_picked":["Shockwave","Carnage+1"],"picked":"Headbutt+1","floor":28},{"not_picked":["Iron Wave+1","Wild Strike+1"],"picked":"Pommel Strike+1","floor":29},{"not_picked":["Ghostly Armor","Fire Breathing","Warcry"],"picked":"SKIP","floor":30},{"not_picked":["Clothesline+1","Cleave+1"],"picked":"Thunderclap+1","floor":31},{"not_picked":["Berserk","Exhume"],"picked":"Immolate+1","floor":33},{"not_picked":["Sword Boomerang+1","True Grit+1"],"picked":"Clash+1","floor":35},{"not_picked":["Armaments","Inflame"],"picked":"Shrug It Off+1","floor":36},{"not_picked":["Iron Wave+1","Cleave+1"],"picked":"Inflame+1","floor":38},{"not_picked":["Wild Strike+1","Headbutt+1"],"picked":"Battle Trance+1","floor":39},{"not_picked":["Carnage+1","Havoc","Dark Embrace+1"],"picked":"SKIP","floor":41},{"not_picked":["Clothesline+1","True Grit+1"],"picked":"Pummel+1","floor":42},{"not_picked":["Havoc","Reckless Charge+1"],"picked":"Whirlwind+1","floor":44}],"player_experience":84605,"relics_obtained":[{"floor":7.0,"key":"InkBottle"},{"floor":9.0,"key":"Molten Egg 2"},{"floor":13.0,"key":"Nunchaku"},{"floor":23,"key":"MealTicket"},{"floor":26,"key":"Matryoshka"},{"floor":30,"key":"Pantograph"},{"floor":43,"key":"CeramicFish"},{"floor":43,"key":"Eternal Feather"}],"event_choices":[{"damage_healed":0.0,"max_hp_gain":0.0,"max_hp_loss":0.0,"gold_gain":0.0,"event_name":"Scrap Ooze","player_choice":"Success","floor":3.0,"gold_loss":0.0,"damage_taken":18.0,"relics_obtained":["Turnip"]},{"damage_healed":20.0,"max_hp_gain":0.0,"max_hp_loss":0.0,"gold_gain":0.0,"event_name":"The Cleric","player_choice":"Healed","floor":4.0,"gold_loss":35.0,"damage_taken":0.0},{"damage_healed":0,"gold_gain":99,"player_choice":"Stole From Cult","damage_taken":0,"max_hp_gain":0,"max_hp_loss":0,"event_name":"Nest","floor":19,"gold_loss":0},{"damage_healed":0,"gold_gain":0,"player_choice":"Obtain J.A.X.","damage_taken":0,"max_hp_gain":0,"max_hp_loss":0,"event_name":"Drug Dealer","floor":20,"gold_loss":0,"cards_obtained":["J.A.X."]}],"is_beta":false,"boss_relics":[{"not_picked":["Busted Crown","Ectoplasm"],"picked":"Sozu"},{"not_picked":["Runic Cube","Mark of Pain"],"picked":"Philosopher\u0027s Stone"}],"items_purged_floors":[],"is_endless":false,"potions_floor_spawned":[7,8,13,14,23,28,29,31,36,38],"killed_by":"Reptomancer","ascension_level":0}}