{"host":"nii9k1idymerq4qj","time":1611069647,"event":{"mods":["Act Like it!","Arknights The Spire","BaseMod","Colored Powertips","Minty Spire (QoL Compilation)","Remilia£®¿Ÿ√◊¿Ú—«£©","Replay The Spire","StSLib","Waifu the Spire","Yuyuko"],"gold_per_floor":[116,132,132,132,57,57,91,91,116,46,57,83,98,112,112,213,213,228,240,85,98,98,123,123,151,174,174,174,184,84,115,115,210,210,221,239,114,134,134,163,179,209,209,242,262,262,262,282,282,282],"floor_reached":51,"language":"ZHS","playtime":5726,"items_purged":["Defend_RM","Strike_RM","Strike_RM"],"score":1037,"play_id":"c15f2765-f749-4db9-a88e-ab3ae281b7d4","local_time":"20210119232047","is_ascension_mode":true,"campfire_choices":[{"data":"ScarletSymphony","floor":6,"key":"SMITH"},{"data":"RedMoon","floor":8,"key":"SMITH"},{"data":"ScarletSymphony","floor":15,"key":"SMITH"},{"data":"ScarletShoot","floor":24,"key":"SMITH"},{"data":"ScarletSymphony","floor":28,"key":"SMITH"},{"data":"Thinking Ahead","floor":32,"key":"SMITH"},{"data":"ChaoticDestiny","floor":47,"key":"SMITH"},{"data":"BloodyHallows","floor":49,"key":"SMITH"}],"circlet_count":0,"master_deck":["Strike_RM","Defend_RM","Defend_RM","Defend_RM","RedMoon+1","ScarletShoot+1","Thinking Ahead+1","ScarletSymphony+1","ScarletDevil","BlasphemousPunishment+1","ScarletGensokyo","RedRainbow","BombardNight","ScarletSymphony+1","TransientEternity","ScarletImprint","ScarletSymphony+1","ScarletDevil","ScarletSymphony+1","BloodyHallows+1","ChaoticDestiny+1"],"relics":["ScarletHat","AntiCross","Divine Protection","Dream Catcher","MealTicket","Philosopher\u0027s Stone","Replay:Baseball","Simple Rune","Bird Faced Urn","Incense Burner","Oddly Smooth Stone","Happy Flower","War Paint","Pantograph","PreservedInsect","Replay:Bottled Steam","Blue Doll","Blood Vial","Chameleon Ring"],"acts_visited":["Exordium","TheCity","TheBeyond"],"potions_floor_usage":[12,12,16,18,23,33,50],"damage_taken":[{"damage":0,"enemies":"2 Louse","floor":1,"turns":3},{"damage":0,"enemies":"Small Slimes","floor":2,"turns":5},{"damage":48,"enemies":"3 Sentries","floor":7,"turns":4},{"damage":0,"enemies":"Jaw Worm","floor":11,"turns":2},{"damage":27,"enemies":"Lagavulin","floor":12,"turns":4},{"damage":2,"enemies":"Gremlin Gang","floor":13,"turns":3},{"damage":0,"enemies":"2 Fungi Beasts","floor":14,"turns":1},{"damage":9,"enemies":"The Guardian","floor":16,"turns":5},{"damage":14,"enemies":"2 Thieves","floor":18,"turns":2},{"damage":0,"enemies":"Spheric Guardian","floor":19,"turns":3},{"damage":0,"enemies":"3 Cultists","floor":21,"turns":3},{"damage":8,"enemies":"Book of Stabbing","floor":23,"turns":3},{"damage":0,"enemies":"Gremlin Leader","floor":25,"turns":3},{"damage":0,"enemies":"Centurion and Healer","floor":29,"turns":3},{"damage":0,"enemies":"Book of Stabbing","floor":31,"turns":4},{"damage":36,"enemies":"Pondfish","floor":33,"turns":5},{"damage":10,"enemies":"3 Darklings","floor":35,"turns":3},{"damage":4,"enemies":"3 Shapes","floor":36,"turns":2},{"damage":0,"enemies":"Sphere and 2 Shapes","floor":38,"turns":3},{"damage":42,"enemies":"Giant Head","floor":40,"turns":4},{"damage":0,"enemies":"Spire Growth","floor":41,"turns":3},{"damage":4,"enemies":"R_Hoarder","floor":42,"turns":3},{"damage":18,"enemies":"Giant Head","floor":44,"turns":1},{"damage":9,"enemies":"4 Shapes","floor":45,"turns":2},{"damage":10,"enemies":"Jaw Worm Horde","floor":48,"turns":2},{"damage":19,"enemies":"Replay:Hell Engine","floor":50,"turns":4}],"seed_played":"-4445478408428754032","potions_obtained":[{"floor":2,"key":"DistilledChaos"},{"floor":7,"key":"ColorlessPotion"},{"floor":11,"key":"Regen Potion"},{"floor":16,"key":"PowerPotion"},{"floor":21,"key":"GamblersBrew"},{"floor":23,"key":"Swift Potion"},{"floor":25,"key":"SteroidPotion"},{"floor":33,"key":"Doom Potion"},{"floor":35,"key":"Cursed Concoction"},{"floor":35,"key":"AttackPotion"},{"floor":40,"key":"Elixir"}],"is_trial":false,"path_per_floor":["M","M","?","?","$","R","E","R","T","$","M","E","M","M","R","B",null,"M","M","$","M","?","E","R","E","T","?","R","M","$","E","R","B",null,"M","M","$","M","?","E","M","E","T","E","M","T","R","M","R","B",null],"character_chosen":"REMILIA","items_purchased":["ScarletGensokyo","Replay:Baseball"],"campfire_rested":0,"item_purchase_floors":[10,20],"current_hp_per_floor":[68,68,61,36,36,36,34,34,34,34,37,24,22,22,22,28,68,54,57,68,68,68,64,64,68,68,68,68,68,68,68,68,57,68,62,68,68,68,68,61,67,68,68,68,61,61,61,65,65,59],"gold":282,"neow_bonus":"RANDOM_COLORLESS_2","is_daily":false,"chose_seed":false,"campfire_upgraded":8,"win_rate":0.0,"timestamp":1611069647,"path_taken":["M","M","?","?","$","R","E","R","T","?","M","E","?","M","R","BOSS","M","M","$","M","?","E","R","E","T","?","R","M","$","E","R","BOSS","M","M","$","M","?","E","?","E","T","E","M","?","R","M","R","BOSS"],"items_purchased_type":["Card","Relic"],"build_version":"2020-12-22","purchased_purges":3,"victory":true,"max_hp_per_floor":[68,68,68,68,68,68,68,68,68,68,68,68,68,68,68,68,68,68,68,68,68,68,68,68,68,68,68,68,68,68,68,68,68,68,68,68,68,68,68,68,68,68,68,68,68,68,68,68,68,68],"card_choices":[{"not_picked":["ReplayTheSpireMod:Brewmster","Transmutation"],"picked":"Thinking Ahead","floor":0},{"not_picked":["FitfulNightmare","EndlessAdversity"],"picked":"ScarletSymphony","floor":1},{"not_picked":["TwelveNightmare","ScarletDevilSign"],"picked":"ScarletDevil","floor":2},{"not_picked":["RedNightlessCastle","BadLadyScramble"],"picked":"BlasphemousPunishment","floor":7},{"not_picked":["BloodyTrap","UnstableMagic","ReincarnationDial"],"picked":"SKIP","floor":11},{"not_picked":["ChainGang","MastersStateliness"],"picked":"RedRainbow","floor":12},{"not_picked":["RedRainbow","MastersStateliness"],"picked":"BombardNight","floor":13},{"not_picked":["DiffusionOfMisfortune","CharismaGuard"],"picked":"ScarletSymphony","floor":14},{"not_picked":["ChaoticDestiny","BatForm"],"picked":"TransientEternity","floor":16},{"not_picked":["HunterOfTheNight+1","BloodHunter","Septette"],"picked":"SKIP","floor":18},{"not_picked":["AfternoonTea+1","StarOfDavid"],"picked":"ScarletImprint","floor":19},{"not_picked":["NightLord","ChainGang"],"picked":"ScarletSymphony+1","floor":21},{"not_picked":["Ultimatum","MastersStateliness"],"picked":"ScarletDevil","floor":23},{"not_picked":["EmergencyRegeneration+1","ReincarnationDial"],"picked":"ScarletSymphony","floor":25},{"not_picked":["ForbiddenFruit","StarOfDavid+1","FavorOfDestiny"],"picked":"SKIP","floor":29},{"not_picked":["BlasphemousPunishment","BloodHunter","BadLadyScramble"],"picked":"SKIP","floor":31},{"not_picked":["BloodRain","TransientEternity"],"picked":"BloodyHallows","floor":33},{"not_picked":["BombardNight","NightDance+1","Stigmanizer+1"],"picked":"SKIP","floor":35},{"not_picked":["AfternoonTea+1","HunterOfTheNight","ScarletDevil+1"],"picked":"SKIP","floor":36},{"not_picked":["BadLadyScramble+1","VampireClaw+1","EndlessAdversity+1"],"picked":"SKIP","floor":38},{"not_picked":["VampireSweep+1","UnderTheZenith","MillenniumVampire"],"picked":"SKIP","floor":40},{"not_picked":["RedRainbow","Septette","StarOfDavid"],"picked":"SKIP","floor":41},{"not_picked":["UnstableMagic","VampireFantasy"],"picked":"ChaoticDestiny","floor":42},{"not_picked":["Stigmanizer","BadLadyScramble+1","BloodHunter"],"picked":"SKIP","floor":44},{"not_picked":["UnstableMagic","Ultimatum","NightDance"],"picked":"SKIP","floor":45},{"not_picked":["Maim+1","NightDance","BloodHunter+1"],"picked":"SKIP","floor":48}],"player_experience":128686,"relics_obtained":[{"floor":7,"key":"Divine Protection"},{"floor":9,"key":"Dream Catcher"},{"floor":12,"key":"MealTicket"},{"floor":23,"key":"Bird Faced Urn"},{"floor":25,"key":"Incense Burner"},{"floor":26,"key":"Oddly Smooth Stone"},{"floor":31,"key":"Happy Flower"},{"floor":40,"key":"Pantograph"},{"floor":42,"key":"PreservedInsect"},{"floor":43,"key":"Replay:Bottled Steam"},{"floor":44,"key":"Blue Doll"},{"floor":45,"key":"Blood Vial"},{"floor":46,"key":"Chameleon Ring"}],"event_choices":[{"cards_removed":["Strike_RM"],"damage_healed":0,"gold_gain":0,"player_choice":"Card Removal","damage_taken":7,"max_hp_gain":0,"max_hp_loss":0,"event_name":"Golden Wing","floor":3,"gold_loss":0},{"damage_healed":0,"gold_gain":0,"player_choice":"Success","damage_taken":25,"relics_obtained":["AntiCross"],"max_hp_gain":0,"max_hp_loss":0,"event_name":"Scrap Ooze","floor":4,"gold_loss":0},{"damage_healed":0,"gold_gain":0,"player_choice":"Ignored","damage_taken":0,"max_hp_gain":0,"max_hp_loss":0,"event_name":"Ghosts","floor":27,"gold_loss":0},{"damage_healed":0,"gold_gain":0,"player_choice":"Gave Potion","damage_taken":0,"relics_obtained":["War Paint"],"max_hp_gain":0,"max_hp_loss":0,"event_name":"WeMeetAgain","floor":39,"gold_loss":0}],"is_beta":false,"boss_relics":[{"not_picked":["Coffee Dripper","Fusion Hammer"],"picked":"Philosopher\u0027s Stone"},{"not_picked":["Runic Dome","Ring of Chaos","Snecko Eye"]}],"items_purged_floors":[5,30,37],"is_endless":false,"potions_floor_spawned":[2,7,11,16,21,25,33,35,40,41,42],"ascension_level":3}}