{"host":"lehz9p79pih88cc3","time":1611071812,"event":{"mods":["AchievementEnabler","Act Like it!","Ascension Reborn","Aspiration","BaseMod","Better Note","Better Skull","Better Third Choice","CapriCore","Defuse TimeMaze Blight","Disable Question Mark Monsters","Emptier Cage","GungeonMod","Infinite Spire","Koishi","Marisa????????","Minty Spire (QoL Compilation)","Permanent Neow","Quick Restart","Reimu??????","Relic Stats","Remilia??????","Replay The Spire","SacredBarkPlus","Shop Mod","StSLib","The Administrix","The Animator","The Immortal","The Runesmith","The Servant 0.9.4","Transform Curses","Uncapped"],"gold_per_floor":[113,59,76,88,88,117,135,0,52,77,91,124,89,103,103,207,207,227,242,11,11,25,25,55,55,55,55,95,95,162,199,199,375,375,438,515,541,605,905,1011,1011,1098,1124,1124,629,629,699,778,778,798,798,798,356,417,479],"floor_reached":56,"language":"ENG","playtime":3485,"items_purged":["Parasite","MokouMod:Strike"],"score":1359,"play_id":"d017252e-bf20-4362-a70f-0873b7016f84","local_time":"20210119105652","is_ascension_mode":true,"campfire_choices":[{"floor":15,"key":"REST"},{"data":"MokouMod:PhoenixForm","floor":23,"key":"SMITH"},{"floor":25,"key":"REST"},{"floor":29,"key":"REST"},{"floor":32,"key":"REST"},{"floor":41,"key":"REST"},{"floor":44,"key":"RECALL"},{"data":"MokouMod:ResonanceReactor","floor":46,"key":"SMITH"},{"floor":49,"key":"REST"},{"floor":52,"key":"REST"}],"circlet_count":0,"master_deck":["MokouMod:Strike","MokouMod:Strike","MokouMod:Strike","MokouMod:Strike","MokouMod:Defend","MokouMod:Defend","MokouMod:Defend","MokouMod:Defend","MokouMod:HeatSpark","MokouMod:Firecracker","MokouMod:TemporalFireSeal","MokouMod:SearingShot+1","Enlightenment+1","MokouMod:FlickeringFlame","MokouMod:IndiscriminateIgnition","MokouMod:IgnitionBarrier","MokouMod:PhoenixForm+1","MokouMod:WarmUp","MokouMod:ResonanceReactor+1","MokouMod:SearingShot+1","MokouMod:WarmUp+1","MokouMod:SearingBlow+7","MokouMod:Meltdown+1","Coolheaded+1","Creative AI","Capacitor","Reinforced Body+1","MokouMod:HeartofFire","MokouMod:HeartofFire","Capacitor+1"],"relics":["MokouMod:PhoenixFeather","aspiration:Nostalgia","Koishi:ImaginaryFriend","infinitespire:BottledMercury","infinitespire:FocusingShard","DemoMod:MonsterBlood","Black Star","OrangePellets","Replay:Bandana","Nunchaku","infinitespire:Midas Blood","Runesmith:Locket","Iron Hammer","infinitespire:EvilPickle","aspiration:DefectSkillbook","CatCart","Blue Doll","Smiling Mask","DemoMod:ClearGuonStone","DemoMod:WhiteGuonStone","Frozen Eye","ReplayFunnel","Strawberry","Happy Flower","Orrery","DemoMod:PoisonVial","infinitespire:PuzzleCube"],"acts_visited":["Exordium","TheCity","TheBeyond","TheEnding"],"potions_floor_usage":[10,12,22,24,28,30,30,36,40,42,47,54,54,55],"damage_taken":[{"damage":2,"enemies":"2 Louse","floor":1,"turns":4},{"damage":9,"enemies":"Small Slimes","floor":3,"turns":3},{"damage":0,"enemies":"Cultist","floor":4,"turns":3},{"damage":14,"enemies":"Replay:BlueRogue","floor":6,"turns":7},{"damage":4,"enemies":"Gremlin Gang","floor":7,"turns":2},{"damage":16,"enemies":"Gremlin Nob","floor":10,"turns":4},{"damage":2,"enemies":"Looter","floor":11,"turns":2},{"damage":27,"enemies":"3 Sentries","floor":12,"turns":8},{"damage":0,"enemies":"Exordium Wildlife","floor":14,"turns":2},{"damage":37,"enemies":"Hexaghost","floor":16,"turns":10},{"damage":15,"enemies":"3 Byrds","floor":18,"turns":3},{"damage":28,"enemies":"Shell Parasite","floor":19,"turns":8},{"damage":4,"enemies":"Cultist and Chosen","floor":22,"turns":8},{"damage":29,"enemies":"Gremlin Leader","floor":24,"turns":8},{"damage":21,"enemies":"Centurion and Healer","floor":28,"turns":7},{"damage":48,"enemies":"Book of Stabbing","floor":30,"turns":8},{"damage":22,"enemies":"Snecko","floor":31,"turns":7},{"damage":51,"enemies":"Pondfish","floor":33,"turns":14},{"damage":30,"enemies":"Orb Walker","floor":35,"turns":4},{"damage":26,"enemies":"Orin","floor":36,"turns":12},{"damage":1,"enemies":"3 Shapes","floor":38,"turns":2},{"damage":50,"enemies":"Reptomancer","floor":40,"turns":4},{"damage":12,"enemies":"Writhing Mass","floor":42,"turns":9},{"damage":11,"enemies":"3 Darklings","floor":47,"turns":6},{"damage":11,"enemies":"Sphere and 2 Shapes","floor":48,"turns":6},{"damage":30,"enemies":"Replay:Hell Engine","floor":50,"turns":14},{"damage":62,"enemies":"Shield and Spear","floor":54,"turns":8},{"damage":80,"enemies":"The Heart","floor":55,"turns":9}],"seed_played":"3132450038575991484","potions_obtained":[{"floor":3,"key":"PowerPotion"},{"floor":4,"key":"Elixir"},{"floor":6,"key":"Weak Potion"},{"floor":11,"key":"Elixir"},{"floor":14,"key":"Energy Potion"},{"floor":16,"key":"Swift Potion"},{"floor":22,"key":"Energy Potion"},{"floor":28,"key":"Weak Potion"},{"floor":31,"key":"Explosive Potion"},{"floor":36,"key":"Fire Potion"},{"floor":38,"key":"Weak Potion"},{"floor":48,"key":"Swift Potion"}],"is_trial":false,"path_per_floor":["M","$","M","M","?","E","M","?","T","E","M","E","?","M","R","B",null,"M","M","$","?","M","R","E","R","T","?","M","R","E","M","R","B",null,"M","?","T","M","?","E","R","M","T","R","$","R","M","M","R","B",null,"R","$","E","B",null],"character_chosen":"MKU","items_purchased":["MokouMod:TemporalFireSeal","OrangePellets","MokouMod:ResonanceReactor","Frozen Eye","ReplayFunnel","Strawberry","Happy Flower","Orrery","MokouMod:HeartofFire","DemoMod:LeadSkinPotion"],"campfire_rested":7,"item_purchase_floors":[2,20,20,45,45,45,53,53,53,53],"current_hp_per_floor":[73,73,64,64,64,50,46,52,52,36,34,14,36,36,62,25,88,73,45,45,45,41,41,12,38,38,38,17,43,19,22,48,19,88,58,32,32,31,31,16,42,30,30,30,37,37,26,15,42,12,92,92,92,30,37],"gold":479,"neow_bonus":"NOSTALGIA","is_daily":false,"chose_seed":false,"campfire_upgraded":2,"win_rate":0.0,"timestamp":1611071812,"path_taken":["M","$","M","M","?","E","M","?","T","E","M","E","?","M","R","BOSS","M","M","$","?","M","R","E","R","T","?","?","R","E","?","R","BOSS","M","?","?","?","?","E","R","M","T","R","$","R","M","M","R","BOSS","R","$","E","BOSS"],"items_purchased_type":["Card","Relic","Card","Relic","Relic","Relic","Relic","Relic","Card","Undefined"],"build_version":"2020-12-22","purchased_purges":2,"victory":true,"max_hp_per_floor":[75,75,75,75,75,75,75,81,81,81,81,88,88,88,88,88,88,88,88,88,88,88,88,88,88,88,88,88,88,88,88,88,88,88,88,88,88,88,88,88,88,88,88,88,92,92,92,92,92,92,92,92,92,92,92],"relic_stats":{"OrangePellets":[15],"Nunchaku":[15],"Happy Flower":[5],"counters":[28,179],"Black Star":4,"Smiling Mask":75,"obtain_stats":[{"ReplayFunnel":45,"infinitespire:BottledMercury":6,"DemoMod:PoisonVial":54,"Runesmith:Locket":30,"Blue Doll":37,"DemoMod:GlassGuonStoneRelic":7,"DemoMod:WhiteGuonStone":43,"Smiling Mask":40,"Frozen Eye":45,"Replay:Bandana":24,"Nunchaku":24,"aspiration:DefectSkillbook":34,"DemoMod:MonsterBlood":12,"Strawberry":45,"Iron Hammer":30,"DemoMod:ClearGuonStone":40,"Happy Flower":53,"aspiration:Nostalgia":0,"infinitespire:FocusingShard":10,"infinitespire:EvilPickle":33,"OrangePellets":20,"MokouMod:PhoenixFeather":0,"Orrery":53,"Black Star":17,"CatCart":36,"infinitespire:PuzzleCube":54,"Koishi:ImaginaryFriend":0,"infinitespire:Midas Blood":26},{"ReplayFunnel":23,"infinitespire:BottledMercury":4,"DemoMod:PoisonVial":27,"Runesmith:Locket":16,"Blue Doll":20,"DemoMod:GlassGuonStoneRelic":5,"DemoMod:WhiteGuonStone":23,"Smiling Mask":22,"Frozen Eye":23,"Replay:Bandana":14,"Nunchaku":14,"aspiration:DefectSkillbook":18,"DemoMod:MonsterBlood":8,"Strawberry":23,"Iron Hammer":16,"DemoMod:ClearGuonStone":22,"Happy Flower":26,"aspiration:Nostalgia":0,"infinitespire:FocusingShard":6,"infinitespire:EvilPickle":18,"OrangePellets":12,"MokouMod:PhoenixFeather":0,"Orrery":26,"Black Star":10,"CatCart":20,"infinitespire:PuzzleCube":27,"Koishi:ImaginaryFriend":0,"infinitespire:Midas Blood":14},{"ReplayFunnel":137,"infinitespire:BottledMercury":17,"DemoMod:PoisonVial":170,"Runesmith:Locket":87,"Blue Doll":123,"DemoMod:GlassGuonStoneRelic":19,"DemoMod:WhiteGuonStone":137,"Smiling Mask":129,"Frozen Eye":137,"Replay:Bandana":72,"Nunchaku":72,"aspiration:DefectSkillbook":108,"DemoMod:MonsterBlood":33,"Strawberry":137,"Iron Hammer":87,"DemoMod:ClearGuonStone":129,"Happy Flower":162,"aspiration:Nostalgia":0,"infinitespire:FocusingShard":23,"infinitespire:EvilPickle":108,"OrangePellets":56,"MokouMod:PhoenixFeather":0,"Orrery":162,"Black Star":45,"CatCart":123,"infinitespire:PuzzleCube":170,"Koishi:ImaginaryFriend":0,"infinitespire:Midas Blood":72}]},"card_choices":[{"not_picked":["MokouMod:EternalBurstReactor","MokouMod:Overheat"],"picked":"MokouMod:Firecracker","floor":1},{"not_picked":["MokouMod:Trailblazer","MokouMod:IcarusDive"],"picked":"MokouMod:SearingShot","floor":3},{"not_picked":["MokouMod:ThermalPressure","MokouMod:Fireball","MokouMod:InfernalWave"],"picked":"SKIP","floor":4},{"not_picked":["MokouMod:FlickeringFlame","MokouMod:RoaringFlare","MokouMod:Trailblazer"],"picked":"SKIP","floor":6},{"not_picked":["MokouMod:Stoke","MokouMod:ResoluteFlare","MokouMod:AdaptivePyromancy"],"picked":"SKIP","floor":7},{"not_picked":["MokouMod:FlickeringFlame","MokouMod:UncontrollableSolarReaction","MokouMod:Cataclysm"],"picked":"SKIP","floor":10},{"not_picked":["MokouMod:UncontrollableSolarReaction","MokouMod:Cataclysm"],"picked":"MokouMod:FlickeringFlame","floor":10},{"not_picked":["MokouMod:Singe","MokouMod:RetainTemperature","MokouMod:HeatTransfer"],"picked":"SKIP","floor":11},{"not_picked":["MokouMod:ShiftIgnition","MokouMod:DanceofFlames"],"picked":"MokouMod:IndiscriminateIgnition","floor":12},{"not_picked":["MokouMod:BurningDraft","MokouMod:SearingShot"],"picked":"MokouMod:IgnitionBarrier","floor":14},{"not_picked":["MokouMod:EnchantingBambooForest","MokouMod:Rebirth"],"picked":"MokouMod:PhoenixForm","floor":16},{"not_picked":["MokouMod:Singe+1","MokouMod:BlazingComet"],"picked":"MokouMod:WarmUp","floor":18},{"not_picked":["MokouMod:Sear","MokouMod:ImperishableFlame","MokouMod:PhoenixFeathers"],"picked":"SKIP","floor":19},{"not_picked":["MokouMod:HeatFactory","MokouMod:InfernalWave"],"picked":"MokouMod:SearingShot+1","floor":22},{"not_picked":["MokouMod:Trailblazer","MokouMod:Wildfire+1","MokouMod:Ember"],"picked":"SKIP","floor":24},{"not_picked":["MokouMod:HeatCyclone+1","MokouMod:Trailblazer"],"picked":"MokouMod:WarmUp+1","floor":28},{"not_picked":["MokouMod:FlareStarter","MokouMod:Firecracker","MokouMod:UncontrollableSolarReaction"],"picked":"SKIP","floor":30},{"not_picked":["MokouMod:SpontaneousHumanCombustion","MokouMod:IcarusDive","MokouMod:Ember"],"picked":"SKIP","floor":31},{"not_picked":["MokouMod:SpontaneousHumanCombustion","MokouMod:Rebirth"],"picked":"MokouMod:SearingBlow","floor":33},{"not_picked":["Crystallizer","MokouMod:InfernalWave","MokouMod:PhoenixFeathers"],"picked":"MokouMod:Meltdown+1","floor":35},{"not_picked":["MokouMod:EternalBurstReactor","Conserve Battery+1","MokouMod:TemporalFireSeal+1","ReplaySolidLightProjector+1"],"picked":"SKIP","floor":38},{"not_picked":["aspiration:Polymerization+1","Hologram+1","MokouMod:ShiftIgnition+1","MokouMod:SpontaneousHumanCombustion"],"picked":"SKIP","floor":40},{"not_picked":["BasicCrystalCard","ReplayTheSpireMod:Calculation Training","MokouMod:FlickeringFlame","MokouMod:UncontrollableSolarReaction"],"picked":"SKIP","floor":42},{"not_picked":["Crystallizer","MokouMod:Firecracker+1","Gash+1","Streamline+1"],"picked":"SKIP","floor":47},{"not_picked":["Crystallizer","MokouMod:Firecracker","MokouMod:BlazingComet","MokouMod:RetainTemperature"],"picked":"SKIP","floor":48},{"not_picked":["Steam Power","FTL+1","MokouMod:DanceofFlames"],"picked":"Coolheaded+1","floor":53},{"not_picked":["MokouMod:ResoluteFlare","Barrage","Stack"],"picked":"Creative AI","floor":53},{"not_picked":["MokouMod:IcarusDive+1","MokouMod:Combust+1","MokouMod:FusionFlare+1"],"picked":"Capacitor","floor":53},{"not_picked":["BasicCrystalCard","MokouMod:IcarusDive+1","MokouMod:FlickeringFlame+1"],"picked":"Reinforced Body+1","floor":53},{"not_picked":["Sweeping Beam+1","Doom and Gloom","Panic Button+1"],"picked":"Capacitor+1","floor":54}],"player_experience":284938,"relics_obtained":[{"floor":6,"key":"infinitespire:BottledMercury"},{"floor":10,"key":"infinitespire:FocusingShard"},{"floor":12,"key":"DemoMod:MonsterBlood"},{"floor":24,"key":"Replay:Bandana"},{"floor":24,"key":"Nunchaku"},{"floor":26,"key":"infinitespire:Midas Blood"},{"floor":30,"key":"Runesmith:Locket"},{"floor":30,"key":"Iron Hammer"},{"floor":36,"key":"CatCart"},{"floor":37,"key":"Blue Doll"},{"floor":40,"key":"Smiling Mask"},{"floor":40,"key":"DemoMod:ClearGuonStone"},{"floor":43,"key":"DemoMod:WhiteGuonStone"},{"floor":54,"key":"DemoMod:PoisonVial"},{"floor":54,"key":"infinitespire:PuzzleCube"}],"event_choices":[{"damage_healed":0,"gold_gain":0,"player_choice":"Grow","damage_taken":0,"max_hp_gain":0,"max_hp_loss":0,"event_name":"Living Wall","floor":5,"gold_loss":0,"cards_upgraded":["MokouMod:SearingShot"]},{"damage_healed":0,"gold_gain":0,"player_choice":"RENOUNCE","damage_taken":135,"max_hp_gain":0,"max_hp_loss":0,"event_name":"betterThird:BetterSerpent","floor":8,"gold_loss":135,"cards_obtained":["Enlightenment"]},{"damage_healed":22,"gold_gain":0,"player_choice":"Healed","damage_taken":0,"max_hp_gain":0,"max_hp_loss":0,"event_name":"The Cleric","floor":13,"gold_loss":35},{"damage_healed":0,"gold_gain":0,"player_choice":"Serpent","damage_taken":0,"max_hp_gain":0,"max_hp_loss":0,"event_name":"BanditSerpent","floor":21,"gold_loss":0},{"damage_healed":0,"gold_gain":0,"player_choice":"Serpent","damage_taken":0,"max_hp_gain":0,"max_hp_loss":0,"event_name":"BanditSerpent","floor":21,"gold_loss":0},{"damage_healed":0,"gold_gain":0,"player_choice":"Ignored","damage_taken":0,"max_hp_gain":0,"max_hp_loss":0,"event_name":"N\u0027loth","floor":27,"gold_loss":0},{"damage_healed":0,"gold_gain":0,"player_choice":"Fight","damage_taken":0,"max_hp_gain":0,"max_hp_loss":0,"event_name":"OrinTheCat","floor":36,"gold_loss":0},{"damage_healed":0,"gold_gain":300,"player_choice":"Gold","damage_taken":0,"max_hp_gain":0,"max_hp_loss":0,"event_name":"Wheel of Change","floor":39,"gold_loss":0}],"is_beta":false,"boss_relics":[{"not_picked":["Replay:Ancient Bell","Painkiller Herb"],"picked":"Black Star"},{"not_picked":["Abe\u0027s Treasure","Runic Dome"],"picked":"aspiration:DefectSkillbook"}],"items_purged_floors":[45,53],"is_endless":false,"potions_floor_spawned":[3,4,6,11,14,16,18,22,28,31,36,38,48],"ascension_level":1}}