{"host":"kq2g769nefmuyn7c","time":1611057237,"event":{"mods":["ATMod(°¢èªMod)","Act Like it!","BaseMod","Gensokyo","Koishi","Minty Spire (QoL Compilation)","Remilia£¨ÀÙÃ×ÀòÑÇ£©","Replay The Spire","StSLib","The Servant 0.9.4"],"gold_per_floor":[117,117,174,99,117,117,137,137,137,164,184,184,212,229,229,307,307,323,323,27,42,60,87,87,100,100,100,131,131,99,134,134,206,206,224,235,235,253,263,289,302,319,319,351,371,371,371,405,405,405,405,405,0,31,31],"floor_reached":56,"language":"ZHS","playtime":3575,"items_purged":["Strike_RM","Writhe","Injury"],"score":2248,"play_id":"effdb8bc-874f-4e58-8979-94d3136b4f52","local_time":"20210119195357","is_ascension_mode":true,"campfire_choices":[{"data":"AT_ShrugMaster","floor":6.0,"key":"SMITH"},{"data":"RedMoon","floor":8.0,"key":"SMITH"},{"data":"ScarletShoot","floor":15.0,"key":"SMITH"},{"data":"VampirishNight","floor":24.0,"key":"SMITH"},{"data":"ScarletDream","floor":29.0,"key":"SMITH"},{"data":"BloodRain","floor":32.0,"key":"SMITH"},{"floor":46,"key":"RECALL"},{"floor":49,"key":"DIG"},{"data":"DemonKingCradle","floor":52,"key":"SMITH"}],"circlet_count":0,"master_deck":["AscendersBane","Strike_RM","Strike_RM","Defend_RM","Defend_RM","Defend_RM","RedMoon+1","ScarletShoot+1","AT_ShrugMaster+1","RedNightlessCastle","DiffusionOfMisfortune","VampireFantasy","ScarletDevil+1","Stigmanizer+1","VampireSweep","ScarletMeister+1","BloodHunter+1","Luminosity+1","FitfulNightmare+1","DiffusionOfMisfortune+1","BombardNight+1","EmergencyRegeneration+1","VampireKiss","ChainGang+1","VampirishNight+1","ScarletGensokyo+1","BloodRain+1","ScarletDream+1","GlobalNightmare","AfternoonTea","DemonKingCradle+1","TwelveNightmare+1","ScarletSymphony","ForecastOfChange","DevilSight+1","SuperhumanBloodyKnife+1"],"relics":["ScarletHat","AT_ATBox","Gensokyo:YoukaiFlower","Replay:Ringing Soul","Sundial","Juzu Bracelet","Replay:Kaleidoscope","SlaversCollar","Orrery","Guide Book","Dream Catcher","AT_ImmortalShieldbow","AT_ForceNature","ReplayTheSpireMod:CursedCoin","Matryoshka","Tiny Chest","Painkiller Herb","Gensokyo:TheCrow","Smiling Mask","Replay:Accelerometer","ReplayFunnel","White Beast Statue","Mercury Hourglass","Chemical X","Oddly Smooth Stone","AntiCross"],"acts_visited":["Gensokyo:Gensokyo","Gensokyo:Gensokyoer","Gensokyo:Gensokyoest","TheEnding"],"potions_floor_usage":[55],"damage_taken":[{"damage":0.0,"enemies":"Gensokyo:2_Kodama","floor":1.0,"turns":5.0},{"damage":0.0,"enemies":"Gensokyo:Gryphon","floor":5.0,"turns":6.0},{"damage":2.0,"enemies":"Gensokyo:3_Fairies","floor":7.0,"turns":3.0},{"damage":1.0,"enemies":"Gensokyo:Mamizou","floor":10.0,"turns":9.0},{"damage":0.0,"enemies":"Gensokyo:Python_and_Kodama","floor":11.0,"turns":6.0},{"damage":3.0,"enemies":"Gensokyo:Aya","floor":13.0,"turns":5.0},{"damage":5.0,"enemies":"Gensokyo:Gryphon_and_Rabbit","floor":14.0,"turns":5.0},{"damage":0.0,"enemies":"Gensokyo:Yukari","floor":16.0,"turns":5.0},{"damage":0.0,"enemies":"Gensokyo:CosmicMonolith","floor":18.0,"turns":4.0},{"damage":39.0,"enemies":"Gensokyo:AngelMirror","floor":21.0,"turns":2.0},{"damage":9.0,"enemies":"Gensokyo:Slime_Group","floor":22.0,"turns":2.0},{"damage":7.0,"enemies":"Gensokyo:Koishi","floor":23.0,"turns":6.0},{"damage":0.0,"enemies":"Gensokyo:Wraith","floor":25.0,"turns":4.0},{"damage":80.0,"enemies":"Gensokyo:Tenshi","floor":28.0,"turns":3.0},{"damage":51.0,"enemies":"Gensokyo:Reisen","floor":31.0,"turns":3.0},{"damage":4.0,"enemies":"Gensokyo:Eiki","floor":33.0,"turns":7.0},{"damage":14.0,"enemies":"Gensokyo:3_Bats","floor":35.0,"turns":2.0},{"damage":0.0,"enemies":"Gensokyo:AncientGuardian","floor":36.0,"turns":4.0},{"damage":18,"enemies":"Gensokyo:4_Bats","floor":38,"turns":3},{"damage":22,"enemies":"Gensokyo:Rafflesia","floor":39,"turns":4},{"damage":49,"enemies":"Gensokyo:Marisa","floor":40,"turns":4},{"damage":24,"enemies":"Gensokyo:Sharpion","floor":41,"turns":3},{"damage":28,"enemies":"Gensokyo:Dusk_and_Dawn","floor":42,"turns":4},{"damage":21,"enemies":"Gensokyo:Doremy","floor":44,"turns":3},{"damage":0,"enemies":"Gensokyo:4_Bats","floor":45,"turns":3},{"damage":23,"enemies":"Gensokyo:Kasen","floor":48,"turns":5},{"damage":28,"enemies":"Gensokyo:Shinki","floor":50,"turns":8},{"damage":20,"enemies":"Shield and Spear","floor":54,"turns":3},{"damage":103,"enemies":"The Heart","floor":55,"turns":6}],"seed_played":"712893287671512924","potions_obtained":[{"floor":7.0,"key":"Toxic Potion"},{"floor":11.0,"key":"Dexterity Potion"},{"floor":18.0,"key":"Ancient Potion"},{"floor":25.0,"key":"Milkshake"},{"floor":31.0,"key":"Explosive Potion"},{"floor":41,"key":"Ancient Potion"}],"is_trial":false,"path_per_floor":["M","?","?","$","M","R","M","R","T","E","M","?","E","M","R","B",null,"M","?","COS","M","M","E","R","M","T","?","E","R","$","E","R","B",null,"?","?","?","?","?","E","?","?","T","E","?","T","?","E","T","B",null,"T","T","E","B",null],"character_chosen":"REMILIA","items_purchased":["ReplayTheSpireMod:CursedCoin","GlobalNightmare","Chemical X","Oddly Smooth Stone","SuperhumanBloodyKnife+1"],"campfire_rested":0,"item_purchase_floors":[30,30,53,53,53],"current_hp_per_floor":[63,63,38,38,38,38,39,39,39,41,47,50,48,49,49,64,84,93,96,99,81,78,87,87,98,98,101,76,76,79,76,76,110,123,109,123,123,109,107,84,74,68,68,125,130,130,130,134,134,136,138,138,141,122,142],"gold":31,"neow_bonus":"ONE_RANDOM_RARE_CARD","is_daily":false,"chose_seed":false,"campfire_upgraded":7,"win_rate":0.0,"timestamp":1611057237,"path_taken":["M","?","?","?","?","R","M","R","T","E","M","?","E","M","R","BOSS","M","?","COS","M","M","E","R","M","T","?","E","R","?","E","R","BOSS","?","?","?","?","?","E","?","?","T","E","?","T","?","E","T","BOSS","T","T","E","BOSS"],"items_purchased_type":["Relic","Card","Relic","Relic","Card"],"build_version":"2020-12-22","purchased_purges":3,"victory":true,"max_hp_per_floor":[70,70,73,73,73,73,76,76,76,79,82,85,85,88,88,91,91,94,97,100,103,106,109,109,112,112,115,118,118,121,124,124,127,127,127,127,127,130,133,133,133,133,133,136,139,139,139,139,139,139,139,139,142,142,142],"card_choices":[{"not_picked":["StarOfDavid","FavorOfDestiny","BombardNight"],"picked":"SKIP","floor":1.0},{"not_picked":["BloodHunter","BloodyMagicSquare"],"picked":"RedNightlessCastle","floor":3.0},{"not_picked":["NightDance","EndlessAdversity"],"picked":"DiffusionOfMisfortune","floor":3.0},{"not_picked":["UnstableMagic","BloodHunter","ScarletDevil"],"picked":"SKIP","floor":5.0},{"not_picked":["UnderTheZenith","MastersStateliness"],"picked":"TransientEternity","floor":7.0},{"not_picked":["RedMagic","UnderTheZenith"],"picked":"VampireFantasy","floor":10.0},{"not_picked":["ScarletImprint","FavorOfDestiny"],"picked":"ScarletDevil","floor":11.0},{"not_picked":["RedMagic","UltimateOffering","CharismaGuard"],"picked":"SKIP","floor":13.0},{"not_picked":["ScarletImprint","Maim"],"picked":"VampireSweep","floor":14.0},{"not_picked":["BloodyHallows","ChaoticDestiny"],"picked":"ScarletMeister","floor":16.0},{"not_picked":["UltimateOffering","RedRainbow"],"picked":"BloodHunter+1","floor":18.0},{"not_picked":["VampireClaw","CharismaGuard"],"picked":"FitfulNightmare","floor":20.0},{"not_picked":["EmergencyRegeneration","BlasphemousPunishment"],"picked":"DiffusionOfMisfortune+1","floor":20.0},{"not_picked":["EndlessAdversity","BloodHunter+1"],"picked":"BombardNight+1","floor":20.0},{"not_picked":["ReincarnationDial","ScarletImprint"],"picked":"EmergencyRegeneration+1","floor":20.0},{"not_picked":["DiffusionOfMisfortune","ScarletDevil"],"picked":"VampireKiss","floor":20.0},{"not_picked":["EmergencyRegeneration","EndlessAdversity"],"picked":"ChainGang+1","floor":21.0},{"not_picked":["BombardNight","StarOfDavid"],"picked":"VampirishNight","floor":22.0},{"not_picked":["VampireKiss","DiffusionOfMisfortune"],"picked":"ScarletGensokyo+1","floor":23.0},{"not_picked":["BlasphemousPunishment","ScarletDevil"],"picked":"BloodRain","floor":25.0},{"not_picked":["DiffusionOfMisfortune","Stigmanizer"],"picked":"ScarletDream","floor":28.0},{"not_picked":["BloodyMagicSquare","BlasphemousPunishment"],"picked":"AfternoonTea","floor":31.0},{"not_picked":["ScarletCoffin","BloodRain"],"picked":"DemonKingCradle","floor":33.0},{"not_picked":["CharismaGuard","EndlessAdversity","UnstableMagic"],"picked":"SKIP","floor":35.0},{"not_picked":["ScarletImprint+1","NightDance+1","BloodHunter"],"picked":"SKIP","floor":36.0},{"not_picked":["BadLadyScramble","MastersStateliness"],"picked":"TwelveNightmare+1","floor":38},{"not_picked":["BloodHunter+1","DiffusionOfMisfortune","BloodyMagicSquare"],"picked":"SKIP","floor":38},{"not_picked":["UnstableMagic","EndlessAdversity"],"picked":"ScarletSymphony","floor":39},{"not_picked":["Maim","StarOfDavid","BloodyTrap+1"],"picked":"SKIP","floor":40},{"not_picked":["RedNightlessCastle","Ultimatum","MastersStateliness"],"picked":"SKIP","floor":41},{"not_picked":["VampireClaw","LeisurelyOfLord","BloodyTrap"],"picked":"SKIP","floor":42},{"not_picked":["ScarletNetherworld","ScarletImprint+1"],"picked":"ForecastOfChange","floor":44},{"not_picked":["BlasphemousPunishment","VampireClaw"],"picked":"DevilSight+1","floor":45},{"not_picked":["ScarletDream+1","NightDance","BlasphemousPunishment"],"picked":"SKIP","floor":48},{"not_picked":["ScarletDevil","Septette","ScarletSymphony"],"picked":"SKIP","floor":54}],"player_experience":277353,"relics_obtained":[{"floor":3.0,"key":"Replay:Ringing Soul"},{"floor":9.0,"key":"Sundial"},{"floor":10.0,"key":"Juzu Bracelet"},{"floor":13.0,"key":"Replay:Kaleidoscope"},{"floor":23.0,"key":"Dream Catcher"},{"floor":26.0,"key":"AT_ImmortalShieldbow"},{"floor":28.0,"key":"AT_ForceNature"},{"floor":31.0,"key":"Matryoshka"},{"floor":31.0,"key":"Tiny Chest"},{"floor":40,"key":"Smiling Mask"},{"floor":43,"key":"Replay:Accelerometer"},{"floor":44,"key":"ReplayFunnel"},{"floor":48,"key":"White Beast Statue"},{"floor":49,"key":"Mercury Hourglass"},{"floor":54,"key":"AntiCross"}],"event_choices":[],"is_beta":false,"boss_relics":[{"not_picked":["Tiny House","ReplayTheSpireMod:DimensionalGlitch"],"picked":"SlaversCollar"},{"not_picked":["Replay:Ancient Bell","Busted Crown"],"picked":"Painkiller Herb"}],"items_purged_floors":[4,30,53],"is_endless":false,"potions_floor_spawned":[7,11,16,18,23,25,28,36,41,42,44,48,54],"ascension_level":14}}