{"host":"2t0ddmgeopc3yqug","time":1611033281,"event":{"mods":["AchievementEnabler","BaseMod","BetterRewards","Colored Map","Colored Powertips","Hermit","Marisa£¨Ùöéë¡¡Øª×âÞÞ£©","Minty Spire (QoL Compilation)","Rare Cards Sparkle","Shop Mod","StSLib","SuperFastMode","The Cursed","The Poker Player","everything is the same but u backflip on backflip"],"gold_per_floor":[118,128,28,47,47,47,47,47],"floor_reached":7,"language":"KOR","playtime":349,"items_purged":["Defend_B","Strike_B"],"score":41,"play_id":"609ce91d-98ea-4ed0-829f-85b5b7e4a473","local_time":"20210119141441","is_ascension_mode":false,"campfire_choices":[{"floor":6,"key":"REST"}],"circlet_count":0,"master_deck":["Strike_B","Strike_B","Strike_B","Defend_B","Defend_B","Defend_B","Zap","Dualcast","Defragment","Defragment","Blizzard","Reprogram","Coolheaded","Pain"],"relics":["Cracked Core","Tiny Chest","Girya","WarpedTongs"],"acts_visited":["Exordium"],"potions_floor_usage":[],"damage_taken":[{"damage":6,"enemies":"Cultist","floor":1,"turns":3},{"damage":14,"enemies":"2 Louse","floor":2,"turns":3},{"damage":12,"enemies":"Jaw Worm","floor":4,"turns":3},{"damage":67,"enemies":"Gremlin Nob","floor":7,"turns":5}],"seed_played":"-3692907192683765887","potions_obtained":[{"floor":1,"key":"EssenceOfDarkness"}],"is_trial":false,"path_per_floor":["M","M","$","M","?","R","E"],"character_chosen":"DEFECT","items_purchased":["Defragment","Tiny Chest","Defragment"],"campfire_rested":1,"item_purchase_floors":[0,0,0],"current_hp_per_floor":[45,31,31,19,19,41,0,0],"gold":47,"neow_bonus":"","is_daily":false,"chose_seed":false,"campfire_upgraded":0,"win_rate":0.0,"timestamp":1611033281,"path_taken":["M","M","$","?","?","R","E"],"items_purchased_type":["Card","Relic","Card"],"build_version":"2020-12-22","purchased_purges":2,"victory":false,"max_hp_per_floor":[75,75,75,75,75,75,75,75],"card_choices":[{"not_picked":["Gash","BootSequence"],"picked":"Blizzard","floor":1},{"not_picked":["Hologram","Ball Lightning"],"picked":"Reprogram","floor":2},{"not_picked":["Ball Lightning","Self Repair"],"picked":"Coolheaded","floor":4}],"player_experience":100761,"relics_obtained":[],"event_choices":[{"damage_healed":0,"gold_gain":0,"player_choice":"Rummage","damage_taken":0,"relics_obtained":["WarpedTongs"],"max_hp_gain":0,"max_hp_loss":0,"event_name":"Accursed Blacksmith","floor":5,"gold_loss":0,"cards_obtained":["Pain"]}],"is_beta":false,"boss_relics":[],"items_purged_floors":[0,3],"is_endless":false,"potions_floor_spawned":[1],"killed_by":"Gremlin Nob","ascension_level":0}}