{"host":"April","time":1611034907,"event":{"mods":["BaseMod","Minty Spire (QoL Compilation)"],"gold_per_floor":[218,228,228,240,240,240,272,284,319,366,397,409,436,480,492,605,617,642,654,679,170,190,219,239,3,84,100,100,31,64,84,84,84,84],"floor_reached":33,"language":"ENG","playtime":1943,"items_purged":[],"score":322,"play_id":"e3c83242-fe05-449e-bf08-74d20277ba19","local_time":"20210118214147","is_ascension_mode":true,"campfire_choices":[{"data":"Strike_R","floor":6.0,"key":"SMITH"},{"data":"Rupture","floor":8.0,"key":"SMITH"},{"floor":15.0,"key":"REST"},{"data":"Berserk","floor":28.0,"key":"SMITH"},{"floor":32,"key":"REST"}],"circlet_count":0,"master_deck":["Strike_R+1","Strike_R","Strike_R","Strike_R+1","Strike_R","Defend_R","Defend_R","Defend_R","Defend_R","Bash","Wild Strike+1","Ghostly Armor","Rupture+1","Regret","Cleave","Disarm","Spot Weakness","Perfected Strike","Hemokinesis","Berserk+1","Armaments+1","Bloodletting","Second Wind","Reckless Charge","True Grit+1","Intimidate","Body Slam+1","Evolve","Thunderclap","Metallicize","Limit Break","Rage+1","Infernal Blade"],"relics":["Burning Blood","Bronze Scales","MawBank","Vajra","Blue Candle","Bag of Marbles","SacredBark","GremlinMask","Nunchaku","Happy Flower","Pear","Potion Belt","Bottled Flame","Pen Nib"],"acts_visited":["Exordium","TheCity"],"potions_floor_usage":[30],"damage_taken":[{"damage":13.0,"enemies":"Jaw Worm","floor":1.0,"turns":3.0},{"damage":0.0,"enemies":"Small Slimes","floor":2.0,"turns":3.0},{"damage":1.0,"enemies":"Cultist","floor":4.0,"turns":3.0},{"damage":12.0,"enemies":"3 Sentries","floor":7.0,"turns":7.0},{"damage":25.0,"enemies":"Lagavulin","floor":10.0,"turns":6.0},{"damage":3.0,"enemies":"3 Louse","floor":11.0,"turns":3.0},{"damage":10.0,"enemies":"Red Slaver","floor":13.0,"turns":3.0},{"damage":11.0,"enemies":"Gremlin Nob","floor":14.0,"turns":4.0},{"damage":19.0,"enemies":"Slime Boss","floor":16.0,"turns":9.0},{"damage":27.0,"enemies":"Spheric Guardian","floor":18.0,"turns":4.0},{"damage":2.0,"enemies":"3 Byrds","floor":20.0,"turns":3.0},{"damage":12.0,"enemies":"Snecko","floor":22.0,"turns":4.0},{"damage":27.0,"enemies":"Book of Stabbing","floor":23.0,"turns":4.0},{"damage":33.0,"enemies":"Snake Plant","floor":24.0,"turns":5.0},{"damage":24.0,"enemies":"Shelled Parasite and Fungi","floor":27.0,"turns":5.0},{"damage":21,"enemies":"Slavers","floor":30,"turns":4},{"damage":20,"enemies":"Cultist and Chosen","floor":31,"turns":7},{"damage":17,"enemies":"Champ","floor":33,"turns":3}],"seed_played":"-2557985429630706054","potions_obtained":[{"floor":1.0,"key":"HeartOfIron"},{"floor":2.0,"key":"Weak Potion"},{"floor":7.0,"key":"Block Potion"},{"floor":10.0,"key":"Weak Potion"},{"floor":13.0,"key":"DuplicationPotion"},{"floor":20.0,"key":"EntropicBrew"},{"floor":24.0,"key":"PowerPotion"},{"floor":27.0,"key":"FearPotion"}],"is_trial":false,"path_per_floor":["M","M","?","M","?","R","E","R","T","E","M","?","M","E","R","B",null,"M","?","M","$","M","E","M","$","T","M","R","$","E","M","R","B"],"character_chosen":"IRONCLAD","items_purchased":["Nunchaku","Happy Flower","EntropicBrew","Second Wind","Reckless Charge","Potion Belt","Evolve","Thunderclap","Limit Break"],"campfire_rested":2,"item_purchase_floors":[21,21,21,21,21,25,25,25,29],"current_hp_per_floor":[73,79,63,68,68,68,62,62,62,43,46,46,42,37,61,48,80,59,59,63,63,57,90,63,63,63,45,45,45,30,16,43,26,26],"gold":84,"neow_bonus":"HUNDRED_GOLD","is_daily":false,"chose_seed":false,"campfire_upgraded":3,"win_rate":0.0,"timestamp":1611034907,"path_taken":["M","M","?","M","?","R","E","R","T","E","M","?","?","E","R","BOSS","M","?","?","$","M","E","M","$","T","M","R","$","E","?","R","BOSS"],"items_purchased_type":["Relic","Relic","Potion","Card","Card","Relic","Card","Card","Card"],"build_version":"2020-12-18","purchased_purges":0,"victory":false,"max_hp_per_floor":[80,80,80,80,80,80,80,80,80,80,80,80,80,80,80,80,80,80,80,80,80,80,90,90,90,90,90,90,90,90,90,90,90,90],"card_choices":[{"not_picked":["Intimidate","Seeing Red"],"picked":"Wild Strike","floor":1.0},{"not_picked":["Sword Boomerang","Rage"],"picked":"Ghostly Armor","floor":2.0},{"not_picked":["Clash","Havoc"],"picked":"Rupture","floor":4.0},{"not_picked":["Shrug It Off","Headbutt"],"picked":"Cleave","floor":7.0},{"not_picked":["Flex","Inflame"],"picked":"Disarm","floor":10.0},{"not_picked":["Headbutt","Anger"],"picked":"Spot Weakness","floor":11.0},{"not_picked":["Iron Wave","Flex"],"picked":"Perfected Strike","floor":13.0},{"not_picked":["Perfected Strike","Anger"],"picked":"Hemokinesis","floor":14.0},{"not_picked":["Fiend Fire","Brutality"],"picked":"Berserk","floor":16.0},{"not_picked":["Pommel Strike+1","Rampage"],"picked":"Armaments+1","floor":18.0},{"not_picked":["Sword Boomerang","Wild Strike"],"picked":"Bloodletting","floor":20.0},{"not_picked":["Headbutt","Perfected Strike"],"picked":"True Grit+1","floor":22.0},{"not_picked":["Reckless Charge","Ghostly Armor+1"],"picked":"Intimidate","floor":23.0},{"not_picked":["Battle Trance","Clash+1"],"picked":"Body Slam+1","floor":24.0},{"not_picked":["Flex","Headbutt"],"picked":"Metallicize","floor":27.0},{"not_picked":["Anger+1","Headbutt"],"picked":"Rage+1","floor":30},{"not_picked":["Perfected Strike","Warcry"],"picked":"Infernal Blade","floor":31}],"player_experience":2581727,"relics_obtained":[{"floor":7.0,"key":"MawBank"},{"floor":9.0,"key":"Vajra"},{"floor":10.0,"key":"Blue Candle"},{"floor":14.0,"key":"Bag of Marbles"},{"floor":23.0,"key":"Pear"},{"floor":26.0,"key":"Bottled Flame"},{"floor":30,"key":"Pen Nib"}],"event_choices":[{"damage_healed":0.0,"max_hp_gain":0.0,"max_hp_loss":0.0,"gold_gain":0.0,"event_name":"Shining Light","player_choice":"Entered Light","floor":3.0,"gold_loss":0.0,"damage_taken":16.0,"cards_upgraded":["Strike_R","Wild Strike"]},{"damage_healed":0.0,"max_hp_gain":0.0,"max_hp_loss":0.0,"gold_gain":0.0,"event_name":"Big Fish","player_choice":"Box","floor":5.0,"gold_loss":0.0,"damage_taken":0.0,"relics_obtained":["Bronze Scales"],"cards_obtained":["Regret"]},{"damage_healed":0.0,"max_hp_gain":0.0,"max_hp_loss":0.0,"gold_gain":0.0,"event_name":"NoteForYourself","player_choice":"Ignored","floor":12.0,"gold_loss":0.0,"damage_taken":0.0},{"damage_healed":0.0,"max_hp_gain":0.0,"max_hp_loss":0.0,"gold_gain":0.0,"event_name":"FaceTrader","player_choice":"Trade","floor":19.0,"gold_loss":0.0,"damage_taken":0.0,"relics_obtained":["GremlinMask"]}],"is_beta":true,"boss_relics":[{"not_picked":["Empty Cage","Runic Pyramid"],"picked":"SacredBark"}],"items_purged_floors":[],"is_endless":false,"potions_floor_spawned":[1,2,7,10,13,20,24,27],"killed_by":"Champ","ascension_level":1}}