{"host":"tjq6rykv202u6iqx","time":1611089834,"event":{"mods":["AchievementEnabler","BaseMod","Minty Spire (QoL Compilation)","Rare Cards Sparkle","Relic Stats"],"gold_per_floor":[13,13,27,27,27,62,125,125,152,178,188,204,204,222,222,300,300,332,344,398,325,13,45,56,85,85,115,148,198,233,244,244,244,244],"floor_reached":33,"language":"ENG","playtime":2379,"items_purged":["Strike_P"],"score":766,"play_id":"55af57c5-1125-4b6a-8e5e-4260c8935e41","local_time":"20210119145714","is_ascension_mode":true,"campfire_choices":[{"data":"Eruption","floor":8.0,"key":"SMITH"},{"data":"FollowUp","floor":13.0,"key":"SMITH"},{"data":"Meditate","floor":15.0,"key":"SMITH"},{"data":"Halt","floor":32.0,"key":"SMITH"}],"circlet_count":0,"master_deck":["AscendersBane","Strike_P","Strike_P","Strike_P","Defend_P","Defend_P","Defend_P","Eruption+1","Vigilance+1","FollowUp+1","WreathOfFlame","Conclude+1","Indignation","Meditate+1","Halt+1","ClearTheMind","Wish","CurseOfTheBell","Tantrum+1","LikeWater+1","WheelKick","FearNoEvil+1","WheelKick+1","TalkToTheHand+1","FlurryOfBlows+1"],"relics":["PureWater","Torii","Eternal Feather","Bag of Preparation","Strawberry","Calling Bell","MawBank","Frozen Egg 2","Unceasing Top","InkBottle","Membership Card","Bottled Flame","Molten Egg 2","Shuriken","Red Mask","Darkstone Periapt","White Beast Statue"],"acts_visited":["Exordium","TheCity"],"potions_floor_usage":[33],"damage_taken":[{"damage":13.0,"enemies":"Cultist","floor":1.0,"turns":5.0},{"damage":2.0,"enemies":"Small Slimes","floor":3.0,"turns":4.0},{"damage":8.0,"enemies":"Gremlin Nob","floor":6.0,"turns":3.0},{"damage":0.0,"enemies":"Lagavulin","floor":10.0,"turns":3.0},{"damage":0.0,"enemies":"Jaw Worm","floor":11.0,"turns":2.0},{"damage":0.0,"enemies":"3 Louse","floor":12.0,"turns":1.0},{"damage":6.0,"enemies":"Looter","floor":14.0,"turns":2.0},{"damage":28.0,"enemies":"Hexaghost","floor":16.0,"turns":5.0},{"damage":25.0,"enemies":"Shell Parasite","floor":18.0,"turns":9.0},{"damage":0.0,"enemies":"Chosen","floor":20.0,"turns":3.0},{"damage":0.0,"enemies":"Gremlin Leader","floor":23.0,"turns":3.0},{"damage":7.0,"enemies":"Shelled Parasite and Fungi","floor":24.0,"turns":3.0},{"damage":14.0,"enemies":"Slavers","floor":25.0,"turns":3.0},{"damage":0.0,"enemies":"Masked Bandits","floor":27.0,"turns":1.0},{"damage":3.0,"enemies":"Gremlin Leader","floor":28.0,"turns":3.0},{"damage":2.0,"enemies":"Book of Stabbing","floor":30.0,"turns":5.0},{"damage":1.0,"enemies":"Centurion and Healer","floor":31.0,"turns":3.0},{"damage":27,"enemies":"Collector","floor":33,"turns":3}],"seed_played":"-6255659298070987700","potions_obtained":[{"floor":3.0,"key":"SpeedPotion"},{"floor":11.0,"key":"Strength Potion"},{"floor":18.0,"key":"SkillPotion"},{"floor":24.0,"key":"LiquidMemories"},{"floor":31.0,"key":"AttackPotion"}],"is_trial":false,"path_per_floor":["M","?","M","?","?","E","?","R","T","E","M","M","R","M","R","B",null,"M","?","M","?","$","E","M","E","T","?","E","?","E","M","R","B"],"character_chosen":"WATCHER","items_purchased":["Membership Card","LikeWater+1","WheelKick","AttackPotion"],"campfire_rested":0,"item_purchase_floors":[22,22,22,22],"current_hp_per_floor":[48,48,46,26,26,18,18,24,24,31,31,31,40,34,43,15,60,35,35,35,35,35,35,28,14,14,14,11,11,9,8,23,0,0],"gold":244,"neow_bonus":"ONE_RARE_RELIC","is_daily":false,"chose_seed":false,"campfire_upgraded":4,"win_rate":0.0,"timestamp":1611089834,"path_taken":["M","?","M","?","?","E","?","R","T","E","M","M","R","M","R","BOSS","M","?","M","?","$","E","M","E","T","?","E","?","E","M","R","BOSS"],"items_purchased_type":["Relic","Card","Card","Potion"],"build_version":"2020-12-22","purchased_purges":1,"victory":false,"max_hp_per_floor":[68,68,68,68,68,68,68,68,68,75,75,75,75,75,75,75,75,75,75,75,75,75,75,75,75,75,75,75,75,75,75,75,75,75],"relic_stats":{"Darkstone Periapt":0,"Torii":54,"counters":[18,61],"Shuriken":[8],"Eternal Feather":39,"Bag of Preparation":[30],"MawBank":60,"obtain_stats":[{"Darkstone Periapt":28,"Torii":0,"Eternal Feather":6,"Bag of Preparation":9,"Frozen Egg 2":17,"MawBank":17,"White Beast Statue":30,"Calling Bell":17,"Bottled Flame":23,"Shuriken":26,"Strawberry":10,"Molten Egg 2":25,"Red Mask":27,"Membership Card":22,"PureWater":0,"Unceasing Top":17,"InkBottle":21},{"Darkstone Periapt":15,"Torii":0,"Eternal Feather":3,"Bag of Preparation":3,"Frozen Egg 2":8,"MawBank":8,"White Beast Statue":16,"Calling Bell":8,"Bottled Flame":11,"Shuriken":13,"Strawberry":4,"Molten Egg 2":13,"Red Mask":14,"Membership Card":10,"PureWater":0,"Unceasing Top":8,"InkBottle":10},{"Darkstone Periapt":50,"Torii":0,"Eternal Feather":12,"Bag of Preparation":12,"Frozen Egg 2":25,"MawBank":25,"White Beast Statue":55,"Calling Bell":25,"Bottled Flame":40,"Shuriken":46,"Strawberry":15,"Molten Egg 2":46,"Red Mask":47,"Membership Card":37,"PureWater":0,"Unceasing Top":25,"InkBottle":37}],"Unceasing Top":[0],"InkBottle":[10]},"card_choices":[{"not_picked":["SashWhip","WreathOfFlame"],"picked":"FollowUp","floor":1.0},{"not_picked":["CutThroughFate","Prostrate"],"picked":"Conclude","floor":3.0},{"not_picked":["Study","Halt"],"picked":"Indignation","floor":6.0},{"not_picked":["Evaluate","JustLucky"],"picked":"Meditate","floor":10.0},{"not_picked":["Prostrate","EmptyBody"],"picked":"Halt","floor":11.0},{"not_picked":["Judgement","Halt"],"picked":"ClearTheMind","floor":12.0},{"not_picked":["SignatureMove","CrushJoints","Protect"],"picked":"SKIP","floor":14.0},{"not_picked":["MasterReality","Vault"],"picked":"Wish","floor":16.0},{"not_picked":["Weave","ClearTheMind+1"],"picked":"Tantrum+1","floor":18.0},{"not_picked":["SashWhip","Prostrate+1","WreathOfFlame"],"picked":"SKIP","floor":20.0},{"not_picked":["Pray","Evaluate","PathToVictory+1"],"picked":"SKIP","floor":23.0},{"not_picked":["Protect","DeceiveReality","FlyingSleeves"],"picked":"SKIP","floor":24.0},{"not_picked":["LikeWater+1","Wireheading+1"],"picked":"FearNoEvil+1","floor":25.0},{"not_picked":["Crescendo","CarveReality+1"],"picked":"WheelKick+1","floor":27.0},{"not_picked":["Protect","Prostrate"],"picked":"TalkToTheHand+1","floor":28.0},{"not_picked":["ClearTheMind","DeceiveReality","FlyingSleeves+1"],"picked":"SKIP","floor":30.0},{"not_picked":["Evaluate","Swivel+1"],"picked":"FlurryOfBlows+1","floor":31.0}],"player_experience":839164,"relics_obtained":[{"floor":6.0,"key":"Eternal Feather"},{"floor":9.0,"key":"Bag of Preparation"},{"floor":10.0,"key":"Strawberry"},{"floor":17.0,"key":"MawBank"},{"floor":17.0,"key":"Frozen Egg 2"},{"floor":17.0,"key":"Unceasing Top"},{"floor":23.0,"key":"Bottled Flame"},{"floor":25.0,"key":"Molten Egg 2"},{"floor":26.0,"key":"Shuriken"},{"floor":27.0,"key":"Red Mask"},{"floor":28.0,"key":"Darkstone Periapt"},{"floor":30.0,"key":"White Beast Statue"}],"event_choices":[{"damage_healed":0.0,"max_hp_gain":0.0,"max_hp_loss":0.0,"gold_gain":0.0,"cards_transformed":["Defend_P"],"event_name":"Living Wall","player_choice":"Change","floor":2.0,"gold_loss":0.0,"damage_taken":0.0,"cards_obtained":["WreathOfFlame"]},{"damage_healed":0.0,"max_hp_gain":0.0,"max_hp_loss":0.0,"gold_gain":0.0,"event_name":"Shining Light","player_choice":"Entered Light","floor":4.0,"gold_loss":0.0,"damage_taken":20.0,"cards_upgraded":["Vigilance","Conclude"]},{"damage_healed":0.0,"max_hp_gain":0.0,"max_hp_loss":0.0,"gold_gain":0.0,"event_name":"Liars Game","player_choice":"Ignored","floor":5.0,"gold_loss":0.0,"damage_taken":0.0},{"damage_healed":0.0,"max_hp_gain":0.0,"max_hp_loss":0.0,"gold_gain":63.0,"event_name":"Golden Wing","player_choice":"Gained Gold","floor":7.0,"gold_loss":0.0,"damage_taken":0.0},{"damage_healed":0.0,"max_hp_gain":0.0,"max_hp_loss":0.0,"gold_gain":0.0,"event_name":"Ghosts","player_choice":"Ignored","floor":19.0,"gold_loss":0.0,"damage_taken":0.0},{"damage_healed":0.0,"max_hp_gain":0.0,"max_hp_loss":0.0,"gold_gain":0.0,"event_name":"Addict","player_choice":"Obtained Relic","floor":21.0,"gold_loss":85.0,"damage_taken":0.0,"relics_obtained":["InkBottle"]},{"damage_healed":0.0,"max_hp_gain":0.0,"max_hp_loss":0.0,"gold_gain":0.0,"event_name":"Masked Bandits","player_choice":"Fought Bandits","floor":27.0,"gold_loss":0.0,"damage_taken":0.0},{"damage_healed":0.0,"max_hp_gain":0.0,"max_hp_loss":0.0,"gold_gain":50.0,"event_name":"Nest","player_choice":"Stole From Cult","floor":29.0,"gold_loss":0.0,"damage_taken":0.0}],"is_beta":false,"boss_relics":[{"not_picked":["SacredBark","Philosopher\u0027s Stone"],"picked":"Calling Bell"}],"items_purged_floors":[22],"is_endless":false,"potions_floor_spawned":[3,11,18,23,24,31],"killed_by":"Collector","ascension_level":20}}