{"host":"ln76an1o32p2wxtf","time":1611068437,"event":{"mods":["AchievementEnabler","Act Like it!","BaseMod","BetterRewards","Colored Powertips","Energized Spire","GifTheSpireLib","Infinite Spire","Minty Spire (QoL Compilation)","Shop Mod","StSLib"],"gold_per_floor":[110,185,201,201,26,53,53,88,88,107,118,153,171,46,46,46,46],"floor_reached":16,"language":"ENG","playtime":954,"items_purged":["Strike_R","Strike_R","Defend_R"],"score":179,"play_id":"7a7194e2-7d2c-4980-953a-97090328fd80","local_time":"20210119230037","is_ascension_mode":true,"campfire_choices":[{"floor":7,"key":"REST"},{"floor":15,"key":"REST"}],"circlet_count":0,"master_deck":["Strike_R","Strike_R","Strike_R","Defend_R","Defend_R","Defend_R","Bash","Rampage","Spot Weakness","Sentinel","infinitespire:UltimateForm","Dark Embrace","Pummel","Impervious","Havoc","Feel No Pain","Metallicize"],"relics":["Burning Blood","Du-Vu Doll","Bag of Preparation","Juzu Bracelet"],"acts_visited":["Exordium"],"potions_floor_usage":[8,12,13,16],"damage_taken":[{"damage":6,"enemies":"Jaw Worm","floor":1,"turns":3},{"damage":7,"enemies":"2 Louse","floor":3,"turns":3},{"damage":35,"enemies":"3 Sentries","floor":6,"turns":10},{"damage":32,"enemies":"Lagavulin","floor":8,"turns":10},{"damage":1,"enemies":"Cultist","floor":10,"turns":4},{"damage":0,"enemies":"Looter","floor":11,"turns":3},{"damage":24,"enemies":"3 Sentries","floor":12,"turns":8},{"damage":12,"enemies":"Large Slime","floor":13,"turns":5},{"damage":35,"enemies":"The Guardian","floor":16,"turns":4}],"seed_played":"-3039547983164491786","potions_obtained":[{"floor":3,"key":"DistilledChaos"},{"floor":8,"key":"BloodPotion"},{"floor":12,"key":"PowerPotion"},{"floor":13,"key":"ColorlessPotion"}],"is_trial":false,"path_per_floor":["M","?","M","?","$","E","R","E","T","M","M","E","M","$","R","B"],"character_chosen":"IRONCLAD","items_purchased":["Rampage","Spot Weakness","Dark Embrace"],"campfire_rested":2,"item_purchase_floors":[0,0,5],"current_hp_per_floor":[71,60,59,39,39,10,34,8,8,13,19,17,11,11,35,0,0],"gold":46,"neow_bonus":"","is_daily":false,"chose_seed":false,"campfire_upgraded":0,"win_rate":0.0,"timestamp":1611068437,"path_taken":["M","?","M","?","$","E","R","E","T","M","M","E","M","$","R","BOSS"],"items_purchased_type":["Card","Card","Card"],"build_version":"2020-12-22","purchased_purges":3,"victory":false,"max_hp_per_floor":[80,80,80,80,80,80,80,80,80,80,80,80,80,80,80,80,80],"card_choices":[{"not_picked":["Iron Wave","Pummel","Warcry"],"picked":"SKIP","floor":1},{"not_picked":["Sever Soul","Sword Boomerang"],"picked":"Sentinel","floor":3},{"not_picked":["infinitespire:Menacing","infinitespire:Execution"],"picked":"infinitespire:UltimateForm","floor":4},{"not_picked":["Sentinel","Inflame"],"picked":"Pummel","floor":6},{"not_picked":["Thunderclap","Cleave"],"picked":"Impervious","floor":8},{"not_picked":["Perfected Strike","Clothesline"],"picked":"Havoc","floor":10},{"not_picked":["Clash","Twin Strike","Dropkick"],"picked":"SKIP","floor":11},{"not_picked":["Clash","Twin Strike","Dropkick"],"picked":"SKIP","floor":11},{"not_picked":["Armaments","Disarm"],"picked":"Feel No Pain","floor":12},{"not_picked":["Cleave","Rupture"],"picked":"Metallicize","floor":13}],"player_experience":742952,"relics_obtained":[{"floor":6,"key":"Du-Vu Doll"},{"floor":8,"key":"Bag of Preparation"},{"floor":12,"key":"Juzu Bracelet"}],"event_choices":[{"damage_healed":0,"gold_gain":75,"player_choice":"Gather Gold","damage_taken":11,"max_hp_gain":0,"max_hp_loss":0,"event_name":"World of Goop","floor":2,"gold_loss":0}],"is_beta":false,"boss_relics":[],"items_purged_floors":[0,5,14],"is_endless":false,"potions_floor_spawned":[3,8,12,13],"killed_by":"The Guardian","ascension_level":1}}