{"host":"iqdqkp1kaek7cj65","time":1611087966,"event":{"mods":["Act Like it!","BaseMod","Better Third Choice","BetterRewards","Challenge The Spire","Colored Powertips","Curses Come First","Fox Events","Gensokyo","Infinite Spire","KomeijiMod","Marisa????????","Minty Spire (QoL Compilation)","Permanent Neow","Quick Restart","Random Character Button","Remilia??????","Replay The Spire","StSLib","The Alterego","The Animator","The Bug Knight","The Death Knight","The Disciple","The Hayseed","The Marked","The Servant 0.9.4","TheBandit"],"gold_per_floor":[173,207,207,207,207,232,248,267,335,335,335],"floor_reached":10,"language":"ENG","playtime":1154,"items_purged":[],"score":76,"play_id":"7aabf5c0-8ec9-499b-a299-a0cd7b343928","local_time":"20210119152606","is_ascension_mode":false,"campfire_choices":[],"circlet_count":0,"master_deck":["Strike_Remiria","Strike_Remiria","Strike_Remiria","Strike_Remiria","Defend_Remirira","Defend_Remirira","Defend_Remirira","Defend_Remirira","Absorbed","Scratch","ThePrice","BloodCleaner","Injury","StarOfDavid","ServantFlier","Culling"],"relics":["ThirstyCrossSpe","FossilizedHelix","Girya","Oddly Smooth Stone","Ring of Misfortune","infinitespire:Lucky Rock","infinitespire:Satchel","Replay:Ringing Soul"],"acts_visited":["Gensokyo:Gensokyo"],"potions_floor_usage":[],"damage_taken":[{"damage":0,"enemies":"Gensokyo:Python","floor":1,"turns":4},{"damage":20,"enemies":"Gensokyo:Cirno","floor":2,"turns":9},{"damage":3,"enemies":"Gensokyo:Aya","floor":6,"turns":5},{"damage":0,"enemies":"Gensokyo:3_Fairies","floor":7,"turns":5},{"damage":0,"enemies":"Gensokyo:Gryphon","floor":8,"turns":4},{"damage":0,"enemies":"Gensokyo:Mamizou","floor":10,"turns":7}],"seed_played":"6803404012651870677","potions_obtained":[{"floor":2,"key":"Weak Potion"},{"floor":7,"key":"SpeedPotion"}],"is_trial":false,"path_per_floor":["M","?","?","?","?","E","M","M","T","E"],"character_chosen":"RemiriaScarlet","items_purchased":[],"campfire_rested":0,"item_purchase_floors":[],"current_hp_per_floor":[90,70,52,52,52,49,49,49,49,49,49],"gold":335,"neow_bonus":"ONE_RARE_RELIC","is_daily":false,"chose_seed":false,"campfire_upgraded":0,"win_rate":0.0,"timestamp":1611087966,"path_taken":["M","?","?","?","?","E","M","M","T","E"],"items_purchased_type":[],"build_version":"2020-12-22","purchased_purges":0,"victory":false,"max_hp_per_floor":[90,90,90,90,90,90,90,90,90,90,90],"card_choices":[{"not_picked":["Culling","Feint"],"picked":"ThePrice","floor":1},{"not_picked":["FastHealing","BloodySuit"],"picked":"BloodCleaner","floor":2},{"not_picked":["Warpath","NaturallyHealing"],"picked":"StarOfDavid","floor":6},{"not_picked":["FastHealing","Cripple"],"picked":"ServantFlier","floor":7},{"not_picked":["ServantFlier","BloodPact"],"picked":"Culling","floor":8}],"player_experience":163797,"relics_obtained":[{"floor":2,"key":"Girya"},{"floor":4,"key":"Ring of Misfortune"},{"floor":6,"key":"infinitespire:Satchel"},{"floor":9,"key":"Replay:Ringing Soul"}],"event_choices":[],"is_beta":false,"boss_relics":[],"items_purged_floors":[],"is_endless":false,"potions_floor_spawned":[2,7],"killed_by":"Gensokyo:Mamizou","ascension_level":0}}